Winamax Poker - Tournament "Expresso Nitro" buyIn: 0.46€ + 0.04€ level: 1 - HandId: #4668578310576406529-1-1774798760 - Holdem no limit (10/20) - 2026/03/29 15:39:20 UTC
Table: 'Expresso Nitro(1086988093)#0' 3-max (real money) Seat #1 is the button
Seat 1: Samponi (300)
Seat 2: popomat14 (300)
Seat 3: Gonzzalo.r (300)
*** ANTE/BLINDS ***
popomat14 posts small blind 10
Gonzzalo.r posts big blind 20
Dealt to Samponi [8h 7h]
*** PRE-FLOP *** 
Samponi raises 20 to 40
popomat14 folds
Gonzzalo.r raises 60 to 100
Samponi folds
Gonzzalo.r collected 150 from pot
*** SUMMARY ***
Total pot 150 | No rake
Seat 3: Gonzzalo.r (big blind) won 150


Winamax Poker - Tournament "Expresso Nitro" buyIn: 0.46€ + 0.04€ level: 1 - HandId: #4668578310576406529-2-1774798772 - Holdem no limit (10/20) - 2026/03/29 15:39:32 UTC
Table: 'Expresso Nitro(1086988093)#0' 3-max (real money) Seat #2 is the button
Seat 1: Samponi (260)
Seat 2: popomat14 (290)
Seat 3: Gonzzalo.r (350)
*** ANTE/BLINDS ***
Gonzzalo.r posts small blind 10
Samponi posts big blind 20
Dealt to Samponi [6h 2c]
*** PRE-FLOP *** 
popomat14 folds
Gonzzalo.r calls 10
Samponi checks
*** FLOP *** [Kd 9h 4h]
Gonzzalo.r checks
Samponi checks
*** TURN *** [Kd 9h 4h][5s]
Gonzzalo.r bets 20
Samponi folds
Gonzzalo.r collected 60 from pot
*** SUMMARY ***
Total pot 60 | No rake
Board: [Kd 9h 4h 5s]
Seat 3: Gonzzalo.r (small blind) won 60


Winamax Poker - Tournament "Expresso Nitro" buyIn: 0.46€ + 0.04€ level: 1 - HandId: #4668578310576406529-3-1774798785 - Holdem no limit (10/20) - 2026/03/29 15:39:45 UTC
Table: 'Expresso Nitro(1086988093)#0' 3-max (real money) Seat #3 is the button
Seat 1: Samponi (240)
Seat 2: popomat14 (290)
Seat 3: Gonzzalo.r (370)
*** ANTE/BLINDS ***
Samponi posts small blind 10
popomat14 posts big blind 20
Dealt to Samponi [7s Ad]
*** PRE-FLOP *** 
Gonzzalo.r calls 20
Samponi raises 20 to 40
popomat14 folds
Gonzzalo.r calls 20
*** FLOP *** [Ac 3s Ts]
Samponi checks
Gonzzalo.r checks
*** TURN *** [Ac 3s Ts][Jc]
Samponi checks
Gonzzalo.r checks
*** RIVER *** [Ac 3s Ts Jc][5s]
Samponi bets 50
Gonzzalo.r folds
Samponi collected 150 from pot
*** SUMMARY ***
Total pot 150 | No rake
Board: [Ac 3s Ts Jc 5s]
Seat 1: Samponi (small blind) won 150


Winamax Poker - Tournament "Expresso Nitro" buyIn: 0.46€ + 0.04€ level: 1 - HandId: #4668578310576406529-4-1774798817 - Holdem no limit (10/20) - 2026/03/29 15:40:17 UTC
Table: 'Expresso Nitro(1086988093)#0' 3-max (real money) Seat #1 is the button
Seat 1: Samponi (300)
Seat 2: popomat14 (270)
Seat 3: Gonzzalo.r (330)
*** ANTE/BLINDS ***
popomat14 posts small blind 10
Gonzzalo.r posts big blind 20
Dealt to Samponi [Js 8h]
*** PRE-FLOP *** 
Samponi folds
popomat14 folds
Gonzzalo.r collected 30 from pot
*** SUMMARY ***
Total pot 30 | No rake
Seat 3: Gonzzalo.r (big blind) won 30


Winamax Poker - Tournament "Expresso Nitro" buyIn: 0.46€ + 0.04€ level: 2 - HandId: #4668578310576406529-5-1774798824 - Holdem no limit (15/30) - 2026/03/29 15:40:24 UTC
Table: 'Expresso Nitro(1086988093)#0' 3-max (real money) Seat #2 is the button
Seat 1: Samponi (300)
Seat 2: popomat14 (260)
Seat 3: Gonzzalo.r (340)
*** ANTE/BLINDS ***
Gonzzalo.r posts small blind 15
Samponi posts big blind 30
Dealt to Samponi [Ks 2c]
*** PRE-FLOP *** 
popomat14 calls 30
Gonzzalo.r calls 15
Samponi checks
*** FLOP *** [Kh 6c 2s]
Gonzzalo.r checks
Samponi checks
popomat14 checks
*** TURN *** [Kh 6c 2s][3s]
Gonzzalo.r checks
Samponi bets 30
popomat14 folds
Gonzzalo.r folds
Samponi collected 120 from pot
*** SUMMARY ***
Total pot 120 | No rake
Board: [Kh 6c 2s 3s]
Seat 1: Samponi (big blind) won 120


Winamax Poker - Tournament "Expresso Nitro" buyIn: 0.46€ + 0.04€ level: 2 - HandId: #4668578310576406529-6-1774798854 - Holdem no limit (15/30) - 2026/03/29 15:40:54 UTC
Table: 'Expresso Nitro(1086988093)#0' 3-max (real money) Seat #3 is the button
Seat 1: Samponi (360)
Seat 2: popomat14 (230)
Seat 3: Gonzzalo.r (310)
*** ANTE/BLINDS ***
Samponi posts small blind 15
popomat14 posts big blind 30
Dealt to Samponi [Ac 9h]
*** PRE-FLOP *** 
Gonzzalo.r calls 30
Samponi raises 330 to 360 and is all-in
popomat14 folds
Gonzzalo.r folds
Samponi collected 420 from pot
*** SUMMARY ***
Total pot 420 | No rake
Seat 1: Samponi (small blind) won 420


Winamax Poker - Tournament "Expresso Nitro" buyIn: 0.46€ + 0.04€ level: 2 - HandId: #4668578310576406529-7-1774798870 - Holdem no limit (15/30) - 2026/03/29 15:41:10 UTC
Table: 'Expresso Nitro(1086988093)#0' 3-max (real money) Seat #1 is the button
Seat 1: Samponi (420)
Seat 2: popomat14 (200)
Seat 3: Gonzzalo.r (280)
*** ANTE/BLINDS ***
popomat14 posts small blind 15
Gonzzalo.r posts big blind 30
Dealt to Samponi [Ts 7h]
*** PRE-FLOP *** 
Samponi folds
popomat14 folds
Gonzzalo.r collected 45 from pot
*** SUMMARY ***
Total pot 45 | No rake
Seat 3: Gonzzalo.r (big blind) won 45


Winamax Poker - Tournament "Expresso Nitro" buyIn: 0.46€ + 0.04€ level: 3 - HandId: #4668578310576406529-8-1774798884 - Holdem no limit (20/40) - 2026/03/29 15:41:24 UTC
Table: 'Expresso Nitro(1086988093)#0' 3-max (real money) Seat #2 is the button
Seat 1: Samponi (420)
Seat 2: popomat14 (185)
Seat 3: Gonzzalo.r (295)
*** ANTE/BLINDS ***
Gonzzalo.r posts small blind 20
Samponi posts big blind 40
Dealt to Samponi [Kd Qh]
*** PRE-FLOP *** 
popomat14 folds
Gonzzalo.r calls 20
Samponi raises 40 to 80
Gonzzalo.r folds
Samponi collected 120 from pot
*** SUMMARY ***
Total pot 120 | No rake
Seat 1: Samponi (big blind) won 120


Winamax Poker - Tournament "Expresso Nitro" buyIn: 0.46€ + 0.04€ level: 3 - HandId: #4668578310576406529-9-1774798896 - Holdem no limit (20/40) - 2026/03/29 15:41:36 UTC
Table: 'Expresso Nitro(1086988093)#0' 3-max (real money) Seat #3 is the button
Seat 1: Samponi (460)
Seat 2: popomat14 (185)
Seat 3: Gonzzalo.r (255)
*** ANTE/BLINDS ***
Samponi posts small blind 20
popomat14 posts big blind 40
Dealt to Samponi [7s 2d]
*** PRE-FLOP *** 
Gonzzalo.r calls 40
Samponi folds
popomat14 checks
*** FLOP *** [4d 6s 5s]
popomat14 checks
Gonzzalo.r bets 65
popomat14 raises 80 to 145 and is all-in
Gonzzalo.r raises 70 to 215 and is all-in
*** TURN *** [4d 6s 5s][Td]
*** RIVER *** [4d 6s 5s Td][8d]
*** SHOW DOWN ***
popomat14 shows [6d 4h] (Two pairs : 6 and 4)
Gonzzalo.r shows [Ad 5h] (One pair : 5)
Gonzzalo.r collected 70 from side pot 1
popomat14 collected 390 from main pot
*** SUMMARY ***
Total pot 460 | No rake
Board: [4d 6s 5s Td 8d]
Seat 2: popomat14 (big blind) showed [6d 4h] and won 390 with Two pairs : 6 and 4
Seat 3: Gonzzalo.r (button) showed [Ad 5h] and won 70 with One pair : 5


Winamax Poker - Tournament "Expresso Nitro" buyIn: 0.46€ + 0.04€ level: 3 - HandId: #4668578310576406529-10-1774798919 - Holdem no limit (20/40) - 2026/03/29 15:41:59 UTC
Table: 'Expresso Nitro(1086988093)#0' 3-max (real money) Seat #1 is the button
Seat 1: Samponi (440)
Seat 2: popomat14 (390)
Seat 3: Gonzzalo.r (70)
*** ANTE/BLINDS ***
popomat14 posts small blind 20
Gonzzalo.r posts big blind 40
Dealt to Samponi [2d 9c]
*** PRE-FLOP *** 
Samponi folds
popomat14 raises 350 to 390 and is all-in
Gonzzalo.r calls 30 and is all-in
*** FLOP *** [4c 8d 7s]
*** TURN *** [4c 8d 7s][3s]
*** RIVER *** [4c 8d 7s 3s][9s]
*** SHOW DOWN ***
popomat14 shows [8h As] (One pair : 8)
Gonzzalo.r shows [Tc Js] (Straight Jack high)
Gonzzalo.r collected 140 from main pot
popomat14 collected 320 from side pot 1
*** SUMMARY ***
Total pot 460 | No rake
Board: [4c 8d 7s 3s 9s]
Seat 2: popomat14 (small blind) showed [8h As] and won 320 with One pair : 8
Seat 3: Gonzzalo.r (big blind) showed [Tc Js] and won 140 with Straight Jack high


Winamax Poker - Tournament "Expresso Nitro" buyIn: 0.46€ + 0.04€ level: 3 - HandId: #4668578310576406529-11-1774798932 - Holdem no limit (20/40) - 2026/03/29 15:42:12 UTC
Table: 'Expresso Nitro(1086988093)#0' 3-max (real money) Seat #2 is the button
Seat 1: Samponi (440)
Seat 2: popomat14 (320)
Seat 3: Gonzzalo.r (140)
*** ANTE/BLINDS ***
Gonzzalo.r posts small blind 20
Samponi posts big blind 40
Dealt to Samponi [3c 4s]
*** PRE-FLOP *** 
popomat14 folds
Gonzzalo.r calls 20
Samponi checks
*** FLOP *** [9d Th Ad]
Gonzzalo.r checks
Samponi checks
*** TURN *** [9d Th Ad][Jd]
Gonzzalo.r bets 100 and is all-in
Samponi folds
Gonzzalo.r collected 180 from pot
*** SUMMARY ***
Total pot 180 | No rake
Board: [9d Th Ad Jd]
Seat 3: Gonzzalo.r (small blind) won 180


Winamax Poker - Tournament "Expresso Nitro" buyIn: 0.46€ + 0.04€ level: 4 - HandId: #4668578310576406529-12-1774798955 - Holdem no limit (30/60) - 2026/03/29 15:42:35 UTC
Table: 'Expresso Nitro(1086988093)#0' 3-max (real money) Seat #3 is the button
Seat 1: Samponi (400)
Seat 2: popomat14 (320)
Seat 3: Gonzzalo.r (180)
*** ANTE/BLINDS ***
Samponi posts small blind 30
popomat14 posts big blind 60
Dealt to Samponi [4h Ks]
*** PRE-FLOP *** 
Gonzzalo.r calls 60
Samponi folds
popomat14 raises 260 to 320 and is all-in
Gonzzalo.r calls 120 and is all-in
*** FLOP *** [6s 6c Ac]
*** TURN *** [6s 6c Ac][Th]
*** RIVER *** [6s 6c Ac Th][3d]
*** SHOW DOWN ***
Gonzzalo.r shows [Qs 3s] (Two pairs : 6 and 3)
popomat14 shows [4s Ad] (Two pairs : Aces and 6)
popomat14 collected 530 from pot
*** SUMMARY ***
Total pot 530 | No rake
Board: [6s 6c Ac Th 3d]
Seat 2: popomat14 (big blind) showed [4s Ad] and won 530 with Two pairs : Aces and 6
Seat 3: Gonzzalo.r (button) showed [Qs 3s] and lost with Two pairs : 6 and 3


Winamax Poker - Tournament "Expresso Nitro" buyIn: 0.46€ + 0.04€ level: 4 - HandId: #4668578310576406529-13-1774798971 - Holdem no limit (30/60) - 2026/03/29 15:42:51 UTC
Table: 'Expresso Nitro(1086988093)#0' 3-max (real money) Seat #2 is the button
Seat 1: Samponi (370)
Seat 2: popomat14 (530)
*** ANTE/BLINDS ***
popomat14 posts small blind 30
Samponi posts big blind 60
Dealt to Samponi [Qd Jh]
*** PRE-FLOP *** 
popomat14 raises 470 to 530 and is all-in
Samponi calls 310 and is all-in
*** FLOP *** [Qc 2s 8d]
*** TURN *** [Qc 2s 8d][7c]
*** RIVER *** [Qc 2s 8d 7c][Qs]
*** SHOW DOWN ***
Samponi shows [Qd Jh] (Trips of Queens)
popomat14 shows [4s 4d] (Two pairs : Queens and 4)
popomat14 collected 160 from side pot 1
Samponi collected 740 from main pot
*** SUMMARY ***
Total pot 900 | No rake
Board: [Qc 2s 8d 7c Qs]
Seat 1: Samponi (big blind) showed [Qd Jh] and won 740 with Trips of Queens
Seat 2: popomat14 (small blind) (button) showed [4s 4d] and won 160 with Two pairs : Queens and 4


Winamax Poker - Tournament "Expresso Nitro" buyIn: 0.46€ + 0.04€ level: 4 - HandId: #4668578310576406529-14-1774798983 - Holdem no limit (30/60) - 2026/03/29 15:43:03 UTC
Table: 'Expresso Nitro(1086988093)#0' 3-max (real money) Seat #1 is the button
Seat 1: Samponi (740)
Seat 2: popomat14 (160)
*** ANTE/BLINDS ***
Samponi posts small blind 30
popomat14 posts big blind 60
Dealt to Samponi [6d Ad]
*** PRE-FLOP *** 
Samponi raises 680 to 740 and is all-in
popomat14 folds
Samponi collected 800 from pot
*** SUMMARY ***
Total pot 800 | No rake
Seat 1: Samponi (small blind) (button) won 800


Winamax Poker - Tournament "Expresso Nitro" buyIn: 0.46€ + 0.04€ level: 4 - HandId: #4668578310576406529-15-1774798990 - Holdem no limit (30/60) - 2026/03/29 15:43:10 UTC
Table: 'Expresso Nitro(1086988093)#0' 3-max (real money) Seat #2 is the button
Seat 1: Samponi (800)
Seat 2: popomat14 (100)
*** ANTE/BLINDS ***
popomat14 posts small blind 30
Samponi posts big blind 60
Dealt to Samponi [7c 5h]
*** PRE-FLOP *** 
popomat14 raises 40 to 100 and is all-in
Samponi calls 40
*** FLOP *** [4d Qs Jc]
*** TURN *** [4d Qs Jc][6h]
*** RIVER *** [4d Qs Jc 6h][6s]
*** SHOW DOWN ***
Samponi shows [7c 5h] (One pair : 6)
popomat14 shows [Ks 9d] (One pair : 6)
popomat14 collected 200 from pot
*** SUMMARY ***
Total pot 200 | No rake
Board: [4d Qs Jc 6h 6s]
Seat 1: Samponi (big blind) showed [7c 5h] and lost with One pair : 6
Seat 2: popomat14 (small blind) (button) showed [Ks 9d] and won 200 with One pair : 6


Winamax Poker - Tournament "Expresso Nitro" buyIn: 0.46€ + 0.04€ level: 5 - HandId: #4668578310576406529-16-1774799004 - Holdem no limit (40/80) - 2026/03/29 15:43:24 UTC
Table: 'Expresso Nitro(1086988093)#0' 3-max (real money) Seat #1 is the button
Seat 1: Samponi (700)
Seat 2: popomat14 (200)
*** ANTE/BLINDS ***
Samponi posts small blind 40
popomat14 posts big blind 80
Dealt to Samponi [Ah Qc]
*** PRE-FLOP *** 
Samponi raises 620 to 700 and is all-in
popomat14 folds
Samponi collected 780 from pot
*** SUMMARY ***
Total pot 780 | No rake
Seat 1: Samponi (small blind) (button) won 780


Winamax Poker - Tournament "Expresso Nitro" buyIn: 0.46€ + 0.04€ level: 5 - HandId: #4668578310576406529-17-1774799011 - Holdem no limit (40/80) - 2026/03/29 15:43:31 UTC
Table: 'Expresso Nitro(1086988093)#0' 3-max (real money) Seat #2 is the button
Seat 1: Samponi (780)
Seat 2: popomat14 (120)
*** ANTE/BLINDS ***
popomat14 posts small blind 40
Samponi posts big blind 80
Dealt to Samponi [Kc Ah]
*** PRE-FLOP *** 
popomat14 raises 40 to 120 and is all-in
Samponi calls 40
*** FLOP *** [2c 8h 2d]
*** TURN *** [2c 8h 2d][Th]
*** RIVER *** [2c 8h 2d Th][Jc]
*** SHOW DOWN ***
Samponi shows [Kc Ah] (One pair : 2)
popomat14 shows [7d Tc] (Two pairs : Tens and 2)
popomat14 collected 240 from pot
*** SUMMARY ***
Total pot 240 | No rake
Board: [2c 8h 2d Th Jc]
Seat 1: Samponi (big blind) showed [Kc Ah] and lost with One pair : 2
Seat 2: popomat14 (small blind) (button) showed [7d Tc] and won 240 with Two pairs : Tens and 2


Winamax Poker - Tournament "Expresso Nitro" buyIn: 0.46€ + 0.04€ level: 5 - HandId: #4668578310576406529-18-1774799027 - Holdem no limit (40/80) - 2026/03/29 15:43:47 UTC
Table: 'Expresso Nitro(1086988093)#0' 3-max (real money) Seat #1 is the button
Seat 1: Samponi (660)
Seat 2: popomat14 (240)
*** ANTE/BLINDS ***
Samponi posts small blind 40
popomat14 posts big blind 80
Dealt to Samponi [9s 5h]
*** PRE-FLOP *** 
Samponi folds
popomat14 collected 120 from pot
*** SUMMARY ***
Total pot 120 | No rake
Seat 2: popomat14 (big blind) won 120


Winamax Poker - Tournament "Expresso Nitro" buyIn: 0.46€ + 0.04€ level: 5 - HandId: #4668578310576406529-19-1774799032 - Holdem no limit (40/80) - 2026/03/29 15:43:52 UTC
Table: 'Expresso Nitro(1086988093)#0' 3-max (real money) Seat #2 is the button
Seat 1: Samponi (620)
Seat 2: popomat14 (280)
*** ANTE/BLINDS ***
popomat14 posts small blind 40
Samponi posts big blind 80
Dealt to Samponi [Qh 5h]
*** PRE-FLOP *** 
popomat14 raises 200 to 280 and is all-in
Samponi folds
popomat14 collected 360 from pot
*** SUMMARY ***
Total pot 360 | No rake
Seat 2: popomat14 (small blind) (button) won 360


Winamax Poker - Tournament "Expresso Nitro" buyIn: 0.46€ + 0.04€ level: 5 - HandId: #4668578310576406529-20-1774799037 - Holdem no limit (40/80) - 2026/03/29 15:43:57 UTC
Table: 'Expresso Nitro(1086988093)#0' 3-max (real money) Seat #1 is the button
Seat 1: Samponi (540)
Seat 2: popomat14 (360)
*** ANTE/BLINDS ***
Samponi posts small blind 40
popomat14 posts big blind 80
Dealt to Samponi [Js 7h]
*** PRE-FLOP *** 
Samponi folds
popomat14 collected 120 from pot
*** SUMMARY ***
Total pot 120 | No rake
Seat 2: popomat14 (big blind) won 120


Winamax Poker - Tournament "Expresso Nitro" buyIn: 0.46€ + 0.04€ level: 5 - HandId: #4668578310576406529-21-1774799042 - Holdem no limit (40/80) - 2026/03/29 15:44:02 UTC
Table: 'Expresso Nitro(1086988093)#0' 3-max (real money) Seat #2 is the button
Seat 1: Samponi (500)
Seat 2: popomat14 (400)
*** ANTE/BLINDS ***
popomat14 posts small blind 40
Samponi posts big blind 80
Dealt to Samponi [4c 7c]
*** PRE-FLOP *** 
popomat14 folds
Samponi collected 120 from pot
*** SUMMARY ***
Total pot 120 | No rake
Seat 1: Samponi (big blind) won 120


Winamax Poker - Tournament "Expresso Nitro" buyIn: 0.46€ + 0.04€ level: 5 - HandId: #4668578310576406529-22-1774799047 - Holdem no limit (40/80) - 2026/03/29 15:44:07 UTC
Table: 'Expresso Nitro(1086988093)#0' 3-max (real money) Seat #1 is the button
Seat 1: Samponi (540)
Seat 2: popomat14 (360)
*** ANTE/BLINDS ***
Samponi posts small blind 40
popomat14 posts big blind 80
Dealt to Samponi [4h 7h]
*** PRE-FLOP *** 
Samponi folds
popomat14 collected 120 from pot
*** SUMMARY ***
Total pot 120 | No rake
Seat 2: popomat14 (big blind) won 120


Winamax Poker - Tournament "Expresso Nitro" buyIn: 0.46€ + 0.04€ level: 5 - HandId: #4668578310576406529-23-1774799052 - Holdem no limit (40/80) - 2026/03/29 15:44:12 UTC
Table: 'Expresso Nitro(1086988093)#0' 3-max (real money) Seat #2 is the button
Seat 1: Samponi (500)
Seat 2: popomat14 (400)
*** ANTE/BLINDS ***
popomat14 posts small blind 40
Samponi posts big blind 80
Dealt to Samponi [Jd Ac]
*** PRE-FLOP *** 
popomat14 raises 320 to 400 and is all-in
Samponi raises 100 to 500 and is all-in
*** FLOP *** [2s 3d Tc]
*** TURN *** [2s 3d Tc][5h]
*** RIVER *** [2s 3d Tc 5h][8s]
*** SHOW DOWN ***
popomat14 shows [9c Ah] (High card : Ace)
Samponi shows [Jd Ac] (High card : Ace)
Samponi collected 900 from pot
*** SUMMARY ***
Total pot 900 | No rake
Board: [2s 3d Tc 5h 8s]
Seat 1: Samponi (big blind) showed [Jd Ac] and won 900 with High card : Ace
Seat 2: popomat14 (small blind) (button) showed [9c Ah] and lost with High card : Ace


