Winamax Poker - Tournament "Expresso Nitro" buyIn: 0.46€ + 0.04€ level: 1 - HandId: #4668547670279716865-1-1774797701 - Holdem no limit (10/20) - 2026/03/29 15:21:41 UTC
Table: 'Expresso Nitro(1086980959)#0' 3-max (real money) Seat #3 is the button
Seat 1: Myss98713 (300)
Seat 2: Samponi (300)
Seat 3: Massi42400 (300)
*** ANTE/BLINDS ***
Myss98713 posts small blind 10
Samponi posts big blind 20
Dealt to Samponi [9h Ts]
*** PRE-FLOP *** 
Massi42400 folds
Myss98713 folds
Samponi collected 30 from pot
*** SUMMARY ***
Total pot 30 | No rake
Seat 2: Samponi (big blind) won 30


Winamax Poker - Tournament "Expresso Nitro" buyIn: 0.46€ + 0.04€ level: 1 - HandId: #4668547670279716865-2-1774797706 - Holdem no limit (10/20) - 2026/03/29 15:21:46 UTC
Table: 'Expresso Nitro(1086980959)#0' 3-max (real money) Seat #1 is the button
Seat 1: Myss98713 (290)
Seat 2: Samponi (310)
Seat 3: Massi42400 (300)
*** ANTE/BLINDS ***
Samponi posts small blind 10
Massi42400 posts big blind 20
Dealt to Samponi [2s 6h]
*** PRE-FLOP *** 
Myss98713 folds
Samponi folds
Massi42400 collected 30 from pot
*** SUMMARY ***
Total pot 30 | No rake
Seat 3: Massi42400 (big blind) won 30


Winamax Poker - Tournament "Expresso Nitro" buyIn: 0.46€ + 0.04€ level: 1 - HandId: #4668547670279716865-3-1774797723 - Holdem no limit (10/20) - 2026/03/29 15:22:03 UTC
Table: 'Expresso Nitro(1086980959)#0' 3-max (real money) Seat #2 is the button
Seat 1: Myss98713 (290)
Seat 2: Samponi (300)
Seat 3: Massi42400 (310)
*** ANTE/BLINDS ***
Massi42400 posts small blind 10
Myss98713 posts big blind 20
Dealt to Samponi [6d Qc]
*** PRE-FLOP *** 
Samponi folds
Massi42400 calls 10
Myss98713 checks
*** FLOP *** [3h 2h Tc]
Massi42400 checks
Myss98713 bets 20
Massi42400 calls 20
*** TURN *** [3h 2h Tc][Kc]
Massi42400 checks
Myss98713 checks
*** RIVER *** [3h 2h Tc Kc][Kh]
Massi42400 bets 28
Myss98713 folds
Massi42400 collected 108 from pot
*** SUMMARY ***
Total pot 108 | No rake
Board: [3h 2h Tc Kc Kh]
Seat 3: Massi42400 (small blind) won 108


Winamax Poker - Tournament "Expresso Nitro" buyIn: 0.46€ + 0.04€ level: 1 - HandId: #4668547670279716865-4-1774797748 - Holdem no limit (10/20) - 2026/03/29 15:22:28 UTC
Table: 'Expresso Nitro(1086980959)#0' 3-max (real money) Seat #3 is the button
Seat 1: Myss98713 (250)
Seat 2: Samponi (300)
Seat 3: Massi42400 (350)
*** ANTE/BLINDS ***
Myss98713 posts small blind 10
Samponi posts big blind 20
Dealt to Samponi [Qd Js]
*** PRE-FLOP *** 
Massi42400 calls 20
Myss98713 folds
Samponi raises 20 to 40
Massi42400 calls 20
*** FLOP *** [5c Ts 8s]
Samponi checks
Massi42400 checks
*** TURN *** [5c Ts 8s][9h]
Samponi checks
Massi42400 checks
*** RIVER *** [5c Ts 8s 9h][3d]
Samponi bets 90
Massi42400 folds
Samponi collected 180 from pot
*** SUMMARY ***
Total pot 180 | No rake
Board: [5c Ts 8s 9h 3d]
Seat 2: Samponi (big blind) won 180


Winamax Poker - Tournament "Expresso Nitro" buyIn: 0.46€ + 0.04€ level: 2 - HandId: #4668547670279716865-5-1774797782 - Holdem no limit (15/30) - 2026/03/29 15:23:02 UTC
Table: 'Expresso Nitro(1086980959)#0' 3-max (real money) Seat #1 is the button
Seat 1: Myss98713 (240)
Seat 2: Samponi (350)
Seat 3: Massi42400 (310)
*** ANTE/BLINDS ***
Samponi posts small blind 15
Massi42400 posts big blind 30
Dealt to Samponi [8s Ad]
*** PRE-FLOP *** 
Myss98713 raises 30 to 60
Samponi calls 45
Massi42400 calls 30
*** FLOP *** [6h 5c Ts]
Samponi checks
Massi42400 bets 63
Myss98713 raises 117 to 180 and is all-in
Samponi folds
Massi42400 calls 117
*** TURN *** [6h 5c Ts][Ks]
*** RIVER *** [6h 5c Ts Ks][6d]
*** SHOW DOWN ***
Massi42400 shows [8c Js] (One pair : 6)
Myss98713 shows [Kh Tc] (Two pairs : Kings and Tens)
Myss98713 collected 540 from pot
*** SUMMARY ***
Total pot 540 | No rake
Board: [6h 5c Ts Ks 6d]
Seat 1: Myss98713 (button) showed [Kh Tc] and won 540 with Two pairs : Kings and Tens
Seat 3: Massi42400 (big blind) showed [8c Js] and lost with One pair : 6


Winamax Poker - Tournament "Expresso Nitro" buyIn: 0.46€ + 0.04€ level: 2 - HandId: #4668547670279716865-6-1774797804 - Holdem no limit (15/30) - 2026/03/29 15:23:24 UTC
Table: 'Expresso Nitro(1086980959)#0' 3-max (real money) Seat #2 is the button
Seat 1: Myss98713 (540)
Seat 2: Samponi (290)
Seat 3: Massi42400 (70)
*** ANTE/BLINDS ***
Massi42400 posts small blind 15
Myss98713 posts big blind 30
Dealt to Samponi [Kc 6c]
*** PRE-FLOP *** 
Samponi calls 30
Massi42400 raises 40 to 70 and is all-in
Myss98713 folds
Samponi calls 40
*** FLOP *** [2c 3d 9s]
*** TURN *** [2c 3d 9s][8d]
*** RIVER *** [2c 3d 9s 8d][Td]
*** SHOW DOWN ***
Samponi shows [Kc 6c] (High card : King)
Massi42400 shows [Kh 7d] (High card : King)
Massi42400 collected 170 from pot
*** SUMMARY ***
Total pot 170 | No rake
Board: [2c 3d 9s 8d Td]
Seat 2: Samponi (button) showed [Kc 6c] and lost with High card : King
Seat 3: Massi42400 (small blind) showed [Kh 7d] and won 170 with High card : King


Winamax Poker - Tournament "Expresso Nitro" buyIn: 0.46€ + 0.04€ level: 2 - HandId: #4668547670279716865-7-1774797818 - Holdem no limit (15/30) - 2026/03/29 15:23:38 UTC
Table: 'Expresso Nitro(1086980959)#0' 3-max (real money) Seat #3 is the button
Seat 1: Myss98713 (510)
Seat 2: Samponi (220)
Seat 3: Massi42400 (170)
*** ANTE/BLINDS ***
Myss98713 posts small blind 15
Samponi posts big blind 30
Dealt to Samponi [Jd Th]
*** PRE-FLOP *** 
Massi42400 raises 140 to 170 and is all-in
Myss98713 folds
Samponi calls 140
*** FLOP *** [Ks Jc 5d]
*** TURN *** [Ks Jc 5d][5c]
*** RIVER *** [Ks Jc 5d 5c][9s]
*** SHOW DOWN ***
Massi42400 shows [9h Ah] (Two pairs : 9 and 5)
Samponi shows [Jd Th] (Two pairs : Jacks and 5)
Samponi collected 355 from pot
*** SUMMARY ***
Total pot 355 | No rake
Board: [Ks Jc 5d 5c 9s]
Seat 2: Samponi (big blind) showed [Jd Th] and won 355 with Two pairs : Jacks and 5
Seat 3: Massi42400 (button) showed [9h Ah] and lost with Two pairs : 9 and 5


Winamax Poker - Tournament "Expresso Nitro" buyIn: 0.46€ + 0.04€ level: 3 - HandId: #4668547670279716865-8-1774797831 - Holdem no limit (20/40) - 2026/03/29 15:23:51 UTC
Table: 'Expresso Nitro(1086980959)#0' 3-max (real money) Seat #2 is the button
Seat 1: Myss98713 (495)
Seat 2: Samponi (405)
*** ANTE/BLINDS ***
Samponi posts small blind 20
Myss98713 posts big blind 40
Dealt to Samponi [2c Kd]
*** PRE-FLOP *** 
Samponi raises 40 to 80
Myss98713 calls 40
*** FLOP *** [2h Jc 6d]
Myss98713 checks
Samponi bets 40
Myss98713 folds
Samponi collected 200 from pot
*** SUMMARY ***
Total pot 200 | No rake
Board: [2h Jc 6d]
Seat 2: Samponi (small blind) (button) won 200


Winamax Poker - Tournament "Expresso Nitro" buyIn: 0.46€ + 0.04€ level: 3 - HandId: #4668547670279716865-9-1774797845 - Holdem no limit (20/40) - 2026/03/29 15:24:05 UTC
Table: 'Expresso Nitro(1086980959)#0' 3-max (real money) Seat #1 is the button
Seat 1: Myss98713 (415)
Seat 2: Samponi (485)
*** ANTE/BLINDS ***
Myss98713 posts small blind 20
Samponi posts big blind 40
Dealt to Samponi [Ah Jc]
*** PRE-FLOP *** 
Myss98713 folds
Samponi collected 60 from pot
*** SUMMARY ***
Total pot 60 | No rake
Seat 2: Samponi (big blind) won 60


Winamax Poker - Tournament "Expresso Nitro" buyIn: 0.46€ + 0.04€ level: 3 - HandId: #4668547670279716865-10-1774797851 - Holdem no limit (20/40) - 2026/03/29 15:24:11 UTC
Table: 'Expresso Nitro(1086980959)#0' 3-max (real money) Seat #2 is the button
Seat 1: Myss98713 (395)
Seat 2: Samponi (505)
*** ANTE/BLINDS ***
Samponi posts small blind 20
Myss98713 posts big blind 40
Dealt to Samponi [3h 8c]
*** PRE-FLOP *** 
Samponi folds
Myss98713 collected 60 from pot
*** SUMMARY ***
Total pot 60 | No rake
Seat 1: Myss98713 (big blind) won 60


Winamax Poker - Tournament "Expresso Nitro" buyIn: 0.46€ + 0.04€ level: 3 - HandId: #4668547670279716865-11-1774797856 - Holdem no limit (20/40) - 2026/03/29 15:24:16 UTC
Table: 'Expresso Nitro(1086980959)#0' 3-max (real money) Seat #1 is the button
Seat 1: Myss98713 (415)
Seat 2: Samponi (485)
*** ANTE/BLINDS ***
Myss98713 posts small blind 20
Samponi posts big blind 40
Dealt to Samponi [Qs 6h]
*** PRE-FLOP *** 
Myss98713 calls 20
Samponi checks
*** FLOP *** [Kd Ah 2c]
Samponi checks
Myss98713 bets 80
Samponi folds
Myss98713 collected 160 from pot
*** SUMMARY ***
Total pot 160 | No rake
Board: [Kd Ah 2c]
Seat 1: Myss98713 (small blind) (button) won 160


Winamax Poker - Tournament "Expresso Nitro" buyIn: 0.46€ + 0.04€ level: 3 - HandId: #4668547670279716865-12-1774797870 - Holdem no limit (20/40) - 2026/03/29 15:24:30 UTC
Table: 'Expresso Nitro(1086980959)#0' 3-max (real money) Seat #2 is the button
Seat 1: Myss98713 (455)
Seat 2: Samponi (445)
*** ANTE/BLINDS ***
Samponi posts small blind 20
Myss98713 posts big blind 40
Dealt to Samponi [8s Jd]
*** PRE-FLOP *** 
Samponi calls 20
Myss98713 raises 80 to 120
Samponi folds
Myss98713 collected 160 from pot
*** SUMMARY ***
Total pot 160 | No rake
Seat 1: Myss98713 (big blind) won 160


Winamax Poker - Tournament "Expresso Nitro" buyIn: 0.46€ + 0.04€ level: 4 - HandId: #4668547670279716865-13-1774797879 - Holdem no limit (30/60) - 2026/03/29 15:24:39 UTC
Table: 'Expresso Nitro(1086980959)#0' 3-max (real money) Seat #1 is the button
Seat 1: Myss98713 (495)
Seat 2: Samponi (405)
*** ANTE/BLINDS ***
Myss98713 posts small blind 30
Samponi posts big blind 60
Dealt to Samponi [Th 9s]
*** PRE-FLOP *** 
Myss98713 folds
Samponi collected 90 from pot
*** SUMMARY ***
Total pot 90 | No rake
Seat 2: Samponi (big blind) won 90


Winamax Poker - Tournament "Expresso Nitro" buyIn: 0.46€ + 0.04€ level: 4 - HandId: #4668547670279716865-14-1774797884 - Holdem no limit (30/60) - 2026/03/29 15:24:44 UTC
Table: 'Expresso Nitro(1086980959)#0' 3-max (real money) Seat #2 is the button
Seat 1: Myss98713 (465)
Seat 2: Samponi (435)
*** ANTE/BLINDS ***
Samponi posts small blind 30
Myss98713 posts big blind 60
Dealt to Samponi [4c 8h]
*** PRE-FLOP *** 
Samponi folds
Myss98713 collected 90 from pot
*** SUMMARY ***
Total pot 90 | No rake
Seat 1: Myss98713 (big blind) won 90


Winamax Poker - Tournament "Expresso Nitro" buyIn: 0.46€ + 0.04€ level: 4 - HandId: #4668547670279716865-15-1774797888 - Holdem no limit (30/60) - 2026/03/29 15:24:48 UTC
Table: 'Expresso Nitro(1086980959)#0' 3-max (real money) Seat #1 is the button
Seat 1: Myss98713 (495)
Seat 2: Samponi (405)
*** ANTE/BLINDS ***
Myss98713 posts small blind 30
Samponi posts big blind 60
Dealt to Samponi [3d Kc]
*** PRE-FLOP *** 
Myss98713 calls 30
Samponi checks
*** FLOP *** [Ac 9s 6h]
Samponi checks
Myss98713 bets 120
Samponi folds
Myss98713 collected 240 from pot
*** SUMMARY ***
Total pot 240 | No rake
Board: [Ac 9s 6h]
Seat 1: Myss98713 (small blind) (button) won 240


Winamax Poker - Tournament "Expresso Nitro" buyIn: 0.46€ + 0.04€ level: 4 - HandId: #4668547670279716865-16-1774797900 - Holdem no limit (30/60) - 2026/03/29 15:25:00 UTC
Table: 'Expresso Nitro(1086980959)#0' 3-max (real money) Seat #2 is the button
Seat 1: Myss98713 (555)
Seat 2: Samponi (345)
*** ANTE/BLINDS ***
Samponi posts small blind 30
Myss98713 posts big blind 60
Dealt to Samponi [4h 4s]
*** PRE-FLOP *** 
Samponi raises 285 to 345 and is all-in
Myss98713 folds
Samponi collected 405 from pot
*** SUMMARY ***
Total pot 405 | No rake
Seat 2: Samponi (small blind) (button) won 405


Winamax Poker - Tournament "Expresso Nitro" buyIn: 0.46€ + 0.04€ level: 4 - HandId: #4668547670279716865-17-1774797908 - Holdem no limit (30/60) - 2026/03/29 15:25:08 UTC
Table: 'Expresso Nitro(1086980959)#0' 3-max (real money) Seat #1 is the button
Seat 1: Myss98713 (495)
Seat 2: Samponi (405)
*** ANTE/BLINDS ***
Myss98713 posts small blind 30
Samponi posts big blind 60
Dealt to Samponi [Ts 9s]
*** PRE-FLOP *** 
Myss98713 folds
Samponi collected 90 from pot
*** SUMMARY ***
Total pot 90 | No rake
Seat 2: Samponi (big blind) won 90


Winamax Poker - Tournament "Expresso Nitro" buyIn: 0.46€ + 0.04€ level: 4 - HandId: #4668547670279716865-18-1774797912 - Holdem no limit (30/60) - 2026/03/29 15:25:12 UTC
Table: 'Expresso Nitro(1086980959)#0' 3-max (real money) Seat #2 is the button
Seat 1: Myss98713 (465)
Seat 2: Samponi (435)
*** ANTE/BLINDS ***
Samponi posts small blind 30
Myss98713 posts big blind 60
Dealt to Samponi [5h Ah]
*** PRE-FLOP *** 
Samponi raises 375 to 435 and is all-in
Myss98713 folds
Samponi collected 495 from pot
*** SUMMARY ***
Total pot 495 | No rake
Seat 2: Samponi (small blind) (button) won 495


Winamax Poker - Tournament "Expresso Nitro" buyIn: 0.46€ + 0.04€ level: 4 - HandId: #4668547670279716865-19-1774797925 - Holdem no limit (30/60) - 2026/03/29 15:25:25 UTC
Table: 'Expresso Nitro(1086980959)#0' 3-max (real money) Seat #1 is the button
Seat 1: Myss98713 (405)
Seat 2: Samponi (495)
*** ANTE/BLINDS ***
Myss98713 posts small blind 30
Samponi posts big blind 60
Dealt to Samponi [9c 9s]
*** PRE-FLOP *** 
Myss98713 folds
Samponi collected 90 from pot
*** SUMMARY ***
Total pot 90 | No rake
Seat 2: Samponi (big blind) won 90


Winamax Poker - Tournament "Expresso Nitro" buyIn: 0.46€ + 0.04€ level: 4 - HandId: #4668547670279716865-20-1774797929 - Holdem no limit (30/60) - 2026/03/29 15:25:29 UTC
Table: 'Expresso Nitro(1086980959)#0' 3-max (real money) Seat #2 is the button
Seat 1: Myss98713 (375)
Seat 2: Samponi (525)
*** ANTE/BLINDS ***
Samponi posts small blind 30
Myss98713 posts big blind 60
Dealt to Samponi [6h 7c]
*** PRE-FLOP *** 
Samponi calls 30
Myss98713 checks
*** FLOP *** [Qc Ts 5s]
Myss98713 bets 60
Samponi folds
Myss98713 collected 180 from pot
*** SUMMARY ***
Total pot 180 | No rake
Board: [Qc Ts 5s]
Seat 1: Myss98713 (big blind) won 180


Winamax Poker - Tournament "Expresso Nitro" buyIn: 0.46€ + 0.04€ level: 5 - HandId: #4668547670279716865-21-1774797939 - Holdem no limit (40/80) - 2026/03/29 15:25:39 UTC
Table: 'Expresso Nitro(1086980959)#0' 3-max (real money) Seat #1 is the button
Seat 1: Myss98713 (435)
Seat 2: Samponi (465)
*** ANTE/BLINDS ***
Myss98713 posts small blind 40
Samponi posts big blind 80
Dealt to Samponi [7s Qc]
*** PRE-FLOP *** 
Myss98713 calls 40
Samponi checks
*** FLOP *** [9c Ad Ks]
Samponi checks
Myss98713 bets 160
Samponi folds
Myss98713 collected 320 from pot
*** SUMMARY ***
Total pot 320 | No rake
Board: [9c Ad Ks]
Seat 1: Myss98713 (small blind) (button) won 320


Winamax Poker - Tournament "Expresso Nitro" buyIn: 0.46€ + 0.04€ level: 5 - HandId: #4668547670279716865-22-1774797952 - Holdem no limit (40/80) - 2026/03/29 15:25:52 UTC
Table: 'Expresso Nitro(1086980959)#0' 3-max (real money) Seat #2 is the button
Seat 1: Myss98713 (515)
Seat 2: Samponi (385)
*** ANTE/BLINDS ***
Samponi posts small blind 40
Myss98713 posts big blind 80
Dealt to Samponi [6d 3d]
*** PRE-FLOP *** 
Samponi folds
Myss98713 collected 120 from pot
*** SUMMARY ***
Total pot 120 | No rake
Seat 1: Myss98713 (big blind) won 120


Winamax Poker - Tournament "Expresso Nitro" buyIn: 0.46€ + 0.04€ level: 5 - HandId: #4668547670279716865-23-1774797956 - Holdem no limit (40/80) - 2026/03/29 15:25:56 UTC
Table: 'Expresso Nitro(1086980959)#0' 3-max (real money) Seat #1 is the button
Seat 1: Myss98713 (555)
Seat 2: Samponi (345)
*** ANTE/BLINDS ***
Myss98713 posts small blind 40
Samponi posts big blind 80
Dealt to Samponi [8d Kh]
*** PRE-FLOP *** 
Myss98713 raises 475 to 555 and is all-in
Samponi calls 265 and is all-in
*** FLOP *** [Ts Ad 6d]
*** TURN *** [Ts Ad 6d][7h]
*** RIVER *** [Ts Ad 6d 7h][Jd]
*** SHOW DOWN ***
Samponi shows [8d Kh] (High card : Ace)
Myss98713 shows [Ac Th] (Two pairs : Aces and Tens)
Myss98713 collected 900 from pot
*** SUMMARY ***
Total pot 900 | No rake
Board: [Ts Ad 6d 7h Jd]
Seat 1: Myss98713 (small blind) (button) showed [Ac Th] and won 900 with Two pairs : Aces and Tens
Seat 2: Samponi (big blind) showed [8d Kh] and lost with High card : Ace


