Winamax Poker - Tournament "Expresso Nitro" buyIn: 0.46€ + 0.04€ level: 1 - HandId: #4668544792651628545-1-1774797599 - Holdem no limit (10/20) - 2026/03/29 15:19:59 UTC
Table: 'Expresso Nitro(1086980289)#0' 3-max (real money) Seat #3 is the button
Seat 1: johnn84 (300)
Seat 2: Samponi (300)
Seat 3: olivero84 (300)
*** ANTE/BLINDS ***
johnn84 posts small blind 10
Samponi posts big blind 20
Dealt to Samponi [4s Kh]
*** PRE-FLOP *** 
olivero84 raises 20 to 40
johnn84 calls 30
Samponi folds
*** FLOP *** [6h 9h Qh]
johnn84 checks
olivero84 checks
*** TURN *** [6h 9h Qh][5d]
johnn84 checks
olivero84 bets 20
johnn84 calls 20
*** RIVER *** [6h 9h Qh 5d][Qs]
johnn84 checks
olivero84 bets 140
johnn84 calls 140
*** SHOW DOWN ***
johnn84 shows [5h 2s] (Two pairs : Queens and 5)
olivero84 shows [Jh Ah] (Flush Ace high)
olivero84 collected 420 from pot
*** SUMMARY ***
Total pot 420 | No rake
Board: [6h 9h Qh 5d Qs]
Seat 1: johnn84 (small blind) showed [5h 2s] and lost with Two pairs : Queens and 5
Seat 3: olivero84 (button) showed [Jh Ah] and won 420 with Flush Ace high


Winamax Poker - Tournament "Expresso Nitro" buyIn: 0.46€ + 0.04€ level: 1 - HandId: #4668544792651628545-2-1774797622 - Holdem no limit (10/20) - 2026/03/29 15:20:22 UTC
Table: 'Expresso Nitro(1086980289)#0' 3-max (real money) Seat #1 is the button
Seat 1: johnn84 (100)
Seat 2: Samponi (280)
Seat 3: olivero84 (520)
*** ANTE/BLINDS ***
Samponi posts small blind 10
olivero84 posts big blind 20
Dealt to Samponi [3d Ks]
*** PRE-FLOP *** 
johnn84 raises 80 to 100 and is all-in
Samponi folds
olivero84 folds
johnn84 shows [9h 2c] (High card : 9)
johnn84 collected 130 from pot
*** SUMMARY ***
Total pot 130 | No rake
Seat 1: johnn84 (button) showed [9h 2c] and won 130 with High card : 9


Winamax Poker - Tournament "Expresso Nitro" buyIn: 0.46€ + 0.04€ level: 1 - HandId: #4668544792651628545-3-1774797632 - Holdem no limit (10/20) - 2026/03/29 15:20:32 UTC
Table: 'Expresso Nitro(1086980289)#0' 3-max (real money) Seat #2 is the button
Seat 1: johnn84 (130)
Seat 2: Samponi (270)
Seat 3: olivero84 (500)
*** ANTE/BLINDS ***
olivero84 posts small blind 10
johnn84 posts big blind 20
Dealt to Samponi [6c 9c]
*** PRE-FLOP *** 
Samponi folds
olivero84 calls 10
johnn84 raises 110 to 130 and is all-in
olivero84 calls 110
*** FLOP *** [6s Tc 8d]
*** TURN *** [6s Tc 8d][7h]
*** RIVER *** [6s Tc 8d 7h][Js]
*** SHOW DOWN ***
johnn84 shows [3d Qh] (High card : Queen)
olivero84 shows [Ac Jh] (One pair : Jacks)
olivero84 collected 260 from pot
*** SUMMARY ***
Total pot 260 | No rake
Board: [6s Tc 8d 7h Js]
Seat 1: johnn84 (big blind) showed [3d Qh] and lost with High card : Queen
Seat 3: olivero84 (small blind) showed [Ac Jh] and won 260 with One pair : Jacks


Winamax Poker - Tournament "Expresso Nitro" buyIn: 0.46€ + 0.04€ level: 1 - HandId: #4668544792651628545-4-1774797649 - Holdem no limit (10/20) - 2026/03/29 15:20:49 UTC
Table: 'Expresso Nitro(1086980289)#0' 3-max (real money) Seat #2 is the button
Seat 2: Samponi (270)
Seat 3: olivero84 (630)
*** ANTE/BLINDS ***
Samponi posts small blind 10
olivero84 posts big blind 20
Dealt to Samponi [6c 4s]
*** PRE-FLOP *** 
Samponi folds
olivero84 collected 30 from pot
*** SUMMARY ***
Total pot 30 | No rake
Seat 3: olivero84 (big blind) won 30


Winamax Poker - Tournament "Expresso Nitro" buyIn: 0.46€ + 0.04€ level: 1 - HandId: #4668544792651628545-5-1774797654 - Holdem no limit (10/20) - 2026/03/29 15:20:54 UTC
Table: 'Expresso Nitro(1086980289)#0' 3-max (real money) Seat #3 is the button
Seat 2: Samponi (260)
Seat 3: olivero84 (640)
*** ANTE/BLINDS ***
olivero84 posts small blind 10
Samponi posts big blind 20
Dealt to Samponi [Jc 2d]
*** PRE-FLOP *** 
olivero84 raises 20 to 40
Samponi folds
olivero84 collected 60 from pot
*** SUMMARY ***
Total pot 60 | No rake
Seat 3: olivero84 (small blind) (button) won 60


Winamax Poker - Tournament "Expresso Nitro" buyIn: 0.46€ + 0.04€ level: 2 - HandId: #4668544792651628545-6-1774797662 - Holdem no limit (15/30) - 2026/03/29 15:21:02 UTC
Table: 'Expresso Nitro(1086980289)#0' 3-max (real money) Seat #2 is the button
Seat 2: Samponi (240)
Seat 3: olivero84 (660)
*** ANTE/BLINDS ***
Samponi posts small blind 15
olivero84 posts big blind 30
Dealt to Samponi [Ts 7h]
*** PRE-FLOP *** 
Samponi folds
olivero84 collected 45 from pot
*** SUMMARY ***
Total pot 45 | No rake
Seat 3: olivero84 (big blind) won 45


Winamax Poker - Tournament "Expresso Nitro" buyIn: 0.46€ + 0.04€ level: 2 - HandId: #4668544792651628545-7-1774797668 - Holdem no limit (15/30) - 2026/03/29 15:21:08 UTC
Table: 'Expresso Nitro(1086980289)#0' 3-max (real money) Seat #3 is the button
Seat 2: Samponi (225)
Seat 3: olivero84 (675)
*** ANTE/BLINDS ***
olivero84 posts small blind 15
Samponi posts big blind 30
Dealt to Samponi [3d 7c]
*** PRE-FLOP *** 
olivero84 calls 15
Samponi checks
*** FLOP *** [5h Qc 9c]
Samponi checks
olivero84 checks
*** TURN *** [5h Qc 9c][Tc]
Samponi checks
olivero84 checks
*** RIVER *** [5h Qc 9c Tc][2c]
Samponi bets 195 and is all-in
olivero84 calls 195
*** SHOW DOWN ***
Samponi shows [3d 7c] (Flush Queen high)
olivero84 shows [Kc 5d] (Flush King high)
olivero84 collected 450 from pot
*** SUMMARY ***
Total pot 450 | No rake
Board: [5h Qc 9c Tc 2c]
Seat 2: Samponi (big blind) showed [3d 7c] and lost with Flush Queen high
Seat 3: olivero84 (small blind) (button) showed [Kc 5d] and won 450 with Flush King high


