Winamax Poker - Tournament "Expresso" buyIn: 0.93€ + 0.07€ level: 1 - HandId: #4712043641604931585-1-1776438071 - Holdem no limit (10/20) - 2026/04/17 15:01:11 UTC
Table: 'Expresso(1097108154)#0' 3-max (real money) Seat #1 is the button
Seat 1: CARACAS. (500)
Seat 2: Samponi (500)
Seat 3: le.gagnant69 (500)
*** ANTE/BLINDS ***
Samponi posts small blind 10
le.gagnant69 posts big blind 20
Dealt to Samponi [Ts 5d]
*** PRE-FLOP *** 
CARACAS. folds
Samponi folds
le.gagnant69 collected 30 from pot
*** SUMMARY ***
Total pot 30 | No rake
Seat 3: le.gagnant69 (big blind) won 30


Winamax Poker - Tournament "Expresso" buyIn: 0.93€ + 0.07€ level: 1 - HandId: #4712043641604931585-2-1776438079 - Holdem no limit (10/20) - 2026/04/17 15:01:19 UTC
Table: 'Expresso(1097108154)#0' 3-max (real money) Seat #2 is the button
Seat 1: CARACAS. (500)
Seat 2: Samponi (490)
Seat 3: le.gagnant69 (510)
*** ANTE/BLINDS ***
le.gagnant69 posts small blind 10
CARACAS. posts big blind 20
Dealt to Samponi [7s 3c]
*** PRE-FLOP *** 
Samponi folds
le.gagnant69 raises 40 to 60
CARACAS. folds
le.gagnant69 collected 80 from pot
*** SUMMARY ***
Total pot 80 | No rake
Seat 3: le.gagnant69 (small blind) won 80


Winamax Poker - Tournament "Expresso" buyIn: 0.93€ + 0.07€ level: 1 - HandId: #4712043641604931585-3-1776438085 - Holdem no limit (10/20) - 2026/04/17 15:01:25 UTC
Table: 'Expresso(1097108154)#0' 3-max (real money) Seat #3 is the button
Seat 1: CARACAS. (480)
Seat 2: Samponi (490)
Seat 3: le.gagnant69 (530)
*** ANTE/BLINDS ***
CARACAS. posts small blind 10
Samponi posts big blind 20
Dealt to Samponi [5s 8d]
*** PRE-FLOP *** 
le.gagnant69 calls 20
CARACAS. folds
Samponi checks
*** FLOP *** [Td Ad 2c]
Samponi checks
le.gagnant69 checks
*** TURN *** [Td Ad 2c][Jc]
Samponi checks
le.gagnant69 checks
*** RIVER *** [Td Ad 2c Jc][Th]
Samponi checks
le.gagnant69 bets 50
Samponi folds
le.gagnant69 collected 100 from pot
*** SUMMARY ***
Total pot 100 | No rake
Board: [Td Ad 2c Jc Th]
Seat 3: le.gagnant69 (button) won 100


Winamax Poker - Tournament "Expresso" buyIn: 0.93€ + 0.07€ level: 1 - HandId: #4712043641604931585-4-1776438099 - Holdem no limit (10/20) - 2026/04/17 15:01:39 UTC
Table: 'Expresso(1097108154)#0' 3-max (real money) Seat #1 is the button
Seat 1: CARACAS. (470)
Seat 2: Samponi (470)
Seat 3: le.gagnant69 (560)
*** ANTE/BLINDS ***
Samponi posts small blind 10
le.gagnant69 posts big blind 20
Dealt to Samponi [7c 8d]
*** PRE-FLOP *** 
CARACAS. folds
Samponi raises 20 to 40
le.gagnant69 calls 20
*** FLOP *** [5c 4c Td]
Samponi bets 28
le.gagnant69 calls 28
*** TURN *** [5c 4c Td][Qc]
Samponi bets 34
le.gagnant69 raises 204 to 238
Samponi calls 204
*** RIVER *** [5c 4c Td Qc][Jh]
Samponi bets 164 and is all-in
le.gagnant69 folds
Samponi collected 776 from pot
*** SUMMARY ***
Total pot 776 | No rake
Board: [5c 4c Td Qc Jh]
Seat 2: Samponi (small blind) won 776


Winamax Poker - Tournament "Expresso" buyIn: 0.93€ + 0.07€ level: 1 - HandId: #4712043641604931585-5-1776438126 - Holdem no limit (10/20) - 2026/04/17 15:02:06 UTC
Table: 'Expresso(1097108154)#0' 3-max (real money) Seat #2 is the button
Seat 1: CARACAS. (470)
Seat 2: Samponi (776)
Seat 3: le.gagnant69 (254)
*** ANTE/BLINDS ***
le.gagnant69 posts small blind 10
CARACAS. posts big blind 20
Dealt to Samponi [5h Qd]
*** PRE-FLOP *** 
Samponi folds
le.gagnant69 raises 40 to 60
CARACAS. folds
le.gagnant69 collected 80 from pot
*** SUMMARY ***
Total pot 80 | No rake
Seat 3: le.gagnant69 (small blind) won 80


Winamax Poker - Tournament "Expresso" buyIn: 0.93€ + 0.07€ level: 1 - HandId: #4712043641604931585-6-1776438133 - Holdem no limit (10/20) - 2026/04/17 15:02:13 UTC
Table: 'Expresso(1097108154)#0' 3-max (real money) Seat #3 is the button
Seat 1: CARACAS. (450)
Seat 2: Samponi (776)
Seat 3: le.gagnant69 (274)
*** ANTE/BLINDS ***
CARACAS. posts small blind 10
Samponi posts big blind 20
Dealt to Samponi [5s 3c]
*** PRE-FLOP *** 
le.gagnant69 calls 20
CARACAS. raises 430 to 450 and is all-in
Samponi folds
le.gagnant69 folds
CARACAS. collected 490 from pot
*** SUMMARY ***
Total pot 490 | No rake
Seat 1: CARACAS. (small blind) won 490


Winamax Poker - Tournament "Expresso" buyIn: 0.93€ + 0.07€ level: 1 - HandId: #4712043641604931585-7-1776438143 - Holdem no limit (10/20) - 2026/04/17 15:02:23 UTC
Table: 'Expresso(1097108154)#0' 3-max (real money) Seat #1 is the button
Seat 1: CARACAS. (490)
Seat 2: Samponi (756)
Seat 3: le.gagnant69 (254)
*** ANTE/BLINDS ***
Samponi posts small blind 10
le.gagnant69 posts big blind 20
Dealt to Samponi [7d 2c]
*** PRE-FLOP *** 
CARACAS. folds
Samponi folds
le.gagnant69 collected 30 from pot
*** SUMMARY ***
Total pot 30 | No rake
Seat 3: le.gagnant69 (big blind) won 30


Winamax Poker - Tournament "Expresso" buyIn: 0.93€ + 0.07€ level: 1 - HandId: #4712043641604931585-8-1776438148 - Holdem no limit (10/20) - 2026/04/17 15:02:28 UTC
Table: 'Expresso(1097108154)#0' 3-max (real money) Seat #2 is the button
Seat 1: CARACAS. (490)
Seat 2: Samponi (746)
Seat 3: le.gagnant69 (264)
*** ANTE/BLINDS ***
le.gagnant69 posts small blind 10
CARACAS. posts big blind 20
Dealt to Samponi [5c 4d]
*** PRE-FLOP *** 
Samponi folds
le.gagnant69 calls 10
CARACAS. checks
*** FLOP *** [7h As 5d]
le.gagnant69 checks
CARACAS. bets 32
le.gagnant69 folds
CARACAS. collected 72 from pot
*** SUMMARY ***
Total pot 72 | No rake
Board: [7h As 5d]
Seat 1: CARACAS. (big blind) won 72


Winamax Poker - Tournament "Expresso" buyIn: 0.93€ + 0.07€ level: 2 - HandId: #4712043641604931585-9-1776438160 - Holdem no limit (15/30) - 2026/04/17 15:02:40 UTC
Table: 'Expresso(1097108154)#0' 3-max (real money) Seat #3 is the button
Seat 1: CARACAS. (510)
Seat 2: Samponi (746)
Seat 3: le.gagnant69 (244)
*** ANTE/BLINDS ***
CARACAS. posts small blind 15
Samponi posts big blind 30
Dealt to Samponi [8c 4h]
*** PRE-FLOP *** 
le.gagnant69 raises 75 to 105
CARACAS. folds
Samponi folds
le.gagnant69 collected 150 from pot
*** SUMMARY ***
Total pot 150 | No rake
Seat 3: le.gagnant69 (button) won 150


Winamax Poker - Tournament "Expresso" buyIn: 0.93€ + 0.07€ level: 2 - HandId: #4712043641604931585-10-1776438166 - Holdem no limit (15/30) - 2026/04/17 15:02:46 UTC
Table: 'Expresso(1097108154)#0' 3-max (real money) Seat #1 is the button
Seat 1: CARACAS. (495)
Seat 2: Samponi (716)
Seat 3: le.gagnant69 (289)
*** ANTE/BLINDS ***
Samponi posts small blind 15
le.gagnant69 posts big blind 30
Dealt to Samponi [Kh Qd]
*** PRE-FLOP *** 
CARACAS. folds
Samponi raises 45 to 75
le.gagnant69 calls 45
*** FLOP *** [4s 3s Ac]
Samponi bets 98
le.gagnant69 folds
Samponi collected 248 from pot
*** SUMMARY ***
Total pot 248 | No rake
Board: [4s 3s Ac]
Seat 2: Samponi (small blind) won 248


Winamax Poker - Tournament "Expresso" buyIn: 0.93€ + 0.07€ level: 2 - HandId: #4712043641604931585-11-1776438175 - Holdem no limit (15/30) - 2026/04/17 15:02:55 UTC
Table: 'Expresso(1097108154)#0' 3-max (real money) Seat #2 is the button
Seat 1: CARACAS. (495)
Seat 2: Samponi (791)
Seat 3: le.gagnant69 (214)
*** ANTE/BLINDS ***
le.gagnant69 posts small blind 15
CARACAS. posts big blind 30
Dealt to Samponi [Ad Jc]
*** PRE-FLOP *** 
Samponi raises 45 to 75
le.gagnant69 calls 60
CARACAS. folds
*** FLOP *** [4s 6d Ac]
le.gagnant69 bets 139 and is all-in
Samponi calls 139
*** TURN *** [4s 6d Ac][5h]
*** RIVER *** [4s 6d Ac 5h][7d]
*** SHOW DOWN ***
Samponi shows [Ad Jc] (One pair : Aces)
le.gagnant69 shows [6s 5c] (Two pairs : 6 and 5)
le.gagnant69 collected 458 from pot
*** SUMMARY ***
Total pot 458 | No rake
Board: [4s 6d Ac 5h 7d]
Seat 2: Samponi (button) showed [Ad Jc] and lost with One pair : Aces
Seat 3: le.gagnant69 (small blind) showed [6s 5c] and won 458 with Two pairs : 6 and 5


Winamax Poker - Tournament "Expresso" buyIn: 0.93€ + 0.07€ level: 2 - HandId: #4712043641604931585-12-1776438190 - Holdem no limit (15/30) - 2026/04/17 15:03:10 UTC
Table: 'Expresso(1097108154)#0' 3-max (real money) Seat #3 is the button
Seat 1: CARACAS. (465)
Seat 2: Samponi (577)
Seat 3: le.gagnant69 (458)
*** ANTE/BLINDS ***
CARACAS. posts small blind 15
Samponi posts big blind 30
Dealt to Samponi [Ah 7h]
*** PRE-FLOP *** 
le.gagnant69 calls 30
CARACAS. folds
Samponi checks
*** FLOP *** [Qs 8d 9c]
Samponi checks
le.gagnant69 checks
*** TURN *** [Qs 8d 9c][2d]
Samponi checks
le.gagnant69 checks
*** RIVER *** [Qs 8d 9c 2d][Kd]
Samponi checks
le.gagnant69 bets 30
Samponi calls 30
*** SHOW DOWN ***
Samponi shows [Ah 7h] (High card : Ace)
le.gagnant69 shows [Ad 2s] (One pair : 2)
le.gagnant69 collected 135 from pot
*** SUMMARY ***
Total pot 135 | No rake
Board: [Qs 8d 9c 2d Kd]
Seat 2: Samponi (big blind) showed [Ah 7h] and lost with High card : Ace
Seat 3: le.gagnant69 (button) showed [Ad 2s] and won 135 with One pair : 2


Winamax Poker - Tournament "Expresso" buyIn: 0.93€ + 0.07€ level: 2 - HandId: #4712043641604931585-13-1776438211 - Holdem no limit (15/30) - 2026/04/17 15:03:31 UTC
Table: 'Expresso(1097108154)#0' 3-max (real money) Seat #1 is the button
Seat 1: CARACAS. (450)
Seat 2: Samponi (517)
Seat 3: le.gagnant69 (533)
*** ANTE/BLINDS ***
Samponi posts small blind 15
le.gagnant69 posts big blind 30
Dealt to Samponi [Ts 2d]
*** PRE-FLOP *** 
CARACAS. folds
Samponi folds
le.gagnant69 collected 45 from pot
*** SUMMARY ***
Total pot 45 | No rake
Seat 3: le.gagnant69 (big blind) won 45


Winamax Poker - Tournament "Expresso" buyIn: 0.93€ + 0.07€ level: 2 - HandId: #4712043641604931585-14-1776438217 - Holdem no limit (15/30) - 2026/04/17 15:03:37 UTC
Table: 'Expresso(1097108154)#0' 3-max (real money) Seat #2 is the button
Seat 1: CARACAS. (450)
Seat 2: Samponi (502)
Seat 3: le.gagnant69 (548)
*** ANTE/BLINDS ***
le.gagnant69 posts small blind 15
CARACAS. posts big blind 30
Dealt to Samponi [Kh Js]
*** PRE-FLOP *** 
Samponi raises 30 to 60
le.gagnant69 calls 45
CARACAS. folds
*** FLOP *** [9c 4c 4d]
le.gagnant69 checks
Samponi checks
*** TURN *** [9c 4c 4d][4h]
le.gagnant69 checks
Samponi bets 30
le.gagnant69 calls 30
*** RIVER *** [9c 4c 4d 4h][3d]
le.gagnant69 checks
Samponi checks
*** SHOW DOWN ***
le.gagnant69 shows [7h Qh] (Trips of 4)
Samponi shows [Kh Js] (Trips of 4)
Samponi collected 210 from pot
*** SUMMARY ***
Total pot 210 | No rake
Board: [9c 4c 4d 4h 3d]
Seat 2: Samponi (button) showed [Kh Js] and won 210 with Trips of 4
Seat 3: le.gagnant69 (small blind) showed [7h Qh] and lost with Trips of 4


Winamax Poker - Tournament "Expresso" buyIn: 0.93€ + 0.07€ level: 2 - HandId: #4712043641604931585-15-1776438232 - Holdem no limit (15/30) - 2026/04/17 15:03:52 UTC
Table: 'Expresso(1097108154)#0' 3-max (real money) Seat #3 is the button
Seat 1: CARACAS. (420)
Seat 2: Samponi (622)
Seat 3: le.gagnant69 (458)
*** ANTE/BLINDS ***
CARACAS. posts small blind 15
Samponi posts big blind 30
Dealt to Samponi [Tc Ad]
*** PRE-FLOP *** 
le.gagnant69 folds
CARACAS. raises 390 to 420 and is all-in
Samponi calls 390
*** FLOP *** [Kh Kd 4c]
*** TURN *** [Kh Kd 4c][8s]
*** RIVER *** [Kh Kd 4c 8s][Qc]
*** SHOW DOWN ***
Samponi shows [Tc Ad] (One pair : Kings)
CARACAS. shows [Jh Qh] (Two pairs : Kings and Queens)
CARACAS. collected 840 from pot
*** SUMMARY ***
Total pot 840 | No rake
Board: [Kh Kd 4c 8s Qc]
Seat 1: CARACAS. (small blind) showed [Jh Qh] and won 840 with Two pairs : Kings and Queens
Seat 2: Samponi (big blind) showed [Tc Ad] and lost with One pair : Kings


Winamax Poker - Tournament "Expresso" buyIn: 0.93€ + 0.07€ level: 2 - HandId: #4712043641604931585-16-1776438247 - Holdem no limit (15/30) - 2026/04/17 15:04:07 UTC
Table: 'Expresso(1097108154)#0' 3-max (real money) Seat #1 is the button
Seat 1: CARACAS. (840)
Seat 2: Samponi (202)
Seat 3: le.gagnant69 (458)
*** ANTE/BLINDS ***
Samponi posts small blind 15
le.gagnant69 posts big blind 30
Dealt to Samponi [8s 5h]
*** PRE-FLOP *** 
CARACAS. folds
Samponi folds
le.gagnant69 collected 45 from pot
*** SUMMARY ***
Total pot 45 | No rake
Seat 3: le.gagnant69 (big blind) won 45


Winamax Poker - Tournament "Expresso" buyIn: 0.93€ + 0.07€ level: 3 - HandId: #4712043641604931585-17-1776438259 - Holdem no limit (20/40) - 2026/04/17 15:04:19 UTC
Table: 'Expresso(1097108154)#0' 3-max (real money) Seat #2 is the button
Seat 1: CARACAS. (840)
Seat 2: Samponi (187)
Seat 3: le.gagnant69 (473)
*** ANTE/BLINDS ***
le.gagnant69 posts small blind 20
CARACAS. posts big blind 40
Dealt to Samponi [9d Js]
*** PRE-FLOP *** 
Samponi raises 147 to 187 and is all-in
le.gagnant69 calls 167
CARACAS. folds
*** FLOP *** [6h 2d Kc]
*** TURN *** [6h 2d Kc][2h]
*** RIVER *** [6h 2d Kc 2h][5d]
*** SHOW DOWN ***
le.gagnant69 shows [Th 8s] (One pair : 2)
Samponi shows [9d Js] (One pair : 2)
Samponi collected 414 from pot
*** SUMMARY ***
Total pot 414 | No rake
Board: [6h 2d Kc 2h 5d]
Seat 2: Samponi (button) showed [9d Js] and won 414 with One pair : 2
Seat 3: le.gagnant69 (small blind) showed [Th 8s] and lost with One pair : 2


Winamax Poker - Tournament "Expresso" buyIn: 0.93€ + 0.07€ level: 3 - HandId: #4712043641604931585-18-1776438275 - Holdem no limit (20/40) - 2026/04/17 15:04:35 UTC
Table: 'Expresso(1097108154)#0' 3-max (real money) Seat #3 is the button
Seat 1: CARACAS. (800)
Seat 2: Samponi (414)
Seat 3: le.gagnant69 (286)
*** ANTE/BLINDS ***
CARACAS. posts small blind 20
Samponi posts big blind 40
Dealt to Samponi [2s Qc]
*** PRE-FLOP *** 
le.gagnant69 folds
CARACAS. folds
Samponi collected 60 from pot
*** SUMMARY ***
Total pot 60 | No rake
Seat 2: Samponi (big blind) won 60


Winamax Poker - Tournament "Expresso" buyIn: 0.93€ + 0.07€ level: 3 - HandId: #4712043641604931585-19-1776438281 - Holdem no limit (20/40) - 2026/04/17 15:04:41 UTC
Table: 'Expresso(1097108154)#0' 3-max (real money) Seat #1 is the button
Seat 1: CARACAS. (780)
Seat 2: Samponi (434)
Seat 3: le.gagnant69 (286)
*** ANTE/BLINDS ***
Samponi posts small blind 20
le.gagnant69 posts big blind 40
Dealt to Samponi [4d 4h]
*** PRE-FLOP *** 
CARACAS. folds
Samponi raises 394 to 434 and is all-in
le.gagnant69 calls 246 and is all-in
*** FLOP *** [3s 3d 8s]
*** TURN *** [3s 3d 8s][7d]
*** RIVER *** [3s 3d 8s 7d][6s]
*** SHOW DOWN ***
Samponi shows [4d 4h] (Two pairs : 4 and 3)
le.gagnant69 shows [Ac 7c] (Two pairs : 7 and 3)
le.gagnant69 collected 572 from main pot
Samponi collected 148 from side pot 1
*** SUMMARY ***
Total pot 720 | No rake
Board: [3s 3d 8s 7d 6s]
Seat 2: Samponi (small blind) showed [4d 4h] and won 148 with Two pairs : 4 and 3
Seat 3: le.gagnant69 (big blind) showed [Ac 7c] and won 572 with Two pairs : 7 and 3


Winamax Poker - Tournament "Expresso" buyIn: 0.93€ + 0.07€ level: 3 - HandId: #4712043641604931585-20-1776438297 - Holdem no limit (20/40) - 2026/04/17 15:04:57 UTC
Table: 'Expresso(1097108154)#0' 3-max (real money) Seat #2 is the button
Seat 1: CARACAS. (780)
Seat 2: Samponi (148)
Seat 3: le.gagnant69 (572)
*** ANTE/BLINDS ***
le.gagnant69 posts small blind 20
CARACAS. posts big blind 40
Dealt to Samponi [7d Ac]
*** PRE-FLOP *** 
Samponi raises 108 to 148 and is all-in
le.gagnant69 calls 128
CARACAS. folds
*** FLOP *** [4s 6d 9h]
*** TURN *** [4s 6d 9h][Tc]
*** RIVER *** [4s 6d 9h Tc][7s]
*** SHOW DOWN ***
Samponi shows [7d Ac] (One pair : 7)
le.gagnant69 shows [2c 9c] (One pair : 9)
le.gagnant69 collected 336 from pot
*** SUMMARY ***
Total pot 336 | No rake
Board: [4s 6d 9h Tc 7s]
Seat 2: Samponi (button) showed [7d Ac] and lost with One pair : 7
Seat 3: le.gagnant69 (small blind) showed [2c 9c] and won 336 with One pair : 9


