Winamax Poker - Tournament "Expresso" buyIn: 0.93€ + 0.07€ level: 1 - HandId: #4712064686944681985-1-1776438767 - Holdem no limit (10/20) - 2026/04/17 15:12:47 UTC
Table: 'Expresso(1097113054)#0' 3-max (real money) Seat #3 is the button
Seat 1: Sebg-84 (500)
Seat 2: Samponi (500)
Seat 3: mr_cetelem (500)
*** ANTE/BLINDS ***
Sebg-84 posts small blind 10
Samponi posts big blind 20
Dealt to Samponi [9h Ac]
*** PRE-FLOP *** 
mr_cetelem folds
Sebg-84 calls 10
Samponi raises 30 to 50
Sebg-84 calls 30
*** FLOP *** [Qd 2s Ts]
Sebg-84 checks
Samponi bets 100
Sebg-84 folds
Samponi collected 200 from pot
*** SUMMARY ***
Total pot 200 | No rake
Board: [Qd 2s Ts]
Seat 2: Samponi (big blind) won 200


Winamax Poker - Tournament "Expresso" buyIn: 0.93€ + 0.07€ level: 1 - HandId: #4712064686944681985-2-1776438793 - Holdem no limit (10/20) - 2026/04/17 15:13:13 UTC
Table: 'Expresso(1097113054)#0' 3-max (real money) Seat #1 is the button
Seat 1: Sebg-84 (450)
Seat 2: Samponi (550)
Seat 3: mr_cetelem (500)
*** ANTE/BLINDS ***
Samponi posts small blind 10
mr_cetelem posts big blind 20
Dealt to Samponi [5d 2d]
*** PRE-FLOP *** 
Sebg-84 raises 25 to 45
Samponi folds
mr_cetelem folds
Sebg-84 collected 75 from pot
*** SUMMARY ***
Total pot 75 | No rake
Seat 1: Sebg-84 (button) won 75


Winamax Poker - Tournament "Expresso" buyIn: 0.93€ + 0.07€ level: 1 - HandId: #4712064686944681985-3-1776438805 - Holdem no limit (10/20) - 2026/04/17 15:13:25 UTC
Table: 'Expresso(1097113054)#0' 3-max (real money) Seat #2 is the button
Seat 1: Sebg-84 (480)
Seat 2: Samponi (540)
Seat 3: mr_cetelem (480)
*** ANTE/BLINDS ***
mr_cetelem posts small blind 10
Sebg-84 posts big blind 20
Dealt to Samponi [As 9d]
*** PRE-FLOP *** 
Samponi raises 30 to 50
mr_cetelem folds
Sebg-84 folds
Samponi collected 80 from pot
*** SUMMARY ***
Total pot 80 | No rake
Seat 2: Samponi (button) won 80


Winamax Poker - Tournament "Expresso" buyIn: 0.93€ + 0.07€ level: 1 - HandId: #4712064686944681985-4-1776438815 - Holdem no limit (10/20) - 2026/04/17 15:13:35 UTC
Table: 'Expresso(1097113054)#0' 3-max (real money) Seat #3 is the button
Seat 1: Sebg-84 (460)
Seat 2: Samponi (570)
Seat 3: mr_cetelem (470)
*** ANTE/BLINDS ***
Sebg-84 posts small blind 10
Samponi posts big blind 20
Dealt to Samponi [5h 2c]
*** PRE-FLOP *** 
mr_cetelem folds
Sebg-84 folds
Samponi collected 30 from pot
*** SUMMARY ***
Total pot 30 | No rake
Seat 2: Samponi (big blind) won 30


Winamax Poker - Tournament "Expresso" buyIn: 0.93€ + 0.07€ level: 1 - HandId: #4712064686944681985-5-1776438820 - Holdem no limit (10/20) - 2026/04/17 15:13:40 UTC
Table: 'Expresso(1097113054)#0' 3-max (real money) Seat #1 is the button
Seat 1: Sebg-84 (450)
Seat 2: Samponi (580)
Seat 3: mr_cetelem (470)
*** ANTE/BLINDS ***
Samponi posts small blind 10
mr_cetelem posts big blind 20
Dealt to Samponi [Tc 7h]
*** PRE-FLOP *** 
Sebg-84 folds
Samponi folds
mr_cetelem collected 30 from pot
*** SUMMARY ***
Total pot 30 | No rake
Seat 3: mr_cetelem (big blind) won 30


Winamax Poker - Tournament "Expresso" buyIn: 0.93€ + 0.07€ level: 1 - HandId: #4712064686944681985-6-1776438825 - Holdem no limit (10/20) - 2026/04/17 15:13:45 UTC
Table: 'Expresso(1097113054)#0' 3-max (real money) Seat #2 is the button
Seat 1: Sebg-84 (450)
Seat 2: Samponi (570)
Seat 3: mr_cetelem (480)
*** ANTE/BLINDS ***
mr_cetelem posts small blind 10
Sebg-84 posts big blind 20
Dealt to Samponi [5c Kc]
*** PRE-FLOP *** 
Samponi calls 20
mr_cetelem calls 10
Sebg-84 raises 50 to 70
Samponi folds
mr_cetelem folds
Sebg-84 collected 110 from pot
*** SUMMARY ***
Total pot 110 | No rake
Seat 1: Sebg-84 (big blind) won 110


Winamax Poker - Tournament "Expresso" buyIn: 0.93€ + 0.07€ level: 1 - HandId: #4712064686944681985-7-1776438839 - Holdem no limit (10/20) - 2026/04/17 15:13:59 UTC
Table: 'Expresso(1097113054)#0' 3-max (real money) Seat #3 is the button
Seat 1: Sebg-84 (490)
Seat 2: Samponi (550)
Seat 3: mr_cetelem (460)
*** ANTE/BLINDS ***
Sebg-84 posts small blind 10
Samponi posts big blind 20
Dealt to Samponi [8h Jc]
*** PRE-FLOP *** 
mr_cetelem folds
Sebg-84 folds
Samponi collected 30 from pot
*** SUMMARY ***
Total pot 30 | No rake
Seat 2: Samponi (big blind) won 30


Winamax Poker - Tournament "Expresso" buyIn: 0.93€ + 0.07€ level: 1 - HandId: #4712064686944681985-8-1776438846 - Holdem no limit (10/20) - 2026/04/17 15:14:06 UTC
Table: 'Expresso(1097113054)#0' 3-max (real money) Seat #1 is the button
Seat 1: Sebg-84 (480)
Seat 2: Samponi (560)
Seat 3: mr_cetelem (460)
*** ANTE/BLINDS ***
Samponi posts small blind 10
mr_cetelem posts big blind 20
Dealt to Samponi [Kc Js]
*** PRE-FLOP *** 
Sebg-84 raises 20 to 40
Samponi calls 30
mr_cetelem calls 20
*** FLOP *** [5s Jh Qd]
Samponi checks
mr_cetelem checks
Sebg-84 checks
*** TURN *** [5s Jh Qd][4s]
Samponi bets 42
mr_cetelem calls 42
Sebg-84 calls 42
*** RIVER *** [5s Jh Qd 4s][8s]
Samponi checks
mr_cetelem checks
Sebg-84 checks
*** SHOW DOWN ***
mr_cetelem shows [2h 3d] (High card : Queen)
Sebg-84 shows [Jc Kh] (One pair : Jacks)
Samponi shows [Kc Js] (One pair : Jacks)
Samponi collected 123 from pot
Sebg-84 collected 123 from pot
*** SUMMARY ***
Total pot 246 | No rake
Board: [5s Jh Qd 4s 8s]
Seat 1: Sebg-84 (button) showed [Jc Kh] and won 123 with One pair : Jacks
Seat 2: Samponi (small blind) showed [Kc Js] and won 123 with One pair : Jacks
Seat 3: mr_cetelem (big blind) showed [2h 3d] and lost with High card : Queen


Winamax Poker - Tournament "Expresso" buyIn: 0.93€ + 0.07€ level: 2 - HandId: #4712064686944681985-9-1776438886 - Holdem no limit (15/30) - 2026/04/17 15:14:46 UTC
Table: 'Expresso(1097113054)#0' 3-max (real money) Seat #2 is the button
Seat 1: Sebg-84 (521)
Seat 2: Samponi (601)
Seat 3: mr_cetelem (378)
*** ANTE/BLINDS ***
mr_cetelem posts small blind 15
Sebg-84 posts big blind 30
Dealt to Samponi [7h 3h]
*** PRE-FLOP *** 
Samponi folds
mr_cetelem folds
Sebg-84 collected 45 from pot
*** SUMMARY ***
Total pot 45 | No rake
Seat 1: Sebg-84 (big blind) won 45


Winamax Poker - Tournament "Expresso" buyIn: 0.93€ + 0.07€ level: 2 - HandId: #4712064686944681985-10-1776438891 - Holdem no limit (15/30) - 2026/04/17 15:14:51 UTC
Table: 'Expresso(1097113054)#0' 3-max (real money) Seat #3 is the button
Seat 1: Sebg-84 (536)
Seat 2: Samponi (601)
Seat 3: mr_cetelem (363)
*** ANTE/BLINDS ***
Sebg-84 posts small blind 15
Samponi posts big blind 30
Dealt to Samponi [Jd Qd]
*** PRE-FLOP *** 
mr_cetelem folds
Sebg-84 folds
Samponi collected 45 from pot
*** SUMMARY ***
Total pot 45 | No rake
Seat 2: Samponi (big blind) won 45


Winamax Poker - Tournament "Expresso" buyIn: 0.93€ + 0.07€ level: 2 - HandId: #4712064686944681985-11-1776438898 - Holdem no limit (15/30) - 2026/04/17 15:14:58 UTC
Table: 'Expresso(1097113054)#0' 3-max (real money) Seat #1 is the button
Seat 1: Sebg-84 (521)
Seat 2: Samponi (616)
Seat 3: mr_cetelem (363)
*** ANTE/BLINDS ***
Samponi posts small blind 15
mr_cetelem posts big blind 30
Dealt to Samponi [7s 8c]
*** PRE-FLOP *** 
Sebg-84 raises 30 to 60
Samponi folds
mr_cetelem calls 30
*** FLOP *** [Ts 9d Jh]
mr_cetelem checks
Sebg-84 checks
*** TURN *** [Ts 9d Jh][6h]
mr_cetelem bets 47
Sebg-84 folds
mr_cetelem collected 182 from pot
*** SUMMARY ***
Total pot 182 | No rake
Board: [Ts 9d Jh 6h]
Seat 3: mr_cetelem (big blind) won 182


Winamax Poker - Tournament "Expresso" buyIn: 0.93€ + 0.07€ level: 2 - HandId: #4712064686944681985-12-1776438938 - Holdem no limit (15/30) - 2026/04/17 15:15:38 UTC
Table: 'Expresso(1097113054)#0' 3-max (real money) Seat #2 is the button
Seat 1: Sebg-84 (461)
Seat 2: Samponi (601)
Seat 3: mr_cetelem (438)
*** ANTE/BLINDS ***
mr_cetelem posts small blind 15
Sebg-84 posts big blind 30
Dealt to Samponi [3c 6c]
*** PRE-FLOP *** 
Samponi folds
mr_cetelem folds
Sebg-84 collected 45 from pot
*** SUMMARY ***
Total pot 45 | No rake
Seat 1: Sebg-84 (big blind) won 45


Winamax Poker - Tournament "Expresso" buyIn: 0.93€ + 0.07€ level: 2 - HandId: #4712064686944681985-13-1776438944 - Holdem no limit (15/30) - 2026/04/17 15:15:44 UTC
Table: 'Expresso(1097113054)#0' 3-max (real money) Seat #3 is the button
Seat 1: Sebg-84 (476)
Seat 2: Samponi (601)
Seat 3: mr_cetelem (423)
*** ANTE/BLINDS ***
Sebg-84 posts small blind 15
Samponi posts big blind 30
Dealt to Samponi [9s 3s]
*** PRE-FLOP *** 
mr_cetelem folds
Sebg-84 folds
Samponi collected 45 from pot
*** SUMMARY ***
Total pot 45 | No rake
Seat 2: Samponi (big blind) won 45


Winamax Poker - Tournament "Expresso" buyIn: 0.93€ + 0.07€ level: 3 - HandId: #4712064686944681985-14-1776438950 - Holdem no limit (20/40) - 2026/04/17 15:15:50 UTC
Table: 'Expresso(1097113054)#0' 3-max (real money) Seat #1 is the button
Seat 1: Sebg-84 (461)
Seat 2: Samponi (616)
Seat 3: mr_cetelem (423)
*** ANTE/BLINDS ***
Samponi posts small blind 20
mr_cetelem posts big blind 40
Dealt to Samponi [Jh 4h]
*** PRE-FLOP *** 
Sebg-84 folds
Samponi raises 40 to 80
mr_cetelem calls 40
*** FLOP *** [Qs 2d 2h]
Samponi bets 56
mr_cetelem folds
Samponi collected 216 from pot
*** SUMMARY ***
Total pot 216 | No rake
Board: [Qs 2d 2h]
Seat 2: Samponi (small blind) won 216


Winamax Poker - Tournament "Expresso" buyIn: 0.93€ + 0.07€ level: 3 - HandId: #4712064686944681985-15-1776438968 - Holdem no limit (20/40) - 2026/04/17 15:16:08 UTC
Table: 'Expresso(1097113054)#0' 3-max (real money) Seat #2 is the button
Seat 1: Sebg-84 (461)
Seat 2: Samponi (696)
Seat 3: mr_cetelem (343)
*** ANTE/BLINDS ***
mr_cetelem posts small blind 20
Sebg-84 posts big blind 40
Dealt to Samponi [9s 8c]
*** PRE-FLOP *** 
Samponi calls 40
mr_cetelem folds
Sebg-84 checks
*** FLOP *** [Qh Ac 4d]
Sebg-84 checks
Samponi bets 40
Sebg-84 folds
Samponi collected 140 from pot
*** SUMMARY ***
Total pot 140 | No rake
Board: [Qh Ac 4d]
Seat 2: Samponi (button) won 140


Winamax Poker - Tournament "Expresso" buyIn: 0.93€ + 0.07€ level: 3 - HandId: #4712064686944681985-16-1776438992 - Holdem no limit (20/40) - 2026/04/17 15:16:32 UTC
Table: 'Expresso(1097113054)#0' 3-max (real money) Seat #3 is the button
Seat 1: Sebg-84 (421)
Seat 2: Samponi (756)
Seat 3: mr_cetelem (323)
*** ANTE/BLINDS ***
Sebg-84 posts small blind 20
Samponi posts big blind 40
Dealt to Samponi [2s 2h]
*** PRE-FLOP *** 
mr_cetelem folds
Sebg-84 folds
Samponi collected 60 from pot
*** SUMMARY ***
Total pot 60 | No rake
Seat 2: Samponi (big blind) won 60


Winamax Poker - Tournament "Expresso" buyIn: 0.93€ + 0.07€ level: 3 - HandId: #4712064686944681985-17-1776438998 - Holdem no limit (20/40) - 2026/04/17 15:16:38 UTC
Table: 'Expresso(1097113054)#0' 3-max (real money) Seat #1 is the button
Seat 1: Sebg-84 (401)
Seat 2: Samponi (776)
Seat 3: mr_cetelem (323)
*** ANTE/BLINDS ***
Samponi posts small blind 20
mr_cetelem posts big blind 40
Dealt to Samponi [3d 8d]
*** PRE-FLOP *** 
Sebg-84 folds
Samponi folds
mr_cetelem collected 60 from pot
*** SUMMARY ***
Total pot 60 | No rake
Seat 3: mr_cetelem (big blind) won 60


Winamax Poker - Tournament "Expresso" buyIn: 0.93€ + 0.07€ level: 3 - HandId: #4712064686944681985-18-1776439003 - Holdem no limit (20/40) - 2026/04/17 15:16:43 UTC
Table: 'Expresso(1097113054)#0' 3-max (real money) Seat #2 is the button
Seat 1: Sebg-84 (401)
Seat 2: Samponi (756)
Seat 3: mr_cetelem (343)
*** ANTE/BLINDS ***
mr_cetelem posts small blind 20
Sebg-84 posts big blind 40
Dealt to Samponi [8s Tc]
*** PRE-FLOP *** 
Samponi folds
mr_cetelem calls 20
Sebg-84 checks
*** FLOP *** [2c As 7c]
mr_cetelem bets 40
Sebg-84 folds
mr_cetelem collected 120 from pot
*** SUMMARY ***
Total pot 120 | No rake
Board: [2c As 7c]
Seat 3: mr_cetelem (small blind) won 120


Winamax Poker - Tournament "Expresso" buyIn: 0.93€ + 0.07€ level: 3 - HandId: #4712064686944681985-19-1776439013 - Holdem no limit (20/40) - 2026/04/17 15:16:53 UTC
Table: 'Expresso(1097113054)#0' 3-max (real money) Seat #3 is the button
Seat 1: Sebg-84 (361)
Seat 2: Samponi (756)
Seat 3: mr_cetelem (383)
*** ANTE/BLINDS ***
Sebg-84 posts small blind 20
Samponi posts big blind 40
Dealt to Samponi [Qc 3c]
*** PRE-FLOP *** 
mr_cetelem raises 40 to 80
Sebg-84 folds
Samponi folds
mr_cetelem collected 140 from pot
*** SUMMARY ***
Total pot 140 | No rake
Seat 3: mr_cetelem (button) won 140


Winamax Poker - Tournament "Expresso" buyIn: 0.93€ + 0.07€ level: 3 - HandId: #4712064686944681985-20-1776439025 - Holdem no limit (20/40) - 2026/04/17 15:17:05 UTC
Table: 'Expresso(1097113054)#0' 3-max (real money) Seat #1 is the button
Seat 1: Sebg-84 (341)
Seat 2: Samponi (716)
Seat 3: mr_cetelem (443)
*** ANTE/BLINDS ***
Samponi posts small blind 20
mr_cetelem posts big blind 40
Dealt to Samponi [2h 4c]
*** PRE-FLOP *** 
Sebg-84 folds
Samponi folds
mr_cetelem collected 60 from pot
*** SUMMARY ***
Total pot 60 | No rake
Seat 3: mr_cetelem (big blind) won 60


Winamax Poker - Tournament "Expresso" buyIn: 0.93€ + 0.07€ level: 3 - HandId: #4712064686944681985-21-1776439031 - Holdem no limit (20/40) - 2026/04/17 15:17:11 UTC
Table: 'Expresso(1097113054)#0' 3-max (real money) Seat #2 is the button
Seat 1: Sebg-84 (341)
Seat 2: Samponi (696)
Seat 3: mr_cetelem (463)
*** ANTE/BLINDS ***
mr_cetelem posts small blind 20
Sebg-84 posts big blind 40
Dealt to Samponi [9h Qh]
*** PRE-FLOP *** 
Samponi calls 40
mr_cetelem folds
Sebg-84 checks
*** FLOP *** [4s Jd 8c]
Sebg-84 checks
Samponi bets 40
Sebg-84 calls 40
*** TURN *** [4s Jd 8c][4c]
Sebg-84 checks
Samponi bets 63
Sebg-84 raises 198 to 261 and is all-in
Samponi folds
Sebg-84 collected 504 from pot
*** SUMMARY ***
Total pot 504 | No rake
Board: [4s Jd 8c 4c]
Seat 1: Sebg-84 (big blind) won 504


Winamax Poker - Tournament "Expresso" buyIn: 0.93€ + 0.07€ level: 4 - HandId: #4712064686944681985-22-1776439064 - Holdem no limit (30/60) - 2026/04/17 15:17:44 UTC
Table: 'Expresso(1097113054)#0' 3-max (real money) Seat #3 is the button
Seat 1: Sebg-84 (504)
Seat 2: Samponi (553)
Seat 3: mr_cetelem (443)
*** ANTE/BLINDS ***
Sebg-84 posts small blind 30
Samponi posts big blind 60
Dealt to Samponi [4c Ah]
*** PRE-FLOP *** 
mr_cetelem folds
Sebg-84 raises 444 to 504 and is all-in
Samponi folds
Sebg-84 collected 564 from pot
*** SUMMARY ***
Total pot 564 | No rake
Seat 1: Sebg-84 (small blind) won 564


Winamax Poker - Tournament "Expresso" buyIn: 0.93€ + 0.07€ level: 4 - HandId: #4712064686944681985-23-1776439073 - Holdem no limit (30/60) - 2026/04/17 15:17:53 UTC
Table: 'Expresso(1097113054)#0' 3-max (real money) Seat #1 is the button
Seat 1: Sebg-84 (564)
Seat 2: Samponi (493)
Seat 3: mr_cetelem (443)
*** ANTE/BLINDS ***
Samponi posts small blind 30
mr_cetelem posts big blind 60
Dealt to Samponi [5s Ts]
*** PRE-FLOP *** 
Sebg-84 folds
Samponi folds
mr_cetelem collected 90 from pot
*** SUMMARY ***
Total pot 90 | No rake
Seat 3: mr_cetelem (big blind) won 90


Winamax Poker - Tournament "Expresso" buyIn: 0.93€ + 0.07€ level: 4 - HandId: #4712064686944681985-24-1776439092 - Holdem no limit (30/60) - 2026/04/17 15:18:12 UTC
Table: 'Expresso(1097113054)#0' 3-max (real money) Seat #2 is the button
Seat 1: Sebg-84 (564)
Seat 2: Samponi (463)
Seat 3: mr_cetelem (473)
*** ANTE/BLINDS ***
mr_cetelem posts small blind 30
Sebg-84 posts big blind 60
Dealt to Samponi [4c Ts]
*** PRE-FLOP *** 
Samponi folds
mr_cetelem raises 120 to 180
Sebg-84 raises 384 to 564 and is all-in
mr_cetelem calls 293 and is all-in
*** FLOP *** [2d 2s 9d]
*** TURN *** [2d 2s 9d][8h]
*** RIVER *** [2d 2s 9d 8h][Kd]
*** SHOW DOWN ***
Sebg-84 shows [6d 6s] (Two pairs : 6 and 2)
mr_cetelem shows [Ad 5d] (Flush Ace high)
mr_cetelem collected 946 from main pot
Sebg-84 collected 91 from side pot 1
*** SUMMARY ***
Total pot 1037 | No rake
Board: [2d 2s 9d 8h Kd]
Seat 1: Sebg-84 (big blind) showed [6d 6s] and won 91 with Two pairs : 6 and 2
Seat 3: mr_cetelem (small blind) showed [Ad 5d] and won 946 with Flush Ace high


Winamax Poker - Tournament "Expresso" buyIn: 0.93€ + 0.07€ level: 4 - HandId: #4712064686944681985-25-1776439108 - Holdem no limit (30/60) - 2026/04/17 15:18:28 UTC
Table: 'Expresso(1097113054)#0' 3-max (real money) Seat #3 is the button
Seat 1: Sebg-84 (91)
Seat 2: Samponi (463)
Seat 3: mr_cetelem (946)
*** ANTE/BLINDS ***
Sebg-84 posts small blind 30
Samponi posts big blind 60
Dealt to Samponi [9d Ad]
*** PRE-FLOP *** 
mr_cetelem folds
Sebg-84 raises 31 to 91 and is all-in
Samponi calls 31
*** FLOP *** [6s 3c 6c]
*** TURN *** [6s 3c 6c][4s]
*** RIVER *** [6s 3c 6c 4s][3s]
*** SHOW DOWN ***
Sebg-84 shows [Qs 2h] (Two pairs : 6 and 3)
Samponi shows [9d Ad] (Two pairs : 6 and 3)
Samponi collected 182 from pot
*** SUMMARY ***
Total pot 182 | No rake
Board: [6s 3c 6c 4s 3s]
Seat 1: Sebg-84 (small blind) showed [Qs 2h] and lost with Two pairs : 6 and 3
Seat 2: Samponi (big blind) showed [9d Ad] and won 182 with Two pairs : 6 and 3


Winamax Poker - Tournament "Expresso" buyIn: 0.93€ + 0.07€ level: 4 - HandId: #4712064686944681985-26-1776439122 - Holdem no limit (30/60) - 2026/04/17 15:18:42 UTC
Table: 'Expresso(1097113054)#0' 3-max (real money) Seat #2 is the button
Seat 2: Samponi (554)
Seat 3: mr_cetelem (946)
*** ANTE/BLINDS ***
Samponi posts small blind 30
mr_cetelem posts big blind 60
Dealt to Samponi [3c 4h]
*** PRE-FLOP *** 
Samponi folds
mr_cetelem collected 90 from pot
*** SUMMARY ***
Total pot 90 | No rake
Seat 3: mr_cetelem (big blind) won 90


Winamax Poker - Tournament "Expresso" buyIn: 0.93€ + 0.07€ level: 5 - HandId: #4712064686944681985-27-1776439126 - Holdem no limit (40/80) - 2026/04/17 15:18:46 UTC
Table: 'Expresso(1097113054)#0' 3-max (real money) Seat #3 is the button
Seat 2: Samponi (524)
Seat 3: mr_cetelem (976)
*** ANTE/BLINDS ***
mr_cetelem posts small blind 40
Samponi posts big blind 80
Dealt to Samponi [4d Ks]
*** PRE-FLOP *** 
mr_cetelem calls 40
Samponi checks
*** FLOP *** [4s Qc Qs]
Samponi bets 160
mr_cetelem folds
Samponi collected 320 from pot
*** SUMMARY ***
Total pot 320 | No rake
Board: [4s Qc Qs]
Seat 2: Samponi (big blind) won 320


Winamax Poker - Tournament "Expresso" buyIn: 0.93€ + 0.07€ level: 5 - HandId: #4712064686944681985-28-1776439137 - Holdem no limit (40/80) - 2026/04/17 15:18:57 UTC
Table: 'Expresso(1097113054)#0' 3-max (real money) Seat #2 is the button
Seat 2: Samponi (604)
Seat 3: mr_cetelem (896)
*** ANTE/BLINDS ***
Samponi posts small blind 40
mr_cetelem posts big blind 80
Dealt to Samponi [4h 6s]
*** PRE-FLOP *** 
Samponi folds
mr_cetelem collected 120 from pot
*** SUMMARY ***
Total pot 120 | No rake
Seat 3: mr_cetelem (big blind) won 120


Winamax Poker - Tournament "Expresso" buyIn: 0.93€ + 0.07€ level: 5 - HandId: #4712064686944681985-29-1776439141 - Holdem no limit (40/80) - 2026/04/17 15:19:01 UTC
Table: 'Expresso(1097113054)#0' 3-max (real money) Seat #3 is the button
Seat 2: Samponi (564)
Seat 3: mr_cetelem (936)
*** ANTE/BLINDS ***
mr_cetelem posts small blind 40
Samponi posts big blind 80
Dealt to Samponi [9s 9d]
*** PRE-FLOP *** 
mr_cetelem raises 80 to 160
Samponi calls 80
*** FLOP *** [4c 5h 2h]
Samponi bets 404 and is all-in
mr_cetelem calls 404
*** TURN *** [4c 5h 2h][7h]
*** RIVER *** [4c 5h 2h 7h][Jd]
*** SHOW DOWN ***
Samponi shows [9s 9d] (One pair : 9)
mr_cetelem shows [Qd Js] (One pair : Jacks)
mr_cetelem collected 1128 from pot
*** SUMMARY ***
Total pot 1128 | No rake
Board: [4c 5h 2h 7h Jd]
Seat 2: Samponi (big blind) showed [9s 9d] and lost with One pair : 9
Seat 3: mr_cetelem (small blind) (button) showed [Qd Js] and won 1128 with One pair : Jacks


