Winamax Poker - Tournament "Expresso Nitro" buyIn: 0.46€ + 0.04€ level: 1 - HandId: #4668568591065415681-1-1774798430 - Holdem no limit (10/20) - 2026/03/29 15:33:50 UTC
Table: 'Expresso Nitro(1086985830)#0' 3-max (real money) Seat #1 is the button
Seat 1: Renale (300)
Seat 2: FoudesAS (300)
Seat 3: Samponi (300)
*** ANTE/BLINDS ***
FoudesAS posts small blind 10
Samponi posts big blind 20
Dealt to Samponi [7s 5c]
*** PRE-FLOP *** 
Renale raises 50 to 70
FoudesAS folds
Samponi folds
Renale collected 100 from pot
*** SUMMARY ***
Total pot 100 | No rake
Seat 1: Renale (button) won 100


Winamax Poker - Tournament "Expresso Nitro" buyIn: 0.46€ + 0.04€ level: 1 - HandId: #4668568591065415681-2-1774798442 - Holdem no limit (10/20) - 2026/03/29 15:34:02 UTC
Table: 'Expresso Nitro(1086985830)#0' 3-max (real money) Seat #2 is the button
Seat 1: Renale (330)
Seat 2: FoudesAS (290)
Seat 3: Samponi (280)
*** ANTE/BLINDS ***
Samponi posts small blind 10
Renale posts big blind 20
Dealt to Samponi [Td 4c]
*** PRE-FLOP *** 
FoudesAS calls 20
Samponi folds
Renale checks
*** FLOP *** [Ks Ts 5d]
Renale checks
FoudesAS bets 33
Renale folds
FoudesAS collected 83 from pot
*** SUMMARY ***
Total pot 83 | No rake
Board: [Ks Ts 5d]
Seat 2: FoudesAS (button) won 83


Winamax Poker - Tournament "Expresso Nitro" buyIn: 0.46€ + 0.04€ level: 1 - HandId: #4668568591065415681-3-1774798460 - Holdem no limit (10/20) - 2026/03/29 15:34:20 UTC
Table: 'Expresso Nitro(1086985830)#0' 3-max (real money) Seat #3 is the button
Seat 1: Renale (310)
Seat 2: FoudesAS (320)
Seat 3: Samponi (270)
*** ANTE/BLINDS ***
Renale posts small blind 10
FoudesAS posts big blind 20
Dealt to Samponi [2d Ac]
*** PRE-FLOP *** 
Samponi calls 20
Renale calls 10
FoudesAS checks
*** FLOP *** [5s 8s 3h]
Renale bets 20
FoudesAS calls 20
Samponi folds
*** TURN *** [5s 8s 3h][6h]
Renale bets 20
FoudesAS calls 20
*** RIVER *** [5s 8s 3h 6h][Kh]
Renale bets 20
FoudesAS calls 20
*** SHOW DOWN ***
Renale shows [7d 3s] (One pair : 3)
FoudesAS shows [5d 2s] (One pair : 5)
FoudesAS collected 180 from pot
*** SUMMARY ***
Total pot 180 | No rake
Board: [5s 8s 3h 6h Kh]
Seat 1: Renale (small blind) showed [7d 3s] and lost with One pair : 3
Seat 2: FoudesAS (big blind) showed [5d 2s] and won 180 with One pair : 5


Winamax Poker - Tournament "Expresso Nitro" buyIn: 0.46€ + 0.04€ level: 2 - HandId: #4668568591065415681-4-1774798494 - Holdem no limit (15/30) - 2026/03/29 15:34:54 UTC
Table: 'Expresso Nitro(1086985830)#0' 3-max (real money) Seat #1 is the button
Seat 1: Renale (230)
Seat 2: FoudesAS (420)
Seat 3: Samponi (250)
*** ANTE/BLINDS ***
FoudesAS posts small blind 15
Samponi posts big blind 30
Dealt to Samponi [7s 7d]
*** PRE-FLOP *** 
Renale folds
FoudesAS calls 15
Samponi raises 220 to 250 and is all-in
FoudesAS folds
Samponi collected 280 from pot
*** SUMMARY ***
Total pot 280 | No rake
Seat 3: Samponi (big blind) won 280


Winamax Poker - Tournament "Expresso Nitro" buyIn: 0.46€ + 0.04€ level: 2 - HandId: #4668568591065415681-5-1774798504 - Holdem no limit (15/30) - 2026/03/29 15:35:04 UTC
Table: 'Expresso Nitro(1086985830)#0' 3-max (real money) Seat #2 is the button
Seat 1: Renale (230)
Seat 2: FoudesAS (390)
Seat 3: Samponi (280)
*** ANTE/BLINDS ***
Samponi posts small blind 15
Renale posts big blind 30
Dealt to Samponi [6c As]
*** PRE-FLOP *** 
FoudesAS folds
Samponi raises 30 to 60
Renale calls 30
*** FLOP *** [Jc 8c Js]
Samponi checks
Renale checks
*** TURN *** [Jc 8c Js][2s]
Samponi bets 30
Renale folds
Samponi collected 150 from pot
*** SUMMARY ***
Total pot 150 | No rake
Board: [Jc 8c Js 2s]
Seat 3: Samponi (small blind) won 150


Winamax Poker - Tournament "Expresso Nitro" buyIn: 0.46€ + 0.04€ level: 2 - HandId: #4668568591065415681-6-1774798519 - Holdem no limit (15/30) - 2026/03/29 15:35:19 UTC
Table: 'Expresso Nitro(1086985830)#0' 3-max (real money) Seat #3 is the button
Seat 1: Renale (170)
Seat 2: FoudesAS (390)
Seat 3: Samponi (340)
*** ANTE/BLINDS ***
Renale posts small blind 15
FoudesAS posts big blind 30
Dealt to Samponi [4h Kd]
*** PRE-FLOP *** 
Samponi folds
Renale raises 60 to 90
FoudesAS folds
Renale collected 120 from pot
*** SUMMARY ***
Total pot 120 | No rake
Seat 1: Renale (small blind) won 120


Winamax Poker - Tournament "Expresso Nitro" buyIn: 0.46€ + 0.04€ level: 2 - HandId: #4668568591065415681-7-1774798528 - Holdem no limit (15/30) - 2026/03/29 15:35:28 UTC
Table: 'Expresso Nitro(1086985830)#0' 3-max (real money) Seat #1 is the button
Seat 1: Renale (200)
Seat 2: FoudesAS (360)
Seat 3: Samponi (340)
*** ANTE/BLINDS ***
FoudesAS posts small blind 15
Samponi posts big blind 30
Dealt to Samponi [Th 2s]
*** PRE-FLOP *** 
Renale calls 30
FoudesAS calls 15
Samponi checks
*** FLOP *** [9d Ah Jd]
FoudesAS checks
Samponi checks
Renale checks
*** TURN *** [9d Ah Jd][3h]
FoudesAS checks
Samponi checks
Renale bets 30
FoudesAS folds
Samponi folds
Renale collected 120 from pot
*** SUMMARY ***
Total pot 120 | No rake
Board: [9d Ah Jd 3h]
Seat 1: Renale (button) won 120


Winamax Poker - Tournament "Expresso Nitro" buyIn: 0.46€ + 0.04€ level: 3 - HandId: #4668568591065415681-8-1774798587 - Holdem no limit (20/40) - 2026/03/29 15:36:27 UTC
Table: 'Expresso Nitro(1086985830)#0' 3-max (real money) Seat #2 is the button
Seat 1: Renale (260)
Seat 2: FoudesAS (330)
Seat 3: Samponi (310)
*** ANTE/BLINDS ***
Samponi posts small blind 20
Renale posts big blind 40
Dealt to Samponi [6c 8c]
*** PRE-FLOP *** 
FoudesAS folds
Samponi folds
Renale collected 60 from pot
*** SUMMARY ***
Total pot 60 | No rake
Seat 1: Renale (big blind) won 60


Winamax Poker - Tournament "Expresso Nitro" buyIn: 0.46€ + 0.04€ level: 3 - HandId: #4668568591065415681-9-1774798596 - Holdem no limit (20/40) - 2026/03/29 15:36:36 UTC
Table: 'Expresso Nitro(1086985830)#0' 3-max (real money) Seat #3 is the button
Seat 1: Renale (280)
Seat 2: FoudesAS (330)
Seat 3: Samponi (290)
*** ANTE/BLINDS ***
Renale posts small blind 20
FoudesAS posts big blind 40
Dealt to Samponi [Kh 8d]
*** PRE-FLOP *** 
Samponi raises 40 to 80
Renale calls 60
FoudesAS folds
*** FLOP *** [2d Ks 7c]
Renale checks
Samponi bets 40
Renale raises 40 to 80
Samponi raises 130 to 210 and is all-in
Renale calls 120 and is all-in
*** TURN *** [2d Ks 7c][7d]
*** RIVER *** [2d Ks 7c 7d][3d]
*** SHOW DOWN ***
Renale shows [8s Kd] (Two pairs : Kings and 7)
Samponi shows [Kh 8d] (Two pairs : Kings and 7)
Samponi collected 310 from side pot 1
Renale collected 300 from main pot
*** SUMMARY ***
Total pot 610 | No rake
Board: [2d Ks 7c 7d 3d]
Seat 1: Renale (small blind) showed [8s Kd] and won 300 with Two pairs : Kings and 7
Seat 3: Samponi (button) showed [Kh 8d] and won 310 with Two pairs : Kings and 7


Winamax Poker - Tournament "Expresso Nitro" buyIn: 0.46€ + 0.04€ level: 4 - HandId: #4668568591065415681-10-1774798627 - Holdem no limit (30/60) - 2026/03/29 15:37:07 UTC
Table: 'Expresso Nitro(1086985830)#0' 3-max (real money) Seat #1 is the button
Seat 1: Renale (300)
Seat 2: FoudesAS (290)
Seat 3: Samponi (310)
*** ANTE/BLINDS ***
FoudesAS posts small blind 30
Samponi posts big blind 60
Dealt to Samponi [8h 8c]
*** PRE-FLOP *** 
Renale calls 60
FoudesAS folds
Samponi raises 250 to 310 and is all-in
Renale folds
Samponi collected 400 from pot
*** SUMMARY ***
Total pot 400 | No rake
Seat 3: Samponi (big blind) won 400


Winamax Poker - Tournament "Expresso Nitro" buyIn: 0.46€ + 0.04€ level: 4 - HandId: #4668568591065415681-11-1774798655 - Holdem no limit (30/60) - 2026/03/29 15:37:35 UTC
Table: 'Expresso Nitro(1086985830)#0' 3-max (real money) Seat #2 is the button
Seat 1: Renale (240)
Seat 2: FoudesAS (260)
Seat 3: Samponi (400)
*** ANTE/BLINDS ***
Samponi posts small blind 30
Renale posts big blind 60
Dealt to Samponi [3d Js]
*** PRE-FLOP *** 
FoudesAS folds
Samponi folds
Renale shows [8s 8d] (One pair : 8)
Renale collected 90 from pot
*** SUMMARY ***
Total pot 90 | No rake
Seat 1: Renale (big blind) showed [8s 8d] and won 90 with One pair : 8


Winamax Poker - Tournament "Expresso Nitro" buyIn: 0.46€ + 0.04€ level: 4 - HandId: #4668568591065415681-12-1774798662 - Holdem no limit (30/60) - 2026/03/29 15:37:42 UTC
Table: 'Expresso Nitro(1086985830)#0' 3-max (real money) Seat #3 is the button
Seat 1: Renale (270)
Seat 2: FoudesAS (260)
Seat 3: Samponi (370)
*** ANTE/BLINDS ***
Renale posts small blind 30
FoudesAS posts big blind 60
Dealt to Samponi [4h 2c]
*** PRE-FLOP *** 
Samponi folds
Renale raises 90 to 150
FoudesAS folds
Renale collected 210 from pot
*** SUMMARY ***
Total pot 210 | No rake
Seat 1: Renale (small blind) won 210


Winamax Poker - Tournament "Expresso Nitro" buyIn: 0.46€ + 0.04€ level: 5 - HandId: #4668568591065415681-13-1774798670 - Holdem no limit (40/80) - 2026/03/29 15:37:50 UTC
Table: 'Expresso Nitro(1086985830)#0' 3-max (real money) Seat #1 is the button
Seat 1: Renale (330)
Seat 2: FoudesAS (200)
Seat 3: Samponi (370)
*** ANTE/BLINDS ***
FoudesAS posts small blind 40
Samponi posts big blind 80
Dealt to Samponi [Ts Ks]
*** PRE-FLOP *** 
Renale raises 160 to 240
FoudesAS folds
Samponi calls 160
*** FLOP *** [4s 2h 5s]
Samponi bets 130 and is all-in
Renale calls 90 and is all-in
*** TURN *** [4s 2h 5s][4d]
*** RIVER *** [4s 2h 5s 4d][Jh]
*** SHOW DOWN ***
Renale shows [Ah Td] (One pair : 4)
Samponi shows [Ts Ks] (One pair : 4)
Samponi collected 40 from side pot 1
Renale collected 700 from main pot
*** SUMMARY ***
Total pot 740 | No rake
Board: [4s 2h 5s 4d Jh]
Seat 1: Renale (button) showed [Ah Td] and won 700 with One pair : 4
Seat 3: Samponi (big blind) showed [Ts Ks] and won 40 with One pair : 4


Winamax Poker - Tournament "Expresso Nitro" buyIn: 0.46€ + 0.04€ level: 5 - HandId: #4668568591065415681-14-1774798685 - Holdem no limit (40/80) - 2026/03/29 15:38:05 UTC
Table: 'Expresso Nitro(1086985830)#0' 3-max (real money) Seat #2 is the button
Seat 1: Renale (700)
Seat 2: FoudesAS (160)
Seat 3: Samponi (40)
*** ANTE/BLINDS ***
Samponi posts small blind 40 and is all-in
Renale posts big blind 80
Dealt to Samponi [As 8c]
*** PRE-FLOP *** 
FoudesAS raises 80 to 160 and is all-in
Renale raises 540 to 700 and is all-in
*** FLOP *** [Qs 7h 8h]
*** TURN *** [Qs 7h 8h][Qh]
*** RIVER *** [Qs 7h 8h Qh][8d]
*** SHOW DOWN ***
FoudesAS shows [5s 6s] (Two pairs : Queens and 8)
Renale shows [Td Ad] (Two pairs : Queens and 8)
Samponi shows [As 8c] (Full of 8 and Queens)
Samponi collected 120 from main pot
Renale collected 780 from side pot 1
*** SUMMARY ***
Total pot 900 | No rake
Board: [Qs 7h 8h Qh 8d]
Seat 1: Renale (big blind) showed [Td Ad] and won 780 with Two pairs : Queens and 8
Seat 2: FoudesAS (button) showed [5s 6s] and lost with Two pairs : Queens and 8
Seat 3: Samponi (small blind) showed [As 8c] and won 120 with Full of 8 and Queens


Winamax Poker - Tournament "Expresso Nitro" buyIn: 0.46€ + 0.04€ level: 5 - HandId: #4668568591065415681-15-1774798696 - Holdem no limit (40/80) - 2026/03/29 15:38:16 UTC
Table: 'Expresso Nitro(1086985830)#0' 3-max (real money) Seat #1 is the button
Seat 1: Renale (780)
Seat 3: Samponi (120)
*** ANTE/BLINDS ***
Renale posts small blind 40
Samponi posts big blind 80
Dealt to Samponi [9h Qc]
*** PRE-FLOP *** 
Renale raises 160 to 240
Samponi calls 40 and is all-in
*** FLOP *** [7c Th Qs]
*** TURN *** [7c Th Qs][9s]
*** RIVER *** [7c Th Qs 9s][7d]
*** SHOW DOWN ***
Renale shows [5d As] (One pair : 7)
Samponi shows [9h Qc] (Two pairs : Queens and 9)
Samponi collected 240 from main pot
Renale collected 120 from side pot 1
*** SUMMARY ***
Total pot 360 | No rake
Board: [7c Th Qs 9s 7d]
Seat 1: Renale (small blind) (button) showed [5d As] and won 120 with One pair : 7
Seat 3: Samponi (big blind) showed [9h Qc] and won 240 with Two pairs : Queens and 9


Winamax Poker - Tournament "Expresso Nitro" buyIn: 0.46€ + 0.04€ level: 5 - HandId: #4668568591065415681-16-1774798708 - Holdem no limit (40/80) - 2026/03/29 15:38:28 UTC
Table: 'Expresso Nitro(1086985830)#0' 3-max (real money) Seat #3 is the button
Seat 1: Renale (660)
Seat 3: Samponi (240)
*** ANTE/BLINDS ***
Samponi posts small blind 40
Renale posts big blind 80
Dealt to Samponi [3h Qc]
*** PRE-FLOP *** 
Samponi folds
Renale collected 120 from pot
*** SUMMARY ***
Total pot 120 | No rake
Seat 1: Renale (big blind) won 120


Winamax Poker - Tournament "Expresso Nitro" buyIn: 0.46€ + 0.04€ level: 5 - HandId: #4668568591065415681-17-1774798717 - Holdem no limit (40/80) - 2026/03/29 15:38:37 UTC
Table: 'Expresso Nitro(1086985830)#0' 3-max (real money) Seat #1 is the button
Seat 1: Renale (700)
Seat 3: Samponi (200)
*** ANTE/BLINDS ***
Renale posts small blind 40
Samponi posts big blind 80
Dealt to Samponi [6d Qh]
*** PRE-FLOP *** 
Renale calls 40
Samponi checks
*** FLOP *** [Js Jd 2c]
Samponi checks
Renale bets 160
Samponi folds
Renale collected 320 from pot
*** SUMMARY ***
Total pot 320 | No rake
Board: [Js Jd 2c]
Seat 1: Renale (small blind) (button) won 320


Winamax Poker - Tournament "Expresso Nitro" buyIn: 0.46€ + 0.04€ level: 6 - HandId: #4668568591065415681-18-1774798732 - Holdem no limit (50/100) - 2026/03/29 15:38:52 UTC
Table: 'Expresso Nitro(1086985830)#0' 3-max (real money) Seat #3 is the button
Seat 1: Renale (780)
Seat 3: Samponi (120)
*** ANTE/BLINDS ***
Samponi posts small blind 50
Renale posts big blind 100
Dealt to Samponi [4d Ks]
*** PRE-FLOP *** 
Samponi raises 20 to 120 and is all-in
Renale calls 20
*** FLOP *** [9c 3d Qc]
*** TURN *** [9c 3d Qc][6d]
*** RIVER *** [9c 3d Qc 6d][Js]
*** SHOW DOWN ***
Samponi shows [4d Ks] (High card : King)
Renale shows [8d Th] (Straight Queen high)
Renale collected 240 from pot
*** SUMMARY ***
Total pot 240 | No rake
Board: [9c 3d Qc 6d Js]
Seat 1: Renale (big blind) showed [8d Th] and won 240 with Straight Queen high
Seat 3: Samponi (small blind) (button) showed [4d Ks] and lost with High card : King


