Winamax Poker - Tournament "Expresso" buyIn: 0.93€ + 0.07€ level: 1 - HandId: #4712082893311049729-1-1776439389 - Holdem no limit (10/20) - 2026/04/17 15:23:09 UTC
Table: 'Expresso(1097117293)#0' 3-max (real money) Seat #2 is the button
Seat 1: Samponi (500)
Seat 2: NicoBet31 (500)
Seat 3: Kravitz13 (500)
*** ANTE/BLINDS ***
Kravitz13 posts small blind 10
Samponi posts big blind 20
Dealt to Samponi [Js 5s]
*** PRE-FLOP *** 
NicoBet31 calls 20
Kravitz13 calls 10
Samponi checks
*** FLOP *** [Td 6c 4s]
Kravitz13 bets 39
Samponi folds
NicoBet31 folds
Kravitz13 collected 99 from pot
*** SUMMARY ***
Total pot 99 | No rake
Board: [Td 6c 4s]
Seat 3: Kravitz13 (small blind) won 99


Winamax Poker - Tournament "Expresso" buyIn: 0.93€ + 0.07€ level: 1 - HandId: #4712082893311049729-2-1776439402 - Holdem no limit (10/20) - 2026/04/17 15:23:22 UTC
Table: 'Expresso(1097117293)#0' 3-max (real money) Seat #3 is the button
Seat 1: Samponi (480)
Seat 2: NicoBet31 (480)
Seat 3: Kravitz13 (540)
*** ANTE/BLINDS ***
Samponi posts small blind 10
NicoBet31 posts big blind 20
Dealt to Samponi [9h Ts]
*** PRE-FLOP *** 
Kravitz13 calls 20
Samponi calls 10
NicoBet31 checks
*** FLOP *** [9s 6c 5c]
Samponi bets 48
NicoBet31 calls 48
Kravitz13 folds
*** TURN *** [9s 6c 5c][3h]
Samponi bets 156
NicoBet31 folds
Samponi collected 312 from pot
*** SUMMARY ***
Total pot 312 | No rake
Board: [9s 6c 5c 3h]
Seat 1: Samponi (small blind) won 312


Winamax Poker - Tournament "Expresso" buyIn: 0.93€ + 0.07€ level: 1 - HandId: #4712082893311049729-3-1776439430 - Holdem no limit (10/20) - 2026/04/17 15:23:50 UTC
Table: 'Expresso(1097117293)#0' 3-max (real money) Seat #1 is the button
Seat 1: Samponi (568)
Seat 2: NicoBet31 (412)
Seat 3: Kravitz13 (520)
*** ANTE/BLINDS ***
NicoBet31 posts small blind 10
Kravitz13 posts big blind 20
Dealt to Samponi [Jc 9s]
*** PRE-FLOP *** 
Samponi calls 20
NicoBet31 calls 10
Kravitz13 checks
*** FLOP *** [4s Kc Th]
NicoBet31 checks
Kravitz13 checks
Samponi checks
*** TURN *** [4s Kc Th][Td]
NicoBet31 checks
Kravitz13 bets 20
Samponi folds
NicoBet31 folds
Kravitz13 collected 80 from pot
*** SUMMARY ***
Total pot 80 | No rake
Board: [4s Kc Th Td]
Seat 3: Kravitz13 (big blind) won 80


Winamax Poker - Tournament "Expresso" buyIn: 0.93€ + 0.07€ level: 1 - HandId: #4712082893311049729-4-1776439446 - Holdem no limit (10/20) - 2026/04/17 15:24:06 UTC
Table: 'Expresso(1097117293)#0' 3-max (real money) Seat #2 is the button
Seat 1: Samponi (548)
Seat 2: NicoBet31 (392)
Seat 3: Kravitz13 (560)
*** ANTE/BLINDS ***
Kravitz13 posts small blind 10
Samponi posts big blind 20
Dealt to Samponi [7d 5d]
*** PRE-FLOP *** 
NicoBet31 folds
Kravitz13 calls 10
Samponi checks
*** FLOP *** [Qh Jc Jd]
Kravitz13 checks
Samponi bets 20
Kravitz13 calls 20
*** TURN *** [Qh Jc Jd][Ad]
Kravitz13 bets 52
Samponi calls 52
*** RIVER *** [Qh Jc Jd Ad][2c]
Kravitz13 bets 64
Samponi folds
Kravitz13 collected 248 from pot
*** SUMMARY ***
Total pot 248 | No rake
Board: [Qh Jc Jd Ad 2c]
Seat 3: Kravitz13 (small blind) won 248


Winamax Poker - Tournament "Expresso" buyIn: 0.93€ + 0.07€ level: 1 - HandId: #4712082893311049729-5-1776439466 - Holdem no limit (10/20) - 2026/04/17 15:24:26 UTC
Table: 'Expresso(1097117293)#0' 3-max (real money) Seat #3 is the button
Seat 1: Samponi (456)
Seat 2: NicoBet31 (392)
Seat 3: Kravitz13 (652)
*** ANTE/BLINDS ***
Samponi posts small blind 10
NicoBet31 posts big blind 20
Dealt to Samponi [3d 6c]
*** PRE-FLOP *** 
Kravitz13 folds
Samponi folds
NicoBet31 collected 30 from pot
*** SUMMARY ***
Total pot 30 | No rake
Seat 2: NicoBet31 (big blind) won 30


Winamax Poker - Tournament "Expresso" buyIn: 0.93€ + 0.07€ level: 1 - HandId: #4712082893311049729-6-1776439471 - Holdem no limit (10/20) - 2026/04/17 15:24:31 UTC
Table: 'Expresso(1097117293)#0' 3-max (real money) Seat #1 is the button
Seat 1: Samponi (446)
Seat 2: NicoBet31 (402)
Seat 3: Kravitz13 (652)
*** ANTE/BLINDS ***
NicoBet31 posts small blind 10
Kravitz13 posts big blind 20
Dealt to Samponi [3s Ac]
*** PRE-FLOP *** 
Samponi raises 20 to 40
NicoBet31 folds
Kravitz13 calls 20
*** FLOP *** [As 5c 9s]
Kravitz13 checks
Samponi checks
*** TURN *** [As 5c 9s][3c]
Kravitz13 checks
Samponi bets 20
Kravitz13 calls 20
*** RIVER *** [As 5c 9s 3c][2c]
Kravitz13 checks
Samponi bets 46
Kravitz13 folds
Samponi collected 176 from pot
*** SUMMARY ***
Total pot 176 | No rake
Board: [As 5c 9s 3c 2c]
Seat 1: Samponi (button) won 176


Winamax Poker - Tournament "Expresso" buyIn: 0.93€ + 0.07€ level: 2 - HandId: #4712082893311049729-7-1776439494 - Holdem no limit (15/30) - 2026/04/17 15:24:54 UTC
Table: 'Expresso(1097117293)#0' 3-max (real money) Seat #2 is the button
Seat 1: Samponi (516)
Seat 2: NicoBet31 (392)
Seat 3: Kravitz13 (592)
*** ANTE/BLINDS ***
Kravitz13 posts small blind 15
Samponi posts big blind 30
Dealt to Samponi [4c 6h]
*** PRE-FLOP *** 
NicoBet31 raises 30 to 60
Kravitz13 folds
Samponi folds
NicoBet31 collected 105 from pot
*** SUMMARY ***
Total pot 105 | No rake
Seat 2: NicoBet31 (button) won 105


Winamax Poker - Tournament "Expresso" buyIn: 0.93€ + 0.07€ level: 2 - HandId: #4712082893311049729-8-1776439501 - Holdem no limit (15/30) - 2026/04/17 15:25:01 UTC
Table: 'Expresso(1097117293)#0' 3-max (real money) Seat #3 is the button
Seat 1: Samponi (486)
Seat 2: NicoBet31 (437)
Seat 3: Kravitz13 (577)
*** ANTE/BLINDS ***
Samponi posts small blind 15
NicoBet31 posts big blind 30
Dealt to Samponi [6d Qs]
*** PRE-FLOP *** 
Kravitz13 raises 30 to 60
Samponi folds
NicoBet31 calls 30
*** FLOP *** [9d 4c 7h]
NicoBet31 bets 88
Kravitz13 calls 88
*** TURN *** [9d 4c 7h][7d]
NicoBet31 bets 109
Kravitz13 calls 109
*** RIVER *** [9d 4c 7h 7d][Tc]
NicoBet31 checks
Kravitz13 bets 185
NicoBet31 calls 180 and is all-in
*** SHOW DOWN ***
NicoBet31 shows [9h Jc] (Two pairs : 9 and 7)
Kravitz13 shows [4h Ad] (Two pairs : 7 and 4)
Kravitz13 collected 5 from side pot 1
NicoBet31 collected 889 from main pot
*** SUMMARY ***
Total pot 894 | No rake
Board: [9d 4c 7h 7d Tc]
Seat 2: NicoBet31 (big blind) showed [9h Jc] and won 889 with Two pairs : 9 and 7
Seat 3: Kravitz13 (button) showed [4h Ad] and won 5 with Two pairs : 7 and 4


Winamax Poker - Tournament "Expresso" buyIn: 0.93€ + 0.07€ level: 2 - HandId: #4712082893311049729-9-1776439522 - Holdem no limit (15/30) - 2026/04/17 15:25:22 UTC
Table: 'Expresso(1097117293)#0' 3-max (real money) Seat #1 is the button
Seat 1: Samponi (471)
Seat 2: NicoBet31 (889)
Seat 3: Kravitz13 (140)
*** ANTE/BLINDS ***
NicoBet31 posts small blind 15
Kravitz13 posts big blind 30
Dealt to Samponi [8s Qd]
*** PRE-FLOP *** 
Samponi folds
NicoBet31 calls 15
Kravitz13 raises 110 to 140 and is all-in
NicoBet31 folds
Kravitz13 collected 170 from pot
*** SUMMARY ***
Total pot 170 | No rake
Seat 3: Kravitz13 (big blind) won 170


Winamax Poker - Tournament "Expresso" buyIn: 0.93€ + 0.07€ level: 2 - HandId: #4712082893311049729-10-1776439531 - Holdem no limit (15/30) - 2026/04/17 15:25:31 UTC
Table: 'Expresso(1097117293)#0' 3-max (real money) Seat #2 is the button
Seat 1: Samponi (471)
Seat 2: NicoBet31 (859)
Seat 3: Kravitz13 (170)
*** ANTE/BLINDS ***
Kravitz13 posts small blind 15
Samponi posts big blind 30
Dealt to Samponi [4d 6s]
*** PRE-FLOP *** 
NicoBet31 calls 30
Kravitz13 raises 140 to 170 and is all-in
Samponi folds
NicoBet31 calls 140
*** FLOP *** [9s 3d Ts]
*** TURN *** [9s 3d Ts][5s]
*** RIVER *** [9s 3d Ts 5s][4c]
*** SHOW DOWN ***
NicoBet31 shows [6c Kh] (High card : King)
Kravitz13 shows [Qh Qd] (One pair : Queens)
Kravitz13 collected 370 from pot
*** SUMMARY ***
Total pot 370 | No rake
Board: [9s 3d Ts 5s 4c]
Seat 2: NicoBet31 (button) showed [6c Kh] and lost with High card : King
Seat 3: Kravitz13 (small blind) showed [Qh Qd] and won 370 with One pair : Queens


Winamax Poker - Tournament "Expresso" buyIn: 0.93€ + 0.07€ level: 2 - HandId: #4712082893311049729-11-1776439545 - Holdem no limit (15/30) - 2026/04/17 15:25:45 UTC
Table: 'Expresso(1097117293)#0' 3-max (real money) Seat #3 is the button
Seat 1: Samponi (441)
Seat 2: NicoBet31 (689)
Seat 3: Kravitz13 (370)
*** ANTE/BLINDS ***
Samponi posts small blind 15
NicoBet31 posts big blind 30
Dealt to Samponi [Qh Jh]
*** PRE-FLOP *** 
Kravitz13 folds
Samponi raises 45 to 75
NicoBet31 calls 45
*** FLOP *** [3h 4s 9h]
Samponi bets 98
NicoBet31 folds
Samponi collected 248 from pot
*** SUMMARY ***
Total pot 248 | No rake
Board: [3h 4s 9h]
Seat 1: Samponi (small blind) won 248


Winamax Poker - Tournament "Expresso" buyIn: 0.93€ + 0.07€ level: 2 - HandId: #4712082893311049729-12-1776439556 - Holdem no limit (15/30) - 2026/04/17 15:25:56 UTC
Table: 'Expresso(1097117293)#0' 3-max (real money) Seat #1 is the button
Seat 1: Samponi (516)
Seat 2: NicoBet31 (614)
Seat 3: Kravitz13 (370)
*** ANTE/BLINDS ***
NicoBet31 posts small blind 15
Kravitz13 posts big blind 30
Dealt to Samponi [Ac Jc]
*** PRE-FLOP *** 
Samponi raises 30 to 60
NicoBet31 folds
Kravitz13 calls 30
*** FLOP *** [8d Qs Td]
Kravitz13 checks
Samponi checks
*** TURN *** [8d Qs Td][2c]
Kravitz13 bets 310 and is all-in
Samponi folds
Kravitz13 collected 445 from pot
*** SUMMARY ***
Total pot 445 | No rake
Board: [8d Qs Td 2c]
Seat 3: Kravitz13 (big blind) won 445


Winamax Poker - Tournament "Expresso" buyIn: 0.93€ + 0.07€ level: 3 - HandId: #4712082893311049729-13-1776439587 - Holdem no limit (20/40) - 2026/04/17 15:26:27 UTC
Table: 'Expresso(1097117293)#0' 3-max (real money) Seat #2 is the button
Seat 1: Samponi (456)
Seat 2: NicoBet31 (599)
Seat 3: Kravitz13 (445)
*** ANTE/BLINDS ***
Kravitz13 posts small blind 20
Samponi posts big blind 40
Dealt to Samponi [9d 2h]
*** PRE-FLOP *** 
NicoBet31 folds
Kravitz13 calls 20
Samponi checks
*** FLOP *** [Td 2d 9s]
Kravitz13 checks
Samponi bets 40
Kravitz13 folds
Samponi collected 120 from pot
*** SUMMARY ***
Total pot 120 | No rake
Board: [Td 2d 9s]
Seat 1: Samponi (big blind) won 120


Winamax Poker - Tournament "Expresso" buyIn: 0.93€ + 0.07€ level: 3 - HandId: #4712082893311049729-14-1776439602 - Holdem no limit (20/40) - 2026/04/17 15:26:42 UTC
Table: 'Expresso(1097117293)#0' 3-max (real money) Seat #3 is the button
Seat 1: Samponi (496)
Seat 2: NicoBet31 (599)
Seat 3: Kravitz13 (405)
*** ANTE/BLINDS ***
Samponi posts small blind 20
NicoBet31 posts big blind 40
Dealt to Samponi [Qc As]
*** PRE-FLOP *** 
Kravitz13 calls 40
Samponi raises 40 to 80
NicoBet31 calls 40
Kravitz13 calls 40
*** FLOP *** [Js Tc 5d]
Samponi checks
NicoBet31 bets 156
Kravitz13 calls 156
Samponi calls 156
*** TURN *** [Js Tc 5d][Td]
Samponi bets 260 and is all-in
NicoBet31 folds
Kravitz13 calls 169 and is all-in
*** RIVER *** [Js Tc 5d Td][4d]
*** SHOW DOWN ***
Samponi shows [Qc As] (One pair : Tens)
Kravitz13 shows [Jc 8h] (Two pairs : Jacks and Tens)
Kravitz13 collected 1046 from main pot
Samponi collected 91 from side pot 1
*** SUMMARY ***
Total pot 1137 | No rake
Board: [Js Tc 5d Td 4d]
Seat 1: Samponi (small blind) showed [Qc As] and won 91 with One pair : Tens
Seat 3: Kravitz13 (button) showed [Jc 8h] and won 1046 with Two pairs : Jacks and Tens


Winamax Poker - Tournament "Expresso" buyIn: 0.93€ + 0.07€ level: 3 - HandId: #4712082893311049729-15-1776439629 - Holdem no limit (20/40) - 2026/04/17 15:27:09 UTC
Table: 'Expresso(1097117293)#0' 3-max (real money) Seat #1 is the button
Seat 1: Samponi (91)
Seat 2: NicoBet31 (363)
Seat 3: Kravitz13 (1046)
*** ANTE/BLINDS ***
NicoBet31 posts small blind 20
Kravitz13 posts big blind 40
Dealt to Samponi [8d 7c]
*** PRE-FLOP *** 
Samponi raises 51 to 91 and is all-in
NicoBet31 folds
Kravitz13 calls 51
*** FLOP *** [4c 6h 3d]
*** TURN *** [4c 6h 3d][3c]
*** RIVER *** [4c 6h 3d 3c][Ah]
*** SHOW DOWN ***
Samponi shows [8d 7c] (One pair : 3)
Kravitz13 shows [Jh 2h] (One pair : 3)
Kravitz13 collected 202 from pot
*** SUMMARY ***
Total pot 202 | No rake
Board: [4c 6h 3d 3c Ah]
Seat 1: Samponi (button) showed [8d 7c] and lost with One pair : 3
Seat 3: Kravitz13 (big blind) showed [Jh 2h] and won 202 with One pair : 3


