Winamax Poker - Tournament "Expresso Nitro" buyIn: 0.46€ + 0.04€ level: 1 - HandId: #4668573384248918017-1-1774798598 - Holdem no limit (10/20) - 2026/03/29 15:36:38 UTC
Table: 'Expresso Nitro(1086986946)#0' 3-max (real money) Seat #2 is the button
Seat 1: Samponi (300)
Seat 2: LesNikes (300)
Seat 3: SafSafProno (300)
*** ANTE/BLINDS ***
SafSafProno posts small blind 10
Samponi posts big blind 20
Dealt to Samponi [Ts Td]
*** PRE-FLOP *** 
LesNikes raises 30 to 50
SafSafProno calls 40
Samponi raises 250 to 300 and is all-in
LesNikes folds
SafSafProno folds
Samponi collected 400 from pot
*** SUMMARY ***
Total pot 400 | No rake
Seat 1: Samponi (big blind) won 400


Winamax Poker - Tournament "Expresso Nitro" buyIn: 0.46€ + 0.04€ level: 1 - HandId: #4668573384248918017-2-1774798611 - Holdem no limit (10/20) - 2026/03/29 15:36:51 UTC
Table: 'Expresso Nitro(1086986946)#0' 3-max (real money) Seat #3 is the button
Seat 1: Samponi (400)
Seat 2: LesNikes (250)
Seat 3: SafSafProno (250)
*** ANTE/BLINDS ***
Samponi posts small blind 10
LesNikes posts big blind 20
Dealt to Samponi [Kh 5s]
*** PRE-FLOP *** 
SafSafProno raises 40 to 60
Samponi folds
LesNikes calls 40
*** FLOP *** [Ah Kc 4h]
LesNikes checks
SafSafProno bets 85
LesNikes folds
SafSafProno collected 215 from pot
*** SUMMARY ***
Total pot 215 | No rake
Board: [Ah Kc 4h]
Seat 3: SafSafProno (button) won 215


Winamax Poker - Tournament "Expresso Nitro" buyIn: 0.46€ + 0.04€ level: 1 - HandId: #4668573384248918017-3-1774798638 - Holdem no limit (10/20) - 2026/03/29 15:37:18 UTC
Table: 'Expresso Nitro(1086986946)#0' 3-max (real money) Seat #1 is the button
Seat 1: Samponi (390)
Seat 2: LesNikes (190)
Seat 3: SafSafProno (320)
*** ANTE/BLINDS ***
LesNikes posts small blind 10
SafSafProno posts big blind 20
Dealt to Samponi [5s 6s]
*** PRE-FLOP *** 
Samponi folds
LesNikes folds
SafSafProno collected 30 from pot
*** SUMMARY ***
Total pot 30 | No rake
Seat 3: SafSafProno (big blind) won 30


Winamax Poker - Tournament "Expresso Nitro" buyIn: 0.46€ + 0.04€ level: 1 - HandId: #4668573384248918017-4-1774798642 - Holdem no limit (10/20) - 2026/03/29 15:37:22 UTC
Table: 'Expresso Nitro(1086986946)#0' 3-max (real money) Seat #2 is the button
Seat 1: Samponi (390)
Seat 2: LesNikes (180)
Seat 3: SafSafProno (330)
*** ANTE/BLINDS ***
SafSafProno posts small blind 10
Samponi posts big blind 20
Dealt to Samponi [Qc Ks]
*** PRE-FLOP *** 
LesNikes raises 40 to 60
SafSafProno folds
Samponi calls 40
*** FLOP *** [6h Ac 2h]
Samponi checks
LesNikes bets 46
Samponi folds
LesNikes collected 176 from pot
*** SUMMARY ***
Total pot 176 | No rake
Board: [6h Ac 2h]
Seat 2: LesNikes (button) won 176


Winamax Poker - Tournament "Expresso Nitro" buyIn: 0.46€ + 0.04€ level: 2 - HandId: #4668573384248918017-5-1774798658 - Holdem no limit (15/30) - 2026/03/29 15:37:38 UTC
Table: 'Expresso Nitro(1086986946)#0' 3-max (real money) Seat #3 is the button
Seat 1: Samponi (330)
Seat 2: LesNikes (250)
Seat 3: SafSafProno (320)
*** ANTE/BLINDS ***
Samponi posts small blind 15
LesNikes posts big blind 30
Dealt to Samponi [9c 7s]
*** PRE-FLOP *** 
SafSafProno calls 30
Samponi folds
LesNikes checks
*** FLOP *** [Th 5c 6h]
LesNikes checks
SafSafProno checks
*** TURN *** [Th 5c 6h][9s]
LesNikes bets 49
SafSafProno folds
LesNikes collected 124 from pot
*** SUMMARY ***
Total pot 124 | No rake
Board: [Th 5c 6h 9s]
Seat 2: LesNikes (big blind) won 124


Winamax Poker - Tournament "Expresso Nitro" buyIn: 0.46€ + 0.04€ level: 2 - HandId: #4668573384248918017-6-1774798671 - Holdem no limit (15/30) - 2026/03/29 15:37:51 UTC
Table: 'Expresso Nitro(1086986946)#0' 3-max (real money) Seat #1 is the button
Seat 1: Samponi (315)
Seat 2: LesNikes (295)
Seat 3: SafSafProno (290)
*** ANTE/BLINDS ***
LesNikes posts small blind 15
SafSafProno posts big blind 30
Dealt to Samponi [Qd 3s]
*** PRE-FLOP *** 
Samponi folds
LesNikes folds
SafSafProno collected 45 from pot
*** SUMMARY ***
Total pot 45 | No rake
Seat 3: SafSafProno (big blind) won 45


Winamax Poker - Tournament "Expresso Nitro" buyIn: 0.46€ + 0.04€ level: 2 - HandId: #4668573384248918017-7-1774798683 - Holdem no limit (15/30) - 2026/03/29 15:38:03 UTC
Table: 'Expresso Nitro(1086986946)#0' 3-max (real money) Seat #2 is the button
Seat 1: Samponi (315)
Seat 2: LesNikes (280)
Seat 3: SafSafProno (305)
*** ANTE/BLINDS ***
SafSafProno posts small blind 15
Samponi posts big blind 30
Dealt to Samponi [9d Jc]
*** PRE-FLOP *** 
LesNikes folds
SafSafProno raises 275 to 305 and is all-in
Samponi folds
SafSafProno collected 335 from pot
*** SUMMARY ***
Total pot 335 | No rake
Seat 3: SafSafProno (small blind) won 335


Winamax Poker - Tournament "Expresso Nitro" buyIn: 0.46€ + 0.04€ level: 2 - HandId: #4668573384248918017-8-1774798692 - Holdem no limit (15/30) - 2026/03/29 15:38:12 UTC
Table: 'Expresso Nitro(1086986946)#0' 3-max (real money) Seat #3 is the button
Seat 1: Samponi (285)
Seat 2: LesNikes (280)
Seat 3: SafSafProno (335)
*** ANTE/BLINDS ***
Samponi posts small blind 15
LesNikes posts big blind 30
Dealt to Samponi [3d 5d]
*** PRE-FLOP *** 
SafSafProno folds
Samponi folds
LesNikes collected 45 from pot
*** SUMMARY ***
Total pot 45 | No rake
Seat 2: LesNikes (big blind) won 45


Winamax Poker - Tournament "Expresso Nitro" buyIn: 0.46€ + 0.04€ level: 2 - HandId: #4668573384248918017-9-1774798700 - Holdem no limit (15/30) - 2026/03/29 15:38:20 UTC
Table: 'Expresso Nitro(1086986946)#0' 3-max (real money) Seat #1 is the button
Seat 1: Samponi (270)
Seat 2: LesNikes (295)
Seat 3: SafSafProno (335)
*** ANTE/BLINDS ***
LesNikes posts small blind 15
SafSafProno posts big blind 30
Dealt to Samponi [9c 4s]
*** PRE-FLOP *** 
Samponi folds
LesNikes raises 60 to 90
SafSafProno folds
LesNikes collected 120 from pot
*** SUMMARY ***
Total pot 120 | No rake
Seat 2: LesNikes (small blind) won 120


Winamax Poker - Tournament "Expresso Nitro" buyIn: 0.46€ + 0.04€ level: 2 - HandId: #4668573384248918017-10-1774798709 - Holdem no limit (15/30) - 2026/03/29 15:38:29 UTC
Table: 'Expresso Nitro(1086986946)#0' 3-max (real money) Seat #2 is the button
Seat 1: Samponi (270)
Seat 2: LesNikes (325)
Seat 3: SafSafProno (305)
*** ANTE/BLINDS ***
SafSafProno posts small blind 15
Samponi posts big blind 30
Dealt to Samponi [3s 3h]
*** PRE-FLOP *** 
LesNikes raises 30 to 60
SafSafProno raises 245 to 305 and is all-in
Samponi folds
LesNikes folds
SafSafProno collected 395 from pot
*** SUMMARY ***
Total pot 395 | No rake
Seat 3: SafSafProno (small blind) won 395


Winamax Poker - Tournament "Expresso Nitro" buyIn: 0.46€ + 0.04€ level: 3 - HandId: #4668573384248918017-11-1774798718 - Holdem no limit (20/40) - 2026/03/29 15:38:38 UTC
Table: 'Expresso Nitro(1086986946)#0' 3-max (real money) Seat #3 is the button
Seat 1: Samponi (240)
Seat 2: LesNikes (265)
Seat 3: SafSafProno (395)
*** ANTE/BLINDS ***
Samponi posts small blind 20
LesNikes posts big blind 40
Dealt to Samponi [Td 7h]
*** PRE-FLOP *** 
SafSafProno calls 40
Samponi folds
LesNikes checks
*** FLOP *** [5c 6d 4c]
LesNikes checks
SafSafProno checks
*** TURN *** [5c 6d 4c][Ah]
LesNikes bets 65
SafSafProno folds
LesNikes collected 165 from pot
*** SUMMARY ***
Total pot 165 | No rake
Board: [5c 6d 4c Ah]
Seat 2: LesNikes (big blind) won 165


Winamax Poker - Tournament "Expresso Nitro" buyIn: 0.46€ + 0.04€ level: 3 - HandId: #4668573384248918017-12-1774798738 - Holdem no limit (20/40) - 2026/03/29 15:38:58 UTC
Table: 'Expresso Nitro(1086986946)#0' 3-max (real money) Seat #1 is the button
Seat 1: Samponi (220)
Seat 2: LesNikes (325)
Seat 3: SafSafProno (355)
*** ANTE/BLINDS ***
LesNikes posts small blind 20
SafSafProno posts big blind 40
Dealt to Samponi [5d Kh]
*** PRE-FLOP *** 
Samponi folds
LesNikes raises 80 to 120
SafSafProno folds
LesNikes collected 160 from pot
*** SUMMARY ***
Total pot 160 | No rake
Seat 2: LesNikes (small blind) won 160


Winamax Poker - Tournament "Expresso Nitro" buyIn: 0.46€ + 0.04€ level: 3 - HandId: #4668573384248918017-13-1774798745 - Holdem no limit (20/40) - 2026/03/29 15:39:05 UTC
Table: 'Expresso Nitro(1086986946)#0' 3-max (real money) Seat #2 is the button
Seat 1: Samponi (220)
Seat 2: LesNikes (365)
Seat 3: SafSafProno (315)
*** ANTE/BLINDS ***
SafSafProno posts small blind 20
Samponi posts big blind 40
Dealt to Samponi [Qc 3s]
*** PRE-FLOP *** 
LesNikes folds
SafSafProno raises 275 to 315 and is all-in
Samponi folds
SafSafProno collected 355 from pot
*** SUMMARY ***
Total pot 355 | No rake
Seat 3: SafSafProno (small blind) won 355


Winamax Poker - Tournament "Expresso Nitro" buyIn: 0.46€ + 0.04€ level: 3 - HandId: #4668573384248918017-14-1774798754 - Holdem no limit (20/40) - 2026/03/29 15:39:14 UTC
Table: 'Expresso Nitro(1086986946)#0' 3-max (real money) Seat #3 is the button
Seat 1: Samponi (180)
Seat 2: LesNikes (365)
Seat 3: SafSafProno (355)
*** ANTE/BLINDS ***
Samponi posts small blind 20
LesNikes posts big blind 40
Dealt to Samponi [8s 3d]
*** PRE-FLOP *** 
SafSafProno folds
Samponi folds
LesNikes collected 60 from pot
*** SUMMARY ***
Total pot 60 | No rake
Seat 2: LesNikes (big blind) won 60


Winamax Poker - Tournament "Expresso Nitro" buyIn: 0.46€ + 0.04€ level: 3 - HandId: #4668573384248918017-15-1774798760 - Holdem no limit (20/40) - 2026/03/29 15:39:20 UTC
Table: 'Expresso Nitro(1086986946)#0' 3-max (real money) Seat #1 is the button
Seat 1: Samponi (160)
Seat 2: LesNikes (385)
Seat 3: SafSafProno (355)
*** ANTE/BLINDS ***
LesNikes posts small blind 20
SafSafProno posts big blind 40
Dealt to Samponi [6s 9c]
*** PRE-FLOP *** 
Samponi folds
LesNikes folds
SafSafProno collected 60 from pot
*** SUMMARY ***
Total pot 60 | No rake
Seat 3: SafSafProno (big blind) won 60


Winamax Poker - Tournament "Expresso Nitro" buyIn: 0.46€ + 0.04€ level: 3 - HandId: #4668573384248918017-16-1774798766 - Holdem no limit (20/40) - 2026/03/29 15:39:26 UTC
Table: 'Expresso Nitro(1086986946)#0' 3-max (real money) Seat #2 is the button
Seat 1: Samponi (160)
Seat 2: LesNikes (365)
Seat 3: SafSafProno (375)
*** ANTE/BLINDS ***
SafSafProno posts small blind 20
Samponi posts big blind 40
Dealt to Samponi [5d 3c]
*** PRE-FLOP *** 
LesNikes raises 60 to 100
SafSafProno folds
Samponi folds
LesNikes collected 160 from pot
*** SUMMARY ***
Total pot 160 | No rake
Seat 2: LesNikes (button) won 160


Winamax Poker - Tournament "Expresso Nitro" buyIn: 0.46€ + 0.04€ level: 3 - HandId: #4668573384248918017-17-1774798774 - Holdem no limit (20/40) - 2026/03/29 15:39:34 UTC
Table: 'Expresso Nitro(1086986946)#0' 3-max (real money) Seat #3 is the button
Seat 1: Samponi (120)
Seat 2: LesNikes (425)
Seat 3: SafSafProno (355)
*** ANTE/BLINDS ***
Samponi posts small blind 20
LesNikes posts big blind 40
Dealt to Samponi [Th 8s]
*** PRE-FLOP *** 
SafSafProno raises 80 to 120
Samponi folds
LesNikes calls 80
*** FLOP *** [Qs 7h As]
LesNikes bets 40
SafSafProno raises 195 to 235 and is all-in
LesNikes calls 195
*** TURN *** [Qs 7h As][Kc]
*** RIVER *** [Qs 7h As Kc][Ah]
*** SHOW DOWN ***
LesNikes shows [5s Js] (One pair : Aces)
SafSafProno shows [Ac Jh] (Trips of Aces)
SafSafProno collected 730 from pot
*** SUMMARY ***
Total pot 730 | No rake
Board: [Qs 7h As Kc Ah]
Seat 2: LesNikes (big blind) showed [5s Js] and lost with One pair : Aces
Seat 3: SafSafProno (button) showed [Ac Jh] and won 730 with Trips of Aces


Winamax Poker - Tournament "Expresso Nitro" buyIn: 0.46€ + 0.04€ level: 4 - HandId: #4668573384248918017-18-1774798797 - Holdem no limit (30/60) - 2026/03/29 15:39:57 UTC
Table: 'Expresso Nitro(1086986946)#0' 3-max (real money) Seat #1 is the button
Seat 1: Samponi (100)
Seat 2: LesNikes (70)
Seat 3: SafSafProno (730)
*** ANTE/BLINDS ***
LesNikes posts small blind 30
SafSafProno posts big blind 60
Dealt to Samponi [8h 5h]
*** PRE-FLOP *** 
Samponi folds
LesNikes calls 30
SafSafProno checks
*** FLOP *** [Ad 4c 4s]
LesNikes bets 10 and is all-in
SafSafProno calls 10
*** TURN *** [Ad 4c 4s][Qc]
*** RIVER *** [Ad 4c 4s Qc][9h]
*** SHOW DOWN ***
SafSafProno shows [Td 2d] (One pair : 4)
LesNikes shows [Qh 5d] (Two pairs : Queens and 4)
LesNikes collected 140 from pot
*** SUMMARY ***
Total pot 140 | No rake
Board: [Ad 4c 4s Qc 9h]
Seat 2: LesNikes (small blind) showed [Qh 5d] and won 140 with Two pairs : Queens and 4
Seat 3: SafSafProno (big blind) showed [Td 2d] and lost with One pair : 4


Winamax Poker - Tournament "Expresso Nitro" buyIn: 0.46€ + 0.04€ level: 4 - HandId: #4668573384248918017-19-1774798811 - Holdem no limit (30/60) - 2026/03/29 15:40:11 UTC
Table: 'Expresso Nitro(1086986946)#0' 3-max (real money) Seat #2 is the button
Seat 1: Samponi (100)
Seat 2: LesNikes (140)
Seat 3: SafSafProno (660)
*** ANTE/BLINDS ***
SafSafProno posts small blind 30
Samponi posts big blind 60
Dealt to Samponi [9h 6c]
*** PRE-FLOP *** 
LesNikes raises 80 to 140 and is all-in
SafSafProno folds
Samponi folds
LesNikes collected 230 from pot
*** SUMMARY ***
Total pot 230 | No rake
Seat 2: LesNikes (button) won 230


Winamax Poker - Tournament "Expresso Nitro" buyIn: 0.46€ + 0.04€ level: 4 - HandId: #4668573384248918017-20-1774798819 - Holdem no limit (30/60) - 2026/03/29 15:40:19 UTC
Table: 'Expresso Nitro(1086986946)#0' 3-max (real money) Seat #3 is the button
Seat 1: Samponi (40)
Seat 2: LesNikes (230)
Seat 3: SafSafProno (630)
*** ANTE/BLINDS ***
Samponi posts small blind 30
LesNikes posts big blind 60
Dealt to Samponi [7h 7c]
*** PRE-FLOP *** 
SafSafProno folds
Samponi calls 10 and is all-in
*** FLOP *** [9d 9s Td]
*** TURN *** [9d 9s Td][5d]
*** RIVER *** [9d 9s Td 5d][Tc]
*** SHOW DOWN ***
Samponi shows [7h 7c] (Two pairs : Tens and 9)
LesNikes shows [3d 5c] (Two pairs : Tens and 9)
LesNikes collected 20 from side pot 1
Samponi collected 80 from main pot
*** SUMMARY ***
Total pot 100 | No rake
Board: [9d 9s Td 5d Tc]
Seat 1: Samponi (small blind) showed [7h 7c] and won 80 with Two pairs : Tens and 9
Seat 2: LesNikes (big blind) showed [3d 5c] and won 20 with Two pairs : Tens and 9


Winamax Poker - Tournament "Expresso Nitro" buyIn: 0.46€ + 0.04€ level: 5 - HandId: #4668573384248918017-21-1774798836 - Holdem no limit (40/80) - 2026/03/29 15:40:36 UTC
Table: 'Expresso Nitro(1086986946)#0' 3-max (real money) Seat #1 is the button
Seat 1: Samponi (80)
Seat 2: LesNikes (190)
Seat 3: SafSafProno (630)
*** ANTE/BLINDS ***
LesNikes posts small blind 40
SafSafProno posts big blind 80
Dealt to Samponi [5c 4c]
*** PRE-FLOP *** 
Samponi folds
LesNikes raises 110 to 190 and is all-in
SafSafProno raises 440 to 630 and is all-in
*** FLOP *** [As Ts 4d]
*** TURN *** [As Ts 4d][Kd]
*** RIVER *** [As Ts 4d Kd][2h]
*** SHOW DOWN ***
LesNikes shows [2s 4s] (Two pairs : 4 and 2)
SafSafProno shows [Ad 7s] (One pair : Aces)
SafSafProno collected 440 from side pot 1
LesNikes collected 380 from main pot
*** SUMMARY ***
Total pot 820 | No rake
Board: [As Ts 4d Kd 2h]
Seat 2: LesNikes (small blind) showed [2s 4s] and won 380 with Two pairs : 4 and 2
Seat 3: SafSafProno (big blind) showed [Ad 7s] and won 440 with One pair : Aces


Winamax Poker - Tournament "Expresso Nitro" buyIn: 0.46€ + 0.04€ level: 5 - HandId: #4668573384248918017-22-1774798850 - Holdem no limit (40/80) - 2026/03/29 15:40:50 UTC
Table: 'Expresso Nitro(1086986946)#0' 3-max (real money) Seat #2 is the button
Seat 1: Samponi (80)
Seat 2: LesNikes (380)
Seat 3: SafSafProno (440)
*** ANTE/BLINDS ***
SafSafProno posts small blind 40
Samponi posts big blind 80 and is all-in
Dealt to Samponi [9s 7s]
*** PRE-FLOP *** 
LesNikes raises 80 to 160
SafSafProno raises 280 to 440 and is all-in
LesNikes folds
*** FLOP *** [Qh Jc Kh]
*** TURN *** [Qh Jc Kh][3c]
*** RIVER *** [Qh Jc Kh 3c][7c]
*** SHOW DOWN ***
Samponi shows [9s 7s] (One pair : 7)
SafSafProno shows [Js Jd] (Trips of Jacks)
SafSafProno collected 680 from pot
*** SUMMARY ***
Total pot 680 | No rake
Board: [Qh Jc Kh 3c 7c]
Seat 1: Samponi (big blind) showed [9s 7s] and lost with One pair : 7
Seat 3: SafSafProno (small blind) showed [Js Jd] and won 680 with Trips of Jacks


