Winamax Poker - Tournament "Expresso Nitro" buyIn: 0.46€ + 0.04€ level: 1 - HandId: #4668562797154533377-1-1774798227 - Holdem no limit (10/20) - 2026/03/29 15:30:27 UTC
Table: 'Expresso Nitro(1086984481)#0' 3-max (real money) Seat #2 is the button
Seat 1: ValueBett (300)
Seat 2: Samponi (300)
Seat 3: Viviano45 (300)
*** ANTE/BLINDS ***
Viviano45 posts small blind 10
ValueBett posts big blind 20
Dealt to Samponi [2c Td]
*** PRE-FLOP *** 
Samponi folds
Viviano45 calls 10
ValueBett checks
*** FLOP *** [7s Th Kh]
Viviano45 checks
ValueBett checks
*** TURN *** [7s Th Kh][Kc]
Viviano45 checks
ValueBett checks
*** RIVER *** [7s Th Kh Kc][8d]
Viviano45 checks
ValueBett checks
*** SHOW DOWN ***
ValueBett shows [4s Jc] (One pair : Kings)
Viviano45 shows [2h Jh] (One pair : Kings)
Viviano45 collected 20 from pot
ValueBett collected 20 from pot
*** SUMMARY ***
Total pot 40 | No rake
Board: [7s Th Kh Kc 8d]
Seat 1: ValueBett (big blind) showed [4s Jc] and won 20 with One pair : Kings
Seat 3: Viviano45 (small blind) showed [2h Jh] and won 20 with One pair : Kings


Winamax Poker - Tournament "Expresso Nitro" buyIn: 0.46€ + 0.04€ level: 1 - HandId: #4668562797154533377-2-1774798256 - Holdem no limit (10/20) - 2026/03/29 15:30:56 UTC
Table: 'Expresso Nitro(1086984481)#0' 3-max (real money) Seat #3 is the button
Seat 1: ValueBett (300)
Seat 2: Samponi (300)
Seat 3: Viviano45 (300)
*** ANTE/BLINDS ***
ValueBett posts small blind 10
Samponi posts big blind 20
Dealt to Samponi [4s Js]
*** PRE-FLOP *** 
Viviano45 calls 20
ValueBett calls 10
Samponi checks
*** FLOP *** [4d 3s 9s]
ValueBett checks
Samponi bets 280 and is all-in
Viviano45 calls 280 and is all-in
ValueBett folds
*** TURN *** [4d 3s 9s][Qs]
*** RIVER *** [4d 3s 9s Qs][Ac]
*** SHOW DOWN ***
Viviano45 shows [4h 9h] (Two pairs : 9 and 4)
Samponi shows [4s Js] (Flush Queen high)
Samponi collected 620 from pot
*** SUMMARY ***
Total pot 620 | No rake
Board: [4d 3s 9s Qs Ac]
Seat 2: Samponi (big blind) showed [4s Js] and won 620 with Flush Queen high
Seat 3: Viviano45 (button) showed [4h 9h] and lost with Two pairs : 9 and 4


Winamax Poker - Tournament "Expresso Nitro" buyIn: 0.46€ + 0.04€ level: 1 - HandId: #4668562797154533377-3-1774798283 - Holdem no limit (10/20) - 2026/03/29 15:31:23 UTC
Table: 'Expresso Nitro(1086984481)#0' 3-max (real money) Seat #2 is the button
Seat 1: ValueBett (280)
Seat 2: Samponi (620)
*** ANTE/BLINDS ***
Samponi posts small blind 10
ValueBett posts big blind 20
Dealt to Samponi [9s 8c]
*** PRE-FLOP *** 
Samponi raises 600 to 620 and is all-in
ValueBett folds
Samponi collected 640 from pot
*** SUMMARY ***
Total pot 640 | No rake
Seat 2: Samponi (small blind) (button) won 640


Winamax Poker - Tournament "Expresso Nitro" buyIn: 0.46€ + 0.04€ level: 2 - HandId: #4668562797154533377-4-1774798300 - Holdem no limit (15/30) - 2026/03/29 15:31:40 UTC
Table: 'Expresso Nitro(1086984481)#0' 3-max (real money) Seat #1 is the button
Seat 1: ValueBett (260)
Seat 2: Samponi (640)
*** ANTE/BLINDS ***
ValueBett posts small blind 15
Samponi posts big blind 30
Dealt to Samponi [7h 2h]
*** PRE-FLOP *** 
ValueBett calls 15
Samponi checks
*** FLOP *** [9s 5h Ts]
Samponi checks
ValueBett checks
*** TURN *** [9s 5h Ts][3c]
Samponi checks
ValueBett checks
*** RIVER *** [9s 5h Ts 3c][6d]
Samponi checks
ValueBett checks
*** SHOW DOWN ***
Samponi shows [7h 2h] (High card : Ten)
ValueBett shows [2c Jc] (High card : Jack)
ValueBett collected 60 from pot
*** SUMMARY ***
Total pot 60 | No rake
Board: [9s 5h Ts 3c 6d]
Seat 1: ValueBett (small blind) (button) showed [2c Jc] and won 60 with High card : Jack
Seat 2: Samponi (big blind) showed [7h 2h] and lost with High card : Ten


Winamax Poker - Tournament "Expresso Nitro" buyIn: 0.46€ + 0.04€ level: 2 - HandId: #4668562797154533377-5-1774798333 - Holdem no limit (15/30) - 2026/03/29 15:32:13 UTC
Table: 'Expresso Nitro(1086984481)#0' 3-max (real money) Seat #2 is the button
Seat 1: ValueBett (290)
Seat 2: Samponi (610)
*** ANTE/BLINDS ***
Samponi posts small blind 15
ValueBett posts big blind 30
Dealt to Samponi [9d Qc]
*** PRE-FLOP *** 
Samponi calls 15
ValueBett checks
*** FLOP *** [2s Qd Ts]
ValueBett checks
Samponi bets 30
ValueBett folds
Samponi collected 90 from pot
*** SUMMARY ***
Total pot 90 | No rake
Board: [2s Qd Ts]
Seat 2: Samponi (small blind) (button) won 90


Winamax Poker - Tournament "Expresso Nitro" buyIn: 0.46€ + 0.04€ level: 3 - HandId: #4668562797154533377-6-1774798355 - Holdem no limit (20/40) - 2026/03/29 15:32:35 UTC
Table: 'Expresso Nitro(1086984481)#0' 3-max (real money) Seat #1 is the button
Seat 1: ValueBett (260)
Seat 2: Samponi (640)
*** ANTE/BLINDS ***
ValueBett posts small blind 20
Samponi posts big blind 40
Dealt to Samponi [7h 4s]
*** PRE-FLOP *** 
ValueBett folds
Samponi collected 60 from pot
*** SUMMARY ***
Total pot 60 | No rake
Seat 2: Samponi (big blind) won 60


Winamax Poker - Tournament "Expresso Nitro" buyIn: 0.46€ + 0.04€ level: 3 - HandId: #4668562797154533377-7-1774798361 - Holdem no limit (20/40) - 2026/03/29 15:32:41 UTC
Table: 'Expresso Nitro(1086984481)#0' 3-max (real money) Seat #2 is the button
Seat 1: ValueBett (240)
Seat 2: Samponi (660)
*** ANTE/BLINDS ***
Samponi posts small blind 20
ValueBett posts big blind 40
Dealt to Samponi [7d Kd]
*** PRE-FLOP *** 
Samponi raises 620 to 660 and is all-in
ValueBett calls 200 and is all-in
*** FLOP *** [Jh Ac 6c]
*** TURN *** [Jh Ac 6c][Ts]
*** RIVER *** [Jh Ac 6c Ts][Kc]
*** SHOW DOWN ***
ValueBett shows [Jc Qd] (Straight Ace high)
Samponi shows [7d Kd] (One pair : Kings)
Samponi collected 420 from side pot 1
ValueBett collected 480 from main pot
*** SUMMARY ***
Total pot 900 | No rake
Board: [Jh Ac 6c Ts Kc]
Seat 1: ValueBett (big blind) showed [Jc Qd] and won 480 with Straight Ace high
Seat 2: Samponi (small blind) (button) showed [7d Kd] and won 420 with One pair : Kings


Winamax Poker - Tournament "Expresso Nitro" buyIn: 0.46€ + 0.04€ level: 3 - HandId: #4668562797154533377-8-1774798375 - Holdem no limit (20/40) - 2026/03/29 15:32:55 UTC
Table: 'Expresso Nitro(1086984481)#0' 3-max (real money) Seat #1 is the button
Seat 1: ValueBett (480)
Seat 2: Samponi (420)
*** ANTE/BLINDS ***
ValueBett posts small blind 20
Samponi posts big blind 40
Dealt to Samponi [Th Js]
*** PRE-FLOP *** 
ValueBett folds
Samponi collected 60 from pot
*** SUMMARY ***
Total pot 60 | No rake
Seat 2: Samponi (big blind) won 60


Winamax Poker - Tournament "Expresso Nitro" buyIn: 0.46€ + 0.04€ level: 3 - HandId: #4668562797154533377-9-1774798380 - Holdem no limit (20/40) - 2026/03/29 15:33:00 UTC
Table: 'Expresso Nitro(1086984481)#0' 3-max (real money) Seat #2 is the button
Seat 1: ValueBett (460)
Seat 2: Samponi (440)
*** ANTE/BLINDS ***
Samponi posts small blind 20
ValueBett posts big blind 40
Dealt to Samponi [6d 9c]
*** PRE-FLOP *** 
Samponi folds
ValueBett collected 60 from pot
*** SUMMARY ***
Total pot 60 | No rake
Seat 1: ValueBett (big blind) won 60


Winamax Poker - Tournament "Expresso Nitro" buyIn: 0.46€ + 0.04€ level: 3 - HandId: #4668562797154533377-10-1774798384 - Holdem no limit (20/40) - 2026/03/29 15:33:04 UTC
Table: 'Expresso Nitro(1086984481)#0' 3-max (real money) Seat #1 is the button
Seat 1: ValueBett (480)
Seat 2: Samponi (420)
*** ANTE/BLINDS ***
ValueBett posts small blind 20
Samponi posts big blind 40
Dealt to Samponi [2c 3h]
*** PRE-FLOP *** 
ValueBett raises 440 to 480 and is all-in
Samponi folds
ValueBett collected 520 from pot
*** SUMMARY ***
Total pot 520 | No rake
Seat 1: ValueBett (small blind) (button) won 520


Winamax Poker - Tournament "Expresso Nitro" buyIn: 0.46€ + 0.04€ level: 3 - HandId: #4668562797154533377-11-1774798400 - Holdem no limit (20/40) - 2026/03/29 15:33:20 UTC
Table: 'Expresso Nitro(1086984481)#0' 3-max (real money) Seat #2 is the button
Seat 1: ValueBett (520)
Seat 2: Samponi (380)
*** ANTE/BLINDS ***
Samponi posts small blind 20
ValueBett posts big blind 40
Dealt to Samponi [3h Qd]
*** PRE-FLOP *** 
Samponi folds
ValueBett collected 60 from pot
*** SUMMARY ***
Total pot 60 | No rake
Seat 1: ValueBett (big blind) won 60


Winamax Poker - Tournament "Expresso Nitro" buyIn: 0.46€ + 0.04€ level: 4 - HandId: #4668562797154533377-12-1774798406 - Holdem no limit (30/60) - 2026/03/29 15:33:26 UTC
Table: 'Expresso Nitro(1086984481)#0' 3-max (real money) Seat #1 is the button
Seat 1: ValueBett (540)
Seat 2: Samponi (360)
*** ANTE/BLINDS ***
ValueBett posts small blind 30
Samponi posts big blind 60
Dealt to Samponi [3d 9c]
*** PRE-FLOP *** 
ValueBett folds
Samponi collected 90 from pot
*** SUMMARY ***
Total pot 90 | No rake
Seat 2: Samponi (big blind) won 90


Winamax Poker - Tournament "Expresso Nitro" buyIn: 0.46€ + 0.04€ level: 4 - HandId: #4668562797154533377-13-1774798411 - Holdem no limit (30/60) - 2026/03/29 15:33:31 UTC
Table: 'Expresso Nitro(1086984481)#0' 3-max (real money) Seat #2 is the button
Seat 1: ValueBett (510)
Seat 2: Samponi (390)
*** ANTE/BLINDS ***
Samponi posts small blind 30
ValueBett posts big blind 60
Dealt to Samponi [Ts Jh]
*** PRE-FLOP *** 
Samponi raises 330 to 390 and is all-in
ValueBett folds
Samponi collected 450 from pot
*** SUMMARY ***
Total pot 450 | No rake
Seat 2: Samponi (small blind) (button) won 450


Winamax Poker - Tournament "Expresso Nitro" buyIn: 0.46€ + 0.04€ level: 4 - HandId: #4668562797154533377-14-1774798420 - Holdem no limit (30/60) - 2026/03/29 15:33:40 UTC
Table: 'Expresso Nitro(1086984481)#0' 3-max (real money) Seat #1 is the button
Seat 1: ValueBett (450)
Seat 2: Samponi (450)
*** ANTE/BLINDS ***
ValueBett posts small blind 30
Samponi posts big blind 60
Dealt to Samponi [9c Qs]
*** PRE-FLOP *** 
ValueBett raises 390 to 450 and is all-in
Samponi folds
ValueBett collected 510 from pot
*** SUMMARY ***
Total pot 510 | No rake
Seat 1: ValueBett (small blind) (button) won 510


Winamax Poker - Tournament "Expresso Nitro" buyIn: 0.46€ + 0.04€ level: 4 - HandId: #4668562797154533377-15-1774798426 - Holdem no limit (30/60) - 2026/03/29 15:33:46 UTC
Table: 'Expresso Nitro(1086984481)#0' 3-max (real money) Seat #2 is the button
Seat 1: ValueBett (510)
Seat 2: Samponi (390)
*** ANTE/BLINDS ***
Samponi posts small blind 30
ValueBett posts big blind 60
Dealt to Samponi [3c 4d]
*** PRE-FLOP *** 
Samponi folds
ValueBett collected 90 from pot
*** SUMMARY ***
Total pot 90 | No rake
Seat 1: ValueBett (big blind) won 90


Winamax Poker - Tournament "Expresso Nitro" buyIn: 0.46€ + 0.04€ level: 4 - HandId: #4668562797154533377-16-1774798431 - Holdem no limit (30/60) - 2026/03/29 15:33:51 UTC
Table: 'Expresso Nitro(1086984481)#0' 3-max (real money) Seat #1 is the button
Seat 1: ValueBett (540)
Seat 2: Samponi (360)
*** ANTE/BLINDS ***
ValueBett posts small blind 30
Samponi posts big blind 60
Dealt to Samponi [Kc Qd]
*** PRE-FLOP *** 
ValueBett folds
Samponi collected 90 from pot
*** SUMMARY ***
Total pot 90 | No rake
Seat 2: Samponi (big blind) won 90


Winamax Poker - Tournament "Expresso Nitro" buyIn: 0.46€ + 0.04€ level: 4 - HandId: #4668562797154533377-17-1774798437 - Holdem no limit (30/60) - 2026/03/29 15:33:57 UTC
Table: 'Expresso Nitro(1086984481)#0' 3-max (real money) Seat #2 is the button
Seat 1: ValueBett (510)
Seat 2: Samponi (390)
*** ANTE/BLINDS ***
Samponi posts small blind 30
ValueBett posts big blind 60
Dealt to Samponi [Js Ks]
*** PRE-FLOP *** 
Samponi raises 330 to 390 and is all-in
ValueBett folds
Samponi collected 450 from pot
*** SUMMARY ***
Total pot 450 | No rake
Seat 2: Samponi (small blind) (button) won 450


Winamax Poker - Tournament "Expresso Nitro" buyIn: 0.46€ + 0.04€ level: 4 - HandId: #4668562797154533377-18-1774798444 - Holdem no limit (30/60) - 2026/03/29 15:34:04 UTC
Table: 'Expresso Nitro(1086984481)#0' 3-max (real money) Seat #1 is the button
Seat 1: ValueBett (450)
Seat 2: Samponi (450)
*** ANTE/BLINDS ***
ValueBett posts small blind 30
Samponi posts big blind 60
Dealt to Samponi [4s 9d]
*** PRE-FLOP *** 
ValueBett folds
Samponi collected 90 from pot
*** SUMMARY ***
Total pot 90 | No rake
Seat 2: Samponi (big blind) won 90


Winamax Poker - Tournament "Expresso Nitro" buyIn: 0.46€ + 0.04€ level: 4 - HandId: #4668562797154533377-19-1774798450 - Holdem no limit (30/60) - 2026/03/29 15:34:10 UTC
Table: 'Expresso Nitro(1086984481)#0' 3-max (real money) Seat #2 is the button
Seat 1: ValueBett (420)
Seat 2: Samponi (480)
*** ANTE/BLINDS ***
Samponi posts small blind 30
ValueBett posts big blind 60
Dealt to Samponi [5d 5s]
*** PRE-FLOP *** 
Samponi raises 420 to 480 and is all-in
ValueBett calls 360 and is all-in
*** FLOP *** [7d 8s Js]
*** TURN *** [7d 8s Js][2c]
*** RIVER *** [7d 8s Js 2c][5h]
*** SHOW DOWN ***
ValueBett shows [8c Qs] (One pair : 8)
Samponi shows [5d 5s] (Trips of 5)
Samponi collected 900 from pot
*** SUMMARY ***
Total pot 900 | No rake
Board: [7d 8s Js 2c 5h]
Seat 1: ValueBett (big blind) showed [8c Qs] and lost with One pair : 8
Seat 2: Samponi (small blind) (button) showed [5d 5s] and won 900 with Trips of 5


