Winamax Poker - Tournament "Expresso" buyIn: 0.93€ + 0.07€ level: 1 - HandId: #4692541075582091265-1-1775686328 - Holdem no limit (10/20) - 2026/04/08 22:12:08 UTC
Table: 'Expresso(1092567359)#0' 3-max (real money) Seat #3 is the button
Seat 1: Samponi (500)
Seat 2: Thelmanine (500)
Seat 3: Min Jiun (500)
*** ANTE/BLINDS ***
Samponi posts small blind 10
Thelmanine posts big blind 20
Dealt to Samponi [5c Ad]
*** PRE-FLOP *** 
Min Jiun calls 20
Samponi calls 10
Thelmanine checks
*** FLOP *** [8h Td 2c]
Samponi checks
Thelmanine checks
Min Jiun checks
*** TURN *** [8h Td 2c][Jd]
Samponi checks
Thelmanine checks
Min Jiun checks
*** RIVER *** [8h Td 2c Jd][Ah]
Samponi checks
Thelmanine checks
Min Jiun checks
*** SHOW DOWN ***
Thelmanine shows [Kd 6s] (High card : Ace)
Min Jiun shows [3h Kc] (High card : Ace)
Samponi shows [5c Ad] (One pair : Aces)
Samponi collected 60 from pot
*** SUMMARY ***
Total pot 60 | No rake
Board: [8h Td 2c Jd Ah]
Seat 1: Samponi (small blind) showed [5c Ad] and won 60 with One pair : Aces
Seat 2: Thelmanine (big blind) showed [Kd 6s] and lost with High card : Ace
Seat 3: Min Jiun (button) showed [3h Kc] and lost with High card : Ace


Winamax Poker - Tournament "Expresso" buyIn: 0.93€ + 0.07€ level: 1 - HandId: #4692541075582091265-2-1775686350 - Holdem no limit (10/20) - 2026/04/08 22:12:30 UTC
Table: 'Expresso(1092567359)#0' 3-max (real money) Seat #1 is the button
Seat 1: Samponi (540)
Seat 2: Thelmanine (480)
Seat 3: Min Jiun (480)
*** ANTE/BLINDS ***
Thelmanine posts small blind 10
Min Jiun posts big blind 20
Dealt to Samponi [9h 6c]
*** PRE-FLOP *** 
Samponi folds
Thelmanine folds
Min Jiun collected 30 from pot
*** SUMMARY ***
Total pot 30 | No rake
Seat 3: Min Jiun (big blind) won 30


Winamax Poker - Tournament "Expresso" buyIn: 0.93€ + 0.07€ level: 1 - HandId: #4692541075582091265-3-1775686358 - Holdem no limit (10/20) - 2026/04/08 22:12:38 UTC
Table: 'Expresso(1092567359)#0' 3-max (real money) Seat #2 is the button
Seat 1: Samponi (540)
Seat 2: Thelmanine (470)
Seat 3: Min Jiun (490)
*** ANTE/BLINDS ***
Min Jiun posts small blind 10
Samponi posts big blind 20
Dealt to Samponi [2h Kd]
*** PRE-FLOP *** 
Thelmanine raises 450 to 470 and is all-in
Min Jiun calls 460
Samponi folds
*** FLOP *** [Ac Qc 9s]
*** TURN *** [Ac Qc 9s][2c]
*** RIVER *** [Ac Qc 9s 2c][Ks]
*** SHOW DOWN ***
Min Jiun shows [Kc Qh] (Two pairs : Kings and Queens)
Thelmanine shows [Kh Ad] (Two pairs : Aces and Kings)
Thelmanine collected 960 from pot
*** SUMMARY ***
Total pot 960 | No rake
Board: [Ac Qc 9s 2c Ks]
Seat 2: Thelmanine (button) showed [Kh Ad] and won 960 with Two pairs : Aces and Kings
Seat 3: Min Jiun (small blind) showed [Kc Qh] and lost with Two pairs : Kings and Queens


Winamax Poker - Tournament "Expresso" buyIn: 0.93€ + 0.07€ level: 1 - HandId: #4692541075582091265-4-1775686370 - Holdem no limit (10/20) - 2026/04/08 22:12:50 UTC
Table: 'Expresso(1092567359)#0' 3-max (real money) Seat #3 is the button
Seat 1: Samponi (520)
Seat 2: Thelmanine (960)
Seat 3: Min Jiun (20)
*** ANTE/BLINDS ***
Samponi posts small blind 10
Thelmanine posts big blind 20
Dealt to Samponi [Qs 9h]
*** PRE-FLOP *** 
Min Jiun calls 20 and is all-in
Samponi calls 10
Thelmanine checks
*** FLOP *** [6d Ad 4c]
Samponi checks
Thelmanine checks
*** TURN *** [6d Ad 4c][7h]
Samponi checks
Thelmanine checks
*** RIVER *** [6d Ad 4c 7h][Jh]
Samponi checks
Thelmanine checks
*** SHOW DOWN ***
Samponi shows [Qs 9h] (High card : Ace)
Thelmanine shows [5c 5d] (One pair : 5)
Min Jiun shows [6c As] (Two pairs : Aces and 6)
Min Jiun collected 60 from pot
*** SUMMARY ***
Total pot 60 | No rake
Board: [6d Ad 4c 7h Jh]
Seat 1: Samponi (small blind) showed [Qs 9h] and lost with High card : Ace
Seat 2: Thelmanine (big blind) showed [5c 5d] and lost with One pair : 5
Seat 3: Min Jiun (button) showed [6c As] and won 60 with Two pairs : Aces and 6


Winamax Poker - Tournament "Expresso" buyIn: 0.93€ + 0.07€ level: 1 - HandId: #4692541075582091265-5-1775686395 - Holdem no limit (10/20) - 2026/04/08 22:13:15 UTC
Table: 'Expresso(1092567359)#0' 3-max (real money) Seat #1 is the button
Seat 1: Samponi (500)
Seat 2: Thelmanine (940)
Seat 3: Min Jiun (60)
*** ANTE/BLINDS ***
Thelmanine posts small blind 10
Min Jiun posts big blind 20
Dealt to Samponi [3s 9d]
*** PRE-FLOP *** 
Samponi folds
Thelmanine calls 10
Min Jiun raises 40 to 60 and is all-in
Thelmanine calls 40
*** FLOP *** [2c 3h 7h]
*** TURN *** [2c 3h 7h][3d]
*** RIVER *** [2c 3h 7h 3d][Jd]
*** SHOW DOWN ***
Min Jiun shows [2d 6h] (Two pairs : 3 and 2)
Thelmanine shows [Jc Qh] (Two pairs : Jacks and 3)
Thelmanine collected 120 from pot
*** SUMMARY ***
Total pot 120 | No rake
Board: [2c 3h 7h 3d Jd]
Seat 2: Thelmanine (small blind) showed [Jc Qh] and won 120 with Two pairs : Jacks and 3
Seat 3: Min Jiun (big blind) showed [2d 6h] and lost with Two pairs : 3 and 2


Winamax Poker - Tournament "Expresso" buyIn: 0.93€ + 0.07€ level: 1 - HandId: #4692541075582091265-6-1775686409 - Holdem no limit (10/20) - 2026/04/08 22:13:29 UTC
Table: 'Expresso(1092567359)#0' 3-max (real money) Seat #1 is the button
Seat 1: Samponi (500)
Seat 2: Thelmanine (1000)
*** ANTE/BLINDS ***
Samponi posts small blind 10
Thelmanine posts big blind 20
Dealt to Samponi [Qs As]
*** PRE-FLOP *** 
Samponi raises 20 to 40
Thelmanine calls 20
*** FLOP *** [Js Qh 4s]
Thelmanine checks
Samponi bets 40
Thelmanine folds
Samponi collected 120 from pot
*** SUMMARY ***
Total pot 120 | No rake
Board: [Js Qh 4s]
Seat 1: Samponi (small blind) (button) won 120


Winamax Poker - Tournament "Expresso" buyIn: 0.93€ + 0.07€ level: 2 - HandId: #4692541075582091265-7-1775686426 - Holdem no limit (15/30) - 2026/04/08 22:13:46 UTC
Table: 'Expresso(1092567359)#0' 3-max (real money) Seat #2 is the button
Seat 1: Samponi (540)
Seat 2: Thelmanine (960)
*** ANTE/BLINDS ***
Thelmanine posts small blind 15
Samponi posts big blind 30
Dealt to Samponi [4c 3d]
*** PRE-FLOP *** 
Thelmanine calls 15
Samponi checks
*** FLOP *** [Ts 3h 9c]
Samponi checks
Thelmanine checks
*** TURN *** [Ts 3h 9c][8c]
Samponi bets 30
Thelmanine folds
Samponi collected 90 from pot
*** SUMMARY ***
Total pot 90 | No rake
Board: [Ts 3h 9c 8c]
Seat 1: Samponi (big blind) won 90


Winamax Poker - Tournament "Expresso" buyIn: 0.93€ + 0.07€ level: 2 - HandId: #4692541075582091265-8-1775686446 - Holdem no limit (15/30) - 2026/04/08 22:14:06 UTC
Table: 'Expresso(1092567359)#0' 3-max (real money) Seat #1 is the button
Seat 1: Samponi (570)
Seat 2: Thelmanine (930)
*** ANTE/BLINDS ***
Samponi posts small blind 15
Thelmanine posts big blind 30
Dealt to Samponi [3h Kh]
*** PRE-FLOP *** 
Samponi raises 30 to 60
Thelmanine calls 30
*** FLOP *** [6s 4d 8c]
Thelmanine checks
Samponi bets 42
Thelmanine folds
Samponi collected 162 from pot
*** SUMMARY ***
Total pot 162 | No rake
Board: [6s 4d 8c]
Seat 1: Samponi (small blind) (button) won 162


Winamax Poker - Tournament "Expresso" buyIn: 0.93€ + 0.07€ level: 2 - HandId: #4692541075582091265-9-1775686468 - Holdem no limit (15/30) - 2026/04/08 22:14:28 UTC
Table: 'Expresso(1092567359)#0' 3-max (real money) Seat #2 is the button
Seat 1: Samponi (630)
Seat 2: Thelmanine (870)
*** ANTE/BLINDS ***
Thelmanine posts small blind 15
Samponi posts big blind 30
Dealt to Samponi [6d Qs]
*** PRE-FLOP *** 
Thelmanine calls 15
Samponi checks
*** FLOP *** [Kd 7d Kc]
Samponi checks
Thelmanine checks
*** TURN *** [Kd 7d Kc][9s]
Samponi checks
Thelmanine checks
*** RIVER *** [Kd 7d Kc 9s][8s]
Samponi checks
Thelmanine bets 840 and is all-in
Samponi folds
Thelmanine collected 900 from pot
*** SUMMARY ***
Total pot 900 | No rake
Board: [Kd 7d Kc 9s 8s]
Seat 2: Thelmanine (small blind) (button) won 900


Winamax Poker - Tournament "Expresso" buyIn: 0.93€ + 0.07€ level: 2 - HandId: #4692541075582091265-10-1775686494 - Holdem no limit (15/30) - 2026/04/08 22:14:54 UTC
Table: 'Expresso(1092567359)#0' 3-max (real money) Seat #1 is the button
Seat 1: Samponi (600)
Seat 2: Thelmanine (900)
*** ANTE/BLINDS ***
Samponi posts small blind 15
Thelmanine posts big blind 30
Dealt to Samponi [6d 7h]
*** PRE-FLOP *** 
Samponi calls 15
Thelmanine checks
*** FLOP *** [3d 8d 5h]
Thelmanine checks
Samponi bets 30
Thelmanine folds
Samponi collected 90 from pot
*** SUMMARY ***
Total pot 90 | No rake
Board: [3d 8d 5h]
Seat 1: Samponi (small blind) (button) won 90


Winamax Poker - Tournament "Expresso" buyIn: 0.93€ + 0.07€ level: 3 - HandId: #4692541075582091265-11-1775686511 - Holdem no limit (20/40) - 2026/04/08 22:15:11 UTC
Table: 'Expresso(1092567359)#0' 3-max (real money) Seat #2 is the button
Seat 1: Samponi (630)
Seat 2: Thelmanine (870)
*** ANTE/BLINDS ***
Thelmanine posts small blind 20
Samponi posts big blind 40
Dealt to Samponi [6s 2c]
*** PRE-FLOP *** 
Thelmanine raises 830 to 870 and is all-in
Samponi folds
Thelmanine collected 910 from pot
*** SUMMARY ***
Total pot 910 | No rake
Seat 2: Thelmanine (small blind) (button) won 910


Winamax Poker - Tournament "Expresso" buyIn: 0.93€ + 0.07€ level: 3 - HandId: #4692541075582091265-12-1775686517 - Holdem no limit (20/40) - 2026/04/08 22:15:17 UTC
Table: 'Expresso(1092567359)#0' 3-max (real money) Seat #1 is the button
Seat 1: Samponi (590)
Seat 2: Thelmanine (910)
*** ANTE/BLINDS ***
Samponi posts small blind 20
Thelmanine posts big blind 40
Dealt to Samponi [9h 4c]
*** PRE-FLOP *** 
Samponi folds
Thelmanine collected 60 from pot
*** SUMMARY ***
Total pot 60 | No rake
Seat 2: Thelmanine (big blind) won 60


Winamax Poker - Tournament "Expresso" buyIn: 0.93€ + 0.07€ level: 3 - HandId: #4692541075582091265-13-1775686521 - Holdem no limit (20/40) - 2026/04/08 22:15:21 UTC
Table: 'Expresso(1092567359)#0' 3-max (real money) Seat #2 is the button
Seat 1: Samponi (570)
Seat 2: Thelmanine (930)
*** ANTE/BLINDS ***
Thelmanine posts small blind 20
Samponi posts big blind 40
Dealt to Samponi [6d 2d]
*** PRE-FLOP *** 
Thelmanine calls 20
Samponi checks
*** FLOP *** [5d 7d Ks]
Samponi bets 530 and is all-in
Thelmanine folds
Samponi collected 610 from pot
*** SUMMARY ***
Total pot 610 | No rake
Board: [5d 7d Ks]
Seat 1: Samponi (big blind) won 610


Winamax Poker - Tournament "Expresso" buyIn: 0.93€ + 0.07€ level: 3 - HandId: #4692541075582091265-14-1775686532 - Holdem no limit (20/40) - 2026/04/08 22:15:32 UTC
Table: 'Expresso(1092567359)#0' 3-max (real money) Seat #1 is the button
Seat 1: Samponi (610)
Seat 2: Thelmanine (890)
*** ANTE/BLINDS ***
Samponi posts small blind 20
Thelmanine posts big blind 40
Dealt to Samponi [Ts 4h]
*** PRE-FLOP *** 
Samponi folds
Thelmanine collected 60 from pot
*** SUMMARY ***
Total pot 60 | No rake
Seat 2: Thelmanine (big blind) won 60


Winamax Poker - Tournament "Expresso" buyIn: 0.93€ + 0.07€ level: 3 - HandId: #4692541075582091265-15-1775686536 - Holdem no limit (20/40) - 2026/04/08 22:15:36 UTC
Table: 'Expresso(1092567359)#0' 3-max (real money) Seat #2 is the button
Seat 1: Samponi (590)
Seat 2: Thelmanine (910)
*** ANTE/BLINDS ***
Thelmanine posts small blind 20
Samponi posts big blind 40
Dealt to Samponi [5d Kh]
*** PRE-FLOP *** 
Thelmanine calls 20
Samponi checks
*** FLOP *** [Th 4h Ad]
Samponi checks
Thelmanine checks
*** TURN *** [Th 4h Ad][9h]
Samponi checks
Thelmanine checks
*** RIVER *** [Th 4h Ad 9h][Kc]
Samponi checks
Thelmanine checks
*** SHOW DOWN ***
Thelmanine shows [Js 5h] (High card : Ace)
Samponi shows [5d Kh] (One pair : Kings)
Samponi collected 80 from pot
*** SUMMARY ***
Total pot 80 | No rake
Board: [Th 4h Ad 9h Kc]
Seat 1: Samponi (big blind) showed [5d Kh] and won 80 with One pair : Kings
Seat 2: Thelmanine (small blind) (button) showed [Js 5h] and lost with High card : Ace


Winamax Poker - Tournament "Expresso" buyIn: 0.93€ + 0.07€ level: 3 - HandId: #4692541075582091265-16-1775686557 - Holdem no limit (20/40) - 2026/04/08 22:15:57 UTC
Table: 'Expresso(1092567359)#0' 3-max (real money) Seat #1 is the button
Seat 1: Samponi (630)
Seat 2: Thelmanine (870)
*** ANTE/BLINDS ***
Samponi posts small blind 20
Thelmanine posts big blind 40
Dealt to Samponi [Kc 3h]
*** PRE-FLOP *** 
Samponi folds
Thelmanine collected 60 from pot
*** SUMMARY ***
Total pot 60 | No rake
Seat 2: Thelmanine (big blind) won 60


Winamax Poker - Tournament "Expresso" buyIn: 0.93€ + 0.07€ level: 3 - HandId: #4692541075582091265-17-1775686561 - Holdem no limit (20/40) - 2026/04/08 22:16:01 UTC
Table: 'Expresso(1092567359)#0' 3-max (real money) Seat #2 is the button
Seat 1: Samponi (610)
Seat 2: Thelmanine (890)
*** ANTE/BLINDS ***
Thelmanine posts small blind 20
Samponi posts big blind 40
Dealt to Samponi [3c 7h]
*** PRE-FLOP *** 
Thelmanine calls 20
Samponi checks
*** FLOP *** [5d 9h Kh]
Samponi checks
Thelmanine checks
*** TURN *** [5d 9h Kh][Qh]
Samponi checks
Thelmanine checks
*** RIVER *** [5d 9h Kh Qh][Th]
Samponi bets 40
Thelmanine folds
Samponi collected 120 from pot
*** SUMMARY ***
Total pot 120 | No rake
Board: [5d 9h Kh Qh Th]
Seat 1: Samponi (big blind) won 120


Winamax Poker - Tournament "Expresso" buyIn: 0.93€ + 0.07€ level: 3 - HandId: #4692541075582091265-18-1775686580 - Holdem no limit (20/40) - 2026/04/08 22:16:20 UTC
Table: 'Expresso(1092567359)#0' 3-max (real money) Seat #1 is the button
Seat 1: Samponi (650)
Seat 2: Thelmanine (850)
*** ANTE/BLINDS ***
Samponi posts small blind 20
Thelmanine posts big blind 40
Dealt to Samponi [2h Ah]
*** PRE-FLOP *** 
Samponi raises 40 to 80
Thelmanine folds
Samponi collected 120 from pot
*** SUMMARY ***
Total pot 120 | No rake
Seat 1: Samponi (small blind) (button) won 120


Winamax Poker - Tournament "Expresso" buyIn: 0.93€ + 0.07€ level: 3 - HandId: #4692541075582091265-19-1775686586 - Holdem no limit (20/40) - 2026/04/08 22:16:26 UTC
Table: 'Expresso(1092567359)#0' 3-max (real money) Seat #2 is the button
Seat 1: Samponi (690)
Seat 2: Thelmanine (810)
*** ANTE/BLINDS ***
Thelmanine posts small blind 20
Samponi posts big blind 40
Dealt to Samponi [6h Jc]
*** PRE-FLOP *** 
Thelmanine calls 20
Samponi checks
*** FLOP *** [8s Ac Qh]
Samponi checks
Thelmanine checks
*** TURN *** [8s Ac Qh][Qc]
Samponi bets 64
Thelmanine folds
Samponi collected 144 from pot
*** SUMMARY ***
Total pot 144 | No rake
Board: [8s Ac Qh Qc]
Seat 1: Samponi (big blind) won 144


Winamax Poker - Tournament "Expresso" buyIn: 0.93€ + 0.07€ level: 4 - HandId: #4692541075582091265-20-1775686607 - Holdem no limit (30/60) - 2026/04/08 22:16:47 UTC
Table: 'Expresso(1092567359)#0' 3-max (real money) Seat #1 is the button
Seat 1: Samponi (730)
Seat 2: Thelmanine (770)
*** ANTE/BLINDS ***
Samponi posts small blind 30
Thelmanine posts big blind 60
Dealt to Samponi [9s As]
*** PRE-FLOP *** 
Samponi raises 60 to 120
Thelmanine folds
Samponi collected 180 from pot
*** SUMMARY ***
Total pot 180 | No rake
Seat 1: Samponi (small blind) (button) won 180


Winamax Poker - Tournament "Expresso" buyIn: 0.93€ + 0.07€ level: 4 - HandId: #4692541075582091265-21-1775686615 - Holdem no limit (30/60) - 2026/04/08 22:16:55 UTC
Table: 'Expresso(1092567359)#0' 3-max (real money) Seat #2 is the button
Seat 1: Samponi (790)
Seat 2: Thelmanine (710)
*** ANTE/BLINDS ***
Thelmanine posts small blind 30
Samponi posts big blind 60
Dealt to Samponi [5c 7d]
*** PRE-FLOP *** 
Thelmanine folds
Samponi collected 90 from pot
*** SUMMARY ***
Total pot 90 | No rake
Seat 1: Samponi (big blind) won 90


Winamax Poker - Tournament "Expresso" buyIn: 0.93€ + 0.07€ level: 4 - HandId: #4692541075582091265-22-1775686621 - Holdem no limit (30/60) - 2026/04/08 22:17:01 UTC
Table: 'Expresso(1092567359)#0' 3-max (real money) Seat #1 is the button
Seat 1: Samponi (820)
Seat 2: Thelmanine (680)
*** ANTE/BLINDS ***
Samponi posts small blind 30
Thelmanine posts big blind 60
Dealt to Samponi [Qd 9c]
*** PRE-FLOP *** 
Samponi folds
Thelmanine collected 90 from pot
*** SUMMARY ***
Total pot 90 | No rake
Seat 2: Thelmanine (big blind) won 90


Winamax Poker - Tournament "Expresso" buyIn: 0.93€ + 0.07€ level: 4 - HandId: #4692541075582091265-23-1775686625 - Holdem no limit (30/60) - 2026/04/08 22:17:05 UTC
Table: 'Expresso(1092567359)#0' 3-max (real money) Seat #2 is the button
Seat 1: Samponi (790)
Seat 2: Thelmanine (710)
*** ANTE/BLINDS ***
Thelmanine posts small blind 30
Samponi posts big blind 60
Dealt to Samponi [6d 6h]
*** PRE-FLOP *** 
Thelmanine calls 30
Samponi checks
*** FLOP *** [8d 5s Td]
Samponi checks
Thelmanine checks
*** TURN *** [8d 5s Td][2h]
Samponi bets 60
Thelmanine folds
Samponi collected 180 from pot
*** SUMMARY ***
Total pot 180 | No rake
Board: [8d 5s Td 2h]
Seat 1: Samponi (big blind) won 180


Winamax Poker - Tournament "Expresso" buyIn: 0.93€ + 0.07€ level: 4 - HandId: #4692541075582091265-24-1775686641 - Holdem no limit (30/60) - 2026/04/08 22:17:21 UTC
Table: 'Expresso(1092567359)#0' 3-max (real money) Seat #1 is the button
Seat 1: Samponi (850)
Seat 2: Thelmanine (650)
*** ANTE/BLINDS ***
Samponi posts small blind 30
Thelmanine posts big blind 60
Dealt to Samponi [6s 7d]
*** PRE-FLOP *** 
Samponi folds
Thelmanine collected 90 from pot
*** SUMMARY ***
Total pot 90 | No rake
Seat 2: Thelmanine (big blind) won 90


Winamax Poker - Tournament "Expresso" buyIn: 0.93€ + 0.07€ level: 4 - HandId: #4692541075582091265-25-1775686645 - Holdem no limit (30/60) - 2026/04/08 22:17:25 UTC
Table: 'Expresso(1092567359)#0' 3-max (real money) Seat #2 is the button
Seat 1: Samponi (820)
Seat 2: Thelmanine (680)
*** ANTE/BLINDS ***
Thelmanine posts small blind 30
Samponi posts big blind 60
Dealt to Samponi [Ts Jh]
*** PRE-FLOP *** 
Thelmanine calls 30
Samponi checks
*** FLOP *** [9s 6c Qh]
Samponi bets 60
Thelmanine folds
Samponi collected 180 from pot
*** SUMMARY ***
Total pot 180 | No rake
Board: [9s 6c Qh]
Seat 1: Samponi (big blind) won 180


Winamax Poker - Tournament "Expresso" buyIn: 0.93€ + 0.07€ level: 4 - HandId: #4692541075582091265-26-1775686658 - Holdem no limit (30/60) - 2026/04/08 22:17:38 UTC
Table: 'Expresso(1092567359)#0' 3-max (real money) Seat #1 is the button
Seat 1: Samponi (880)
Seat 2: Thelmanine (620)
*** ANTE/BLINDS ***
Samponi posts small blind 30
Thelmanine posts big blind 60
Dealt to Samponi [Ah 6c]
*** PRE-FLOP *** 
Samponi raises 60 to 120
Thelmanine folds
Samponi collected 180 from pot
*** SUMMARY ***
Total pot 180 | No rake
Seat 1: Samponi (small blind) (button) won 180


Winamax Poker - Tournament "Expresso" buyIn: 0.93€ + 0.07€ level: 4 - HandId: #4692541075582091265-27-1775686664 - Holdem no limit (30/60) - 2026/04/08 22:17:44 UTC
Table: 'Expresso(1092567359)#0' 3-max (real money) Seat #2 is the button
Seat 1: Samponi (940)
Seat 2: Thelmanine (560)
*** ANTE/BLINDS ***
Thelmanine posts small blind 30
Samponi posts big blind 60
Dealt to Samponi [2c Kh]
*** PRE-FLOP *** 
Thelmanine folds
Samponi collected 90 from pot
*** SUMMARY ***
Total pot 90 | No rake
Seat 1: Samponi (big blind) won 90


Winamax Poker - Tournament "Expresso" buyIn: 0.93€ + 0.07€ level: 4 - HandId: #4692541075582091265-28-1775686673 - Holdem no limit (30/60) - 2026/04/08 22:17:53 UTC
Table: 'Expresso(1092567359)#0' 3-max (real money) Seat #1 is the button
Seat 1: Samponi (970)
Seat 2: Thelmanine (530)
*** ANTE/BLINDS ***
Samponi posts small blind 30
Thelmanine posts big blind 60
Dealt to Samponi [Td Qh]
*** PRE-FLOP *** 
Samponi raises 60 to 120
Thelmanine raises 410 to 530 and is all-in
Samponi folds
Thelmanine collected 650 from pot
*** SUMMARY ***
Total pot 650 | No rake
Seat 2: Thelmanine (big blind) won 650


Winamax Poker - Tournament "Expresso" buyIn: 0.93€ + 0.07€ level: 4 - HandId: #4692541075582091265-29-1775686683 - Holdem no limit (30/60) - 2026/04/08 22:18:03 UTC
Table: 'Expresso(1092567359)#0' 3-max (real money) Seat #2 is the button
Seat 1: Samponi (850)
Seat 2: Thelmanine (650)
*** ANTE/BLINDS ***
Thelmanine posts small blind 30
Samponi posts big blind 60
Dealt to Samponi [6c Kd]
*** PRE-FLOP *** 
Thelmanine calls 30
Samponi checks
*** FLOP *** [5h 9s As]
Samponi checks
Thelmanine checks
*** TURN *** [5h 9s As][8s]
Samponi bets 60
Thelmanine folds
Samponi collected 180 from pot
*** SUMMARY ***
Total pot 180 | No rake
Board: [5h 9s As 8s]
Seat 1: Samponi (big blind) won 180


Winamax Poker - Tournament "Expresso" buyIn: 0.93€ + 0.07€ level: 5 - HandId: #4692541075582091265-30-1775686699 - Holdem no limit (40/80) - 2026/04/08 22:18:19 UTC
Table: 'Expresso(1092567359)#0' 3-max (real money) Seat #1 is the button
Seat 1: Samponi (910)
Seat 2: Thelmanine (590)
*** ANTE/BLINDS ***
Samponi posts small blind 40
Thelmanine posts big blind 80
Dealt to Samponi [Kd 7c]
*** PRE-FLOP *** 
Samponi raises 80 to 160
Thelmanine calls 80
*** FLOP *** [6d 9s Kh]
Thelmanine checks
Samponi bets 80
Thelmanine folds
Samponi collected 400 from pot
*** SUMMARY ***
Total pot 400 | No rake
Board: [6d 9s Kh]
Seat 1: Samponi (small blind) (button) won 400


Winamax Poker - Tournament "Expresso" buyIn: 0.93€ + 0.07€ level: 5 - HandId: #4692541075582091265-31-1775686718 - Holdem no limit (40/80) - 2026/04/08 22:18:38 UTC
Table: 'Expresso(1092567359)#0' 3-max (real money) Seat #2 is the button
Seat 1: Samponi (1070)
Seat 2: Thelmanine (430)
*** ANTE/BLINDS ***
Thelmanine posts small blind 40
Samponi posts big blind 80
Dealt to Samponi [Ts Qc]
*** PRE-FLOP *** 
Thelmanine calls 40
Samponi checks
*** FLOP *** [Jc Qd 2h]
Samponi bets 80
Thelmanine raises 270 to 350 and is all-in
Samponi calls 270
*** TURN *** [Jc Qd 2h][9s]
*** RIVER *** [Jc Qd 2h 9s][2s]
*** SHOW DOWN ***
Samponi shows [Ts Qc] (Two pairs : Queens and 2)
Thelmanine shows [4h Qh] (Two pairs : Queens and 2)
Thelmanine collected 430 from pot
Samponi collected 430 from pot
*** SUMMARY ***
Total pot 860 | No rake
Board: [Jc Qd 2h 9s 2s]
Seat 1: Samponi (big blind) showed [Ts Qc] and won 430 with Two pairs : Queens and 2
Seat 2: Thelmanine (small blind) (button) showed [4h Qh] and won 430 with Two pairs : Queens and 2


Winamax Poker - Tournament "Expresso" buyIn: 0.93€ + 0.07€ level: 5 - HandId: #4692541075582091265-32-1775686743 - Holdem no limit (40/80) - 2026/04/08 22:19:03 UTC
Table: 'Expresso(1092567359)#0' 3-max (real money) Seat #1 is the button
Seat 1: Samponi (1070)
Seat 2: Thelmanine (430)
*** ANTE/BLINDS ***
Samponi posts small blind 40
Thelmanine posts big blind 80
Dealt to Samponi [8d 5h]
*** PRE-FLOP *** 
Samponi folds
Thelmanine collected 120 from pot
*** SUMMARY ***
Total pot 120 | No rake
Seat 2: Thelmanine (big blind) won 120


Winamax Poker - Tournament "Expresso" buyIn: 0.93€ + 0.07€ level: 5 - HandId: #4692541075582091265-33-1775686747 - Holdem no limit (40/80) - 2026/04/08 22:19:07 UTC
Table: 'Expresso(1092567359)#0' 3-max (real money) Seat #2 is the button
Seat 1: Samponi (1030)
Seat 2: Thelmanine (470)
*** ANTE/BLINDS ***
Thelmanine posts small blind 40
Samponi posts big blind 80
Dealt to Samponi [5h Ac]
*** PRE-FLOP *** 
Thelmanine folds
Samponi collected 120 from pot
*** SUMMARY ***
Total pot 120 | No rake
Seat 1: Samponi (big blind) won 120


Winamax Poker - Tournament "Expresso" buyIn: 0.93€ + 0.07€ level: 5 - HandId: #4692541075582091265-34-1775686758 - Holdem no limit (40/80) - 2026/04/08 22:19:18 UTC
Table: 'Expresso(1092567359)#0' 3-max (real money) Seat #1 is the button
Seat 1: Samponi (1070)
Seat 2: Thelmanine (430)
*** ANTE/BLINDS ***
Samponi posts small blind 40
Thelmanine posts big blind 80
Dealt to Samponi [7s 4s]
*** PRE-FLOP *** 
Samponi folds
Thelmanine collected 120 from pot
*** SUMMARY ***
Total pot 120 | No rake
Seat 2: Thelmanine (big blind) won 120


Winamax Poker - Tournament "Expresso" buyIn: 0.93€ + 0.07€ level: 5 - HandId: #4692541075582091265-35-1775686763 - Holdem no limit (40/80) - 2026/04/08 22:19:23 UTC
Table: 'Expresso(1092567359)#0' 3-max (real money) Seat #2 is the button
Seat 1: Samponi (1030)
Seat 2: Thelmanine (470)
*** ANTE/BLINDS ***
Thelmanine posts small blind 40
Samponi posts big blind 80
Dealt to Samponi [Ac Qd]
*** PRE-FLOP *** 
Thelmanine folds
Samponi collected 120 from pot
*** SUMMARY ***
Total pot 120 | No rake
Seat 1: Samponi (big blind) won 120


Winamax Poker - Tournament "Expresso" buyIn: 0.93€ + 0.07€ level: 5 - HandId: #4692541075582091265-36-1775686767 - Holdem no limit (40/80) - 2026/04/08 22:19:27 UTC
Table: 'Expresso(1092567359)#0' 3-max (real money) Seat #1 is the button
Seat 1: Samponi (1070)
Seat 2: Thelmanine (430)
*** ANTE/BLINDS ***
Samponi posts small blind 40
Thelmanine posts big blind 80
Dealt to Samponi [9s 5d]
*** PRE-FLOP *** 
Samponi folds
Thelmanine collected 120 from pot
*** SUMMARY ***
Total pot 120 | No rake
Seat 2: Thelmanine (big blind) won 120


Winamax Poker - Tournament "Expresso" buyIn: 0.93€ + 0.07€ level: 5 - HandId: #4692541075582091265-37-1775686771 - Holdem no limit (40/80) - 2026/04/08 22:19:31 UTC
Table: 'Expresso(1092567359)#0' 3-max (real money) Seat #2 is the button
Seat 1: Samponi (1030)
Seat 2: Thelmanine (470)
*** ANTE/BLINDS ***
Thelmanine posts small blind 40
Samponi posts big blind 80
Dealt to Samponi [4d 3c]
*** PRE-FLOP *** 
Thelmanine calls 40
Samponi checks
*** FLOP *** [8c 5h 8s]
Samponi checks
Thelmanine checks
*** TURN *** [8c 5h 8s][Qc]
Samponi checks
Thelmanine checks
*** RIVER *** [8c 5h 8s Qc][7h]
Samponi checks
Thelmanine checks
*** SHOW DOWN ***
Samponi shows [4d 3c] (One pair : 8)
Thelmanine shows [Jh Kc] (One pair : 8)
Thelmanine collected 160 from pot
*** SUMMARY ***
Total pot 160 | No rake
Board: [8c 5h 8s Qc 7h]
Seat 1: Samponi (big blind) showed [4d 3c] and lost with One pair : 8
Seat 2: Thelmanine (small blind) (button) showed [Jh Kc] and won 160 with One pair : 8


Winamax Poker - Tournament "Expresso" buyIn: 0.93€ + 0.07€ level: 6 - HandId: #4692541075582091265-38-1775686791 - Holdem no limit (50/100) - 2026/04/08 22:19:51 UTC
Table: 'Expresso(1092567359)#0' 3-max (real money) Seat #1 is the button
Seat 1: Samponi (950)
Seat 2: Thelmanine (550)
*** ANTE/BLINDS ***
Samponi posts small blind 50
Thelmanine posts big blind 100
Dealt to Samponi [4h 7c]
*** PRE-FLOP *** 
Samponi folds
Thelmanine collected 150 from pot
*** SUMMARY ***
Total pot 150 | No rake
Seat 2: Thelmanine (big blind) won 150


Winamax Poker - Tournament "Expresso" buyIn: 0.93€ + 0.07€ level: 6 - HandId: #4692541075582091265-39-1775686797 - Holdem no limit (50/100) - 2026/04/08 22:19:57 UTC
Table: 'Expresso(1092567359)#0' 3-max (real money) Seat #2 is the button
Seat 1: Samponi (900)
Seat 2: Thelmanine (600)
*** ANTE/BLINDS ***
Thelmanine posts small blind 50
Samponi posts big blind 100
Dealt to Samponi [Jc 6s]
*** PRE-FLOP *** 
Thelmanine calls 50
Samponi checks
*** FLOP *** [Qh 4c 6h]
Samponi bets 100
Thelmanine calls 100
*** TURN *** [Qh 4c 6h][3h]
Samponi checks
Thelmanine bets 400 and is all-in
Samponi folds
Thelmanine collected 800 from pot
*** SUMMARY ***
Total pot 800 | No rake
Board: [Qh 4c 6h 3h]
Seat 2: Thelmanine (small blind) (button) won 800


Winamax Poker - Tournament "Expresso" buyIn: 0.93€ + 0.07€ level: 6 - HandId: #4692541075582091265-40-1775686835 - Holdem no limit (50/100) - 2026/04/08 22:20:35 UTC
Table: 'Expresso(1092567359)#0' 3-max (real money) Seat #1 is the button
Seat 1: Samponi (700)
Seat 2: Thelmanine (800)
*** ANTE/BLINDS ***
Samponi posts small blind 50
Thelmanine posts big blind 100
Dealt to Samponi [2d Ad]
*** PRE-FLOP *** 
Samponi raises 100 to 200
Thelmanine calls 100
*** FLOP *** [8c Ts 6d]
Thelmanine bets 100
Samponi folds
Thelmanine collected 500 from pot
*** SUMMARY ***
Total pot 500 | No rake
Board: [8c Ts 6d]
Seat 2: Thelmanine (big blind) won 500


Winamax Poker - Tournament "Expresso" buyIn: 0.93€ + 0.07€ level: 6 - HandId: #4692541075582091265-41-1775686846 - Holdem no limit (50/100) - 2026/04/08 22:20:46 UTC
Table: 'Expresso(1092567359)#0' 3-max (real money) Seat #2 is the button
Seat 1: Samponi (500)
Seat 2: Thelmanine (1000)
*** ANTE/BLINDS ***
Thelmanine posts small blind 50
Samponi posts big blind 100
Dealt to Samponi [6s 5h]
*** PRE-FLOP *** 
Thelmanine folds
Samponi collected 150 from pot
*** SUMMARY ***
Total pot 150 | No rake
Seat 1: Samponi (big blind) won 150


Winamax Poker - Tournament "Expresso" buyIn: 0.93€ + 0.07€ level: 6 - HandId: #4692541075582091265-42-1775686851 - Holdem no limit (50/100) - 2026/04/08 22:20:51 UTC
Table: 'Expresso(1092567359)#0' 3-max (real money) Seat #1 is the button
Seat 1: Samponi (550)
Seat 2: Thelmanine (950)
*** ANTE/BLINDS ***
Samponi posts small blind 50
Thelmanine posts big blind 100
Dealt to Samponi [Th 5c]
*** PRE-FLOP *** 
Samponi folds
Thelmanine collected 150 from pot
*** SUMMARY ***
Total pot 150 | No rake
Seat 2: Thelmanine (big blind) won 150


Winamax Poker - Tournament "Expresso" buyIn: 0.93€ + 0.07€ level: 6 - HandId: #4692541075582091265-43-1775686855 - Holdem no limit (50/100) - 2026/04/08 22:20:55 UTC
Table: 'Expresso(1092567359)#0' 3-max (real money) Seat #2 is the button
Seat 1: Samponi (500)
Seat 2: Thelmanine (1000)
*** ANTE/BLINDS ***
Thelmanine posts small blind 50
Samponi posts big blind 100
Dealt to Samponi [Jd Td]
*** PRE-FLOP *** 
Thelmanine calls 50
Samponi checks
*** FLOP *** [9h 4d Jh]
Samponi checks
Thelmanine bets 130
Samponi raises 270 to 400 and is all-in
Thelmanine folds
Samponi collected 730 from pot
*** SUMMARY ***
Total pot 730 | No rake
Board: [9h 4d Jh]
Seat 1: Samponi (big blind) won 730


Winamax Poker - Tournament "Expresso" buyIn: 0.93€ + 0.07€ level: 7 - HandId: #4692541075582091265-44-1775686872 - Holdem no limit (60/120) - 2026/04/08 22:21:12 UTC
Table: 'Expresso(1092567359)#0' 3-max (real money) Seat #1 is the button
Seat 1: Samponi (730)
Seat 2: Thelmanine (770)
*** ANTE/BLINDS ***
Samponi posts small blind 60
Thelmanine posts big blind 120
Dealt to Samponi [Js 9h]
*** PRE-FLOP *** 
Samponi raises 120 to 240
Thelmanine folds
Samponi collected 360 from pot
*** SUMMARY ***
Total pot 360 | No rake
Seat 1: Samponi (small blind) (button) won 360


Winamax Poker - Tournament "Expresso" buyIn: 0.93€ + 0.07€ level: 7 - HandId: #4692541075582091265-45-1775686879 - Holdem no limit (60/120) - 2026/04/08 22:21:19 UTC
Table: 'Expresso(1092567359)#0' 3-max (real money) Seat #2 is the button
Seat 1: Samponi (850)
Seat 2: Thelmanine (650)
*** ANTE/BLINDS ***
Thelmanine posts small blind 60
Samponi posts big blind 120
Dealt to Samponi [6s 2d]
*** PRE-FLOP *** 
Thelmanine calls 60
Samponi checks
*** FLOP *** [9d 5d 8h]
Samponi checks
Thelmanine checks
*** TURN *** [9d 5d 8h][Kh]
Samponi checks
Thelmanine bets 530 and is all-in
Samponi folds
Thelmanine collected 770 from pot
*** SUMMARY ***
Total pot 770 | No rake
Board: [9d 5d 8h Kh]
Seat 2: Thelmanine (small blind) (button) won 770


Winamax Poker - Tournament "Expresso" buyIn: 0.93€ + 0.07€ level: 7 - HandId: #4692541075582091265-46-1775686911 - Holdem no limit (60/120) - 2026/04/08 22:21:51 UTC
Table: 'Expresso(1092567359)#0' 3-max (real money) Seat #1 is the button
Seat 1: Samponi (730)
Seat 2: Thelmanine (770)
*** ANTE/BLINDS ***
Samponi posts small blind 60
Thelmanine posts big blind 120
Dealt to Samponi [Td 5s]
*** PRE-FLOP *** 
Samponi folds
Thelmanine collected 180 from pot
*** SUMMARY ***
Total pot 180 | No rake
Seat 2: Thelmanine (big blind) won 180


Winamax Poker - Tournament "Expresso" buyIn: 0.93€ + 0.07€ level: 7 - HandId: #4692541075582091265-47-1775686915 - Holdem no limit (60/120) - 2026/04/08 22:21:55 UTC
Table: 'Expresso(1092567359)#0' 3-max (real money) Seat #2 is the button
Seat 1: Samponi (670)
Seat 2: Thelmanine (830)
*** ANTE/BLINDS ***
Thelmanine posts small blind 60
Samponi posts big blind 120
Dealt to Samponi [4s Kh]
*** PRE-FLOP *** 
Thelmanine calls 60
Samponi checks
*** FLOP *** [4d 4c 3d]
Samponi checks
Thelmanine checks
*** TURN *** [4d 4c 3d][6h]
Samponi checks
Thelmanine checks
*** RIVER *** [4d 4c 3d 6h][2c]
Samponi bets 120
Thelmanine folds
Samponi collected 360 from pot
*** SUMMARY ***
Total pot 360 | No rake
Board: [4d 4c 3d 6h 2c]
Seat 1: Samponi (big blind) won 360


Winamax Poker - Tournament "Expresso" buyIn: 0.93€ + 0.07€ level: 7 - HandId: #4692541075582091265-48-1775686943 - Holdem no limit (60/120) - 2026/04/08 22:22:23 UTC
Table: 'Expresso(1092567359)#0' 3-max (real money) Seat #1 is the button
Seat 1: Samponi (790)
Seat 2: Thelmanine (710)
*** ANTE/BLINDS ***
Samponi posts small blind 60
Thelmanine posts big blind 120
Dealt to Samponi [6d 8d]
*** PRE-FLOP *** 
Samponi folds
Thelmanine collected 180 from pot
*** SUMMARY ***
Total pot 180 | No rake
Seat 2: Thelmanine (big blind) won 180


Winamax Poker - Tournament "Expresso" buyIn: 0.93€ + 0.07€ level: 7 - HandId: #4692541075582091265-49-1775686948 - Holdem no limit (60/120) - 2026/04/08 22:22:28 UTC
Table: 'Expresso(1092567359)#0' 3-max (real money) Seat #2 is the button
Seat 1: Samponi (730)
Seat 2: Thelmanine (770)
*** ANTE/BLINDS ***
Thelmanine posts small blind 60
Samponi posts big blind 120
Dealt to Samponi [9h 2d]
*** PRE-FLOP *** 
Thelmanine calls 60
Samponi checks
*** FLOP *** [9s 4d Tc]
Samponi bets 120
Thelmanine folds
Samponi collected 360 from pot
*** SUMMARY ***
Total pot 360 | No rake
Board: [9s 4d Tc]
Seat 1: Samponi (big blind) won 360


Winamax Poker - Tournament "Expresso" buyIn: 0.93€ + 0.07€ level: 8 - HandId: #4692541075582091265-50-1775686958 - Holdem no limit (80/160) - 2026/04/08 22:22:38 UTC
Table: 'Expresso(1092567359)#0' 3-max (real money) Seat #1 is the button
Seat 1: Samponi (850)
Seat 2: Thelmanine (650)
*** ANTE/BLINDS ***
Samponi posts small blind 80
Thelmanine posts big blind 160
Dealt to Samponi [2h Qc]
*** PRE-FLOP *** 
Samponi folds
Thelmanine collected 240 from pot
*** SUMMARY ***
Total pot 240 | No rake
Seat 2: Thelmanine (big blind) won 240


Winamax Poker - Tournament "Expresso" buyIn: 0.93€ + 0.07€ level: 8 - HandId: #4692541075582091265-51-1775686962 - Holdem no limit (80/160) - 2026/04/08 22:22:42 UTC
Table: 'Expresso(1092567359)#0' 3-max (real money) Seat #2 is the button
Seat 1: Samponi (770)
Seat 2: Thelmanine (730)
*** ANTE/BLINDS ***
Thelmanine posts small blind 80
Samponi posts big blind 160
Dealt to Samponi [9c 9s]
*** PRE-FLOP *** 
Thelmanine calls 80
Samponi raises 610 to 770 and is all-in
Thelmanine folds
Samponi collected 930 from pot
*** SUMMARY ***
Total pot 930 | No rake
Seat 1: Samponi (big blind) won 930


Winamax Poker - Tournament "Expresso" buyIn: 0.93€ + 0.07€ level: 8 - HandId: #4692541075582091265-52-1775686972 - Holdem no limit (80/160) - 2026/04/08 22:22:52 UTC
Table: 'Expresso(1092567359)#0' 3-max (real money) Seat #1 is the button
Seat 1: Samponi (930)
Seat 2: Thelmanine (570)
*** ANTE/BLINDS ***
Samponi posts small blind 80
Thelmanine posts big blind 160
Dealt to Samponi [8h Ah]
*** PRE-FLOP *** 
Samponi raises 160 to 320
Thelmanine raises 250 to 570 and is all-in
Samponi calls 250
*** FLOP *** [5c 2d 7h]
*** TURN *** [5c 2d 7h][7s]
*** RIVER *** [5c 2d 7h 7s][8s]
*** SHOW DOWN ***
Thelmanine shows [Jc Th] (One pair : 7)
Samponi shows [8h Ah] (Two pairs : 8 and 7)
Samponi collected 1140 from pot
*** SUMMARY ***
Total pot 1140 | No rake
Board: [5c 2d 7h 7s 8s]
Seat 1: Samponi (small blind) (button) showed [8h Ah] and won 1140 with Two pairs : 8 and 7
Seat 2: Thelmanine (big blind) showed [Jc Th] and lost with One pair : 7


