Winamax Poker - Tournament "Expresso Nitro" buyIn: 0.46€ + 0.04€ level: 1 - HandId: #4668532831167709185-1-1774797187 - Holdem no limit (10/20) - 2026/03/29 15:13:07 UTC
Table: 'Expresso Nitro(1086977504)#0' 3-max (real money) Seat #3 is the button
Seat 1: Yajah (300)
Seat 2: Samponi (300)
Seat 3: Riad76 (300)
*** ANTE/BLINDS ***
Yajah posts small blind 10
Samponi posts big blind 20
Dealt to Samponi [Jc Ks]
*** PRE-FLOP *** 
Riad76 folds
Yajah calls 10
Samponi checks
*** FLOP *** [5c 6c 9s]
Yajah bets 20
Samponi folds
Yajah collected 60 from pot
*** SUMMARY ***
Total pot 60 | No rake
Board: [5c 6c 9s]
Seat 1: Yajah (small blind) won 60


Winamax Poker - Tournament "Expresso Nitro" buyIn: 0.46€ + 0.04€ level: 1 - HandId: #4668532831167709185-2-1774797205 - Holdem no limit (10/20) - 2026/03/29 15:13:25 UTC
Table: 'Expresso Nitro(1086977504)#0' 3-max (real money) Seat #1 is the button
Seat 1: Yajah (320)
Seat 2: Samponi (280)
Seat 3: Riad76 (300)
*** ANTE/BLINDS ***
Samponi posts small blind 10
Riad76 posts big blind 20
Dealt to Samponi [6d 4c]
*** PRE-FLOP *** 
Yajah calls 20
Samponi folds
Riad76 checks
*** FLOP *** [Td As 3h]
Riad76 checks
Yajah bets 20
Riad76 folds
Yajah collected 70 from pot
*** SUMMARY ***
Total pot 70 | No rake
Board: [Td As 3h]
Seat 1: Yajah (button) won 70


Winamax Poker - Tournament "Expresso Nitro" buyIn: 0.46€ + 0.04€ level: 1 - HandId: #4668532831167709185-3-1774797227 - Holdem no limit (10/20) - 2026/03/29 15:13:47 UTC
Table: 'Expresso Nitro(1086977504)#0' 3-max (real money) Seat #2 is the button
Seat 1: Yajah (350)
Seat 2: Samponi (270)
Seat 3: Riad76 (280)
*** ANTE/BLINDS ***
Riad76 posts small blind 10
Yajah posts big blind 20
Dealt to Samponi [4s 7h]
*** PRE-FLOP *** 
Samponi folds
Riad76 raises 260 to 280 and is all-in
Yajah folds
Riad76 collected 300 from pot
*** SUMMARY ***
Total pot 300 | No rake
Seat 3: Riad76 (small blind) won 300


Winamax Poker - Tournament "Expresso Nitro" buyIn: 0.46€ + 0.04€ level: 1 - HandId: #4668532831167709185-4-1774797234 - Holdem no limit (10/20) - 2026/03/29 15:13:54 UTC
Table: 'Expresso Nitro(1086977504)#0' 3-max (real money) Seat #3 is the button
Seat 1: Yajah (330)
Seat 2: Samponi (270)
Seat 3: Riad76 (300)
*** ANTE/BLINDS ***
Yajah posts small blind 10
Samponi posts big blind 20
Dealt to Samponi [4s 3h]
*** PRE-FLOP *** 
Riad76 raises 20 to 40
Yajah calls 30
Samponi folds
*** FLOP *** [5c 4h Ah]
Yajah bets 20
Riad76 calls 20
*** TURN *** [5c 4h Ah][Qd]
Yajah bets 20
Riad76 calls 20
*** RIVER *** [5c 4h Ah Qd][6d]
Yajah checks
Riad76 checks
*** SHOW DOWN ***
Yajah shows [2c 5s] (One pair : 5)
Riad76 shows [7c 6c] (One pair : 6)
Riad76 collected 180 from pot
*** SUMMARY ***
Total pot 180 | No rake
Board: [5c 4h Ah Qd 6d]
Seat 1: Yajah (small blind) showed [2c 5s] and lost with One pair : 5
Seat 3: Riad76 (button) showed [7c 6c] and won 180 with One pair : 6


Winamax Poker - Tournament "Expresso Nitro" buyIn: 0.46€ + 0.04€ level: 2 - HandId: #4668532831167709185-5-1774797252 - Holdem no limit (15/30) - 2026/03/29 15:14:12 UTC
Table: 'Expresso Nitro(1086977504)#0' 3-max (real money) Seat #1 is the button
Seat 1: Yajah (250)
Seat 2: Samponi (250)
Seat 3: Riad76 (400)
*** ANTE/BLINDS ***
Samponi posts small blind 15
Riad76 posts big blind 30
Dealt to Samponi [3d Jc]
*** PRE-FLOP *** 
Yajah calls 30
Samponi folds
Riad76 raises 370 to 400 and is all-in
Yajah folds
Riad76 collected 445 from pot
*** SUMMARY ***
Total pot 445 | No rake
Seat 3: Riad76 (big blind) won 445


Winamax Poker - Tournament "Expresso Nitro" buyIn: 0.46€ + 0.04€ level: 2 - HandId: #4668532831167709185-6-1774797263 - Holdem no limit (15/30) - 2026/03/29 15:14:23 UTC
Table: 'Expresso Nitro(1086977504)#0' 3-max (real money) Seat #2 is the button
Seat 1: Yajah (220)
Seat 2: Samponi (235)
Seat 3: Riad76 (445)
*** ANTE/BLINDS ***
Riad76 posts small blind 15
Yajah posts big blind 30
Dealt to Samponi [5s 9d]
*** PRE-FLOP *** 
Samponi folds
Riad76 raises 415 to 445 and is all-in
Yajah calls 190 and is all-in
*** FLOP *** [Kh 3d 8c]
*** TURN *** [Kh 3d 8c][4d]
*** RIVER *** [Kh 3d 8c 4d][2c]
*** SHOW DOWN ***
Yajah shows [8h Js] (One pair : 8)
Riad76 shows [Th Ac] (High card : Ace)
Riad76 collected 225 from side pot 1
Yajah collected 440 from main pot
*** SUMMARY ***
Total pot 665 | No rake
Board: [Kh 3d 8c 4d 2c]
Seat 1: Yajah (big blind) showed [8h Js] and won 440 with One pair : 8
Seat 3: Riad76 (small blind) showed [Th Ac] and won 225 with High card : Ace


Winamax Poker - Tournament "Expresso Nitro" buyIn: 0.46€ + 0.04€ level: 2 - HandId: #4668532831167709185-7-1774797286 - Holdem no limit (15/30) - 2026/03/29 15:14:46 UTC
Table: 'Expresso Nitro(1086977504)#0' 3-max (real money) Seat #3 is the button
Seat 1: Yajah (440)
Seat 2: Samponi (235)
Seat 3: Riad76 (225)
*** ANTE/BLINDS ***
Yajah posts small blind 15
Samponi posts big blind 30
Dealt to Samponi [Ks 7d]
*** PRE-FLOP *** 
Riad76 calls 30
Yajah calls 15
Samponi raises 205 to 235 and is all-in
Riad76 folds
Yajah calls 205
*** FLOP *** [Jd 7h 9h]
*** TURN *** [Jd 7h 9h][4s]
*** RIVER *** [Jd 7h 9h 4s][3d]
*** SHOW DOWN ***
Yajah shows [Ah 3c] (One pair : 3)
Samponi shows [Ks 7d] (One pair : 7)
Samponi collected 500 from pot
*** SUMMARY ***
Total pot 500 | No rake
Board: [Jd 7h 9h 4s 3d]
Seat 1: Yajah (small blind) showed [Ah 3c] and lost with One pair : 3
Seat 2: Samponi (big blind) showed [Ks 7d] and won 500 with One pair : 7


Winamax Poker - Tournament "Expresso Nitro" buyIn: 0.46€ + 0.04€ level: 3 - HandId: #4668532831167709185-8-1774797305 - Holdem no limit (20/40) - 2026/03/29 15:15:05 UTC
Table: 'Expresso Nitro(1086977504)#0' 3-max (real money) Seat #1 is the button
Seat 1: Yajah (205)
Seat 2: Samponi (500)
Seat 3: Riad76 (195)
*** ANTE/BLINDS ***
Samponi posts small blind 20
Riad76 posts big blind 40
Dealt to Samponi [Ah Ac]
*** PRE-FLOP *** 
Yajah calls 40
Samponi raises 460 to 500 and is all-in
Riad76 calls 155 and is all-in
Yajah folds
*** FLOP *** [Qd 2c Th]
*** TURN *** [Qd 2c Th][9c]
*** RIVER *** [Qd 2c Th 9c][3d]
*** SHOW DOWN ***
Riad76 shows [7d Ad] (High card : Ace)
Samponi shows [Ah Ac] (One pair : Aces)
Samponi collected 735 from pot
*** SUMMARY ***
Total pot 735 | No rake
Board: [Qd 2c Th 9c 3d]
Seat 2: Samponi (small blind) showed [Ah Ac] and won 735 with One pair : Aces
Seat 3: Riad76 (big blind) showed [7d Ad] and lost with High card : Ace


Winamax Poker - Tournament "Expresso Nitro" buyIn: 0.46€ + 0.04€ level: 3 - HandId: #4668532831167709185-9-1774797321 - Holdem no limit (20/40) - 2026/03/29 15:15:21 UTC
Table: 'Expresso Nitro(1086977504)#0' 3-max (real money) Seat #1 is the button
Seat 1: Yajah (165)
Seat 2: Samponi (735)
*** ANTE/BLINDS ***
Yajah posts small blind 20
Samponi posts big blind 40
Dealt to Samponi [2c Ks]
*** PRE-FLOP *** 
Yajah calls 20
Samponi checks
*** FLOP *** [Tc Kd 3h]
Samponi bets 695 and is all-in
Yajah folds
Samponi collected 775 from pot
*** SUMMARY ***
Total pot 775 | No rake
Board: [Tc Kd 3h]
Seat 2: Samponi (big blind) won 775


Winamax Poker - Tournament "Expresso Nitro" buyIn: 0.46€ + 0.04€ level: 3 - HandId: #4668532831167709185-10-1774797335 - Holdem no limit (20/40) - 2026/03/29 15:15:35 UTC
Table: 'Expresso Nitro(1086977504)#0' 3-max (real money) Seat #2 is the button
Seat 1: Yajah (125)
Seat 2: Samponi (775)
*** ANTE/BLINDS ***
Samponi posts small blind 20
Yajah posts big blind 40
Dealt to Samponi [7d 2h]
*** PRE-FLOP *** 
Samponi folds
Yajah collected 60 from pot
*** SUMMARY ***
Total pot 60 | No rake
Seat 1: Yajah (big blind) won 60


Winamax Poker - Tournament "Expresso Nitro" buyIn: 0.46€ + 0.04€ level: 3 - HandId: #4668532831167709185-11-1774797340 - Holdem no limit (20/40) - 2026/03/29 15:15:40 UTC
Table: 'Expresso Nitro(1086977504)#0' 3-max (real money) Seat #1 is the button
Seat 1: Yajah (145)
Seat 2: Samponi (755)
*** ANTE/BLINDS ***
Yajah posts small blind 20
Samponi posts big blind 40
Dealt to Samponi [Ks 4d]
*** PRE-FLOP *** 
Yajah calls 20
Samponi checks
*** FLOP *** [Ah Ac 2c]
Samponi checks
Yajah checks
*** TURN *** [Ah Ac 2c][5d]
Samponi checks
Yajah bets 40
Samponi folds
Yajah collected 120 from pot
*** SUMMARY ***
Total pot 120 | No rake
Board: [Ah Ac 2c 5d]
Seat 1: Yajah (small blind) (button) won 120


Winamax Poker - Tournament "Expresso Nitro" buyIn: 0.46€ + 0.04€ level: 3 - HandId: #4668532831167709185-12-1774797362 - Holdem no limit (20/40) - 2026/03/29 15:16:02 UTC
Table: 'Expresso Nitro(1086977504)#0' 3-max (real money) Seat #2 is the button
Seat 1: Yajah (185)
Seat 2: Samponi (715)
*** ANTE/BLINDS ***
Samponi posts small blind 20
Yajah posts big blind 40
Dealt to Samponi [6h 8d]
*** PRE-FLOP *** 
Samponi folds
Yajah collected 60 from pot
*** SUMMARY ***
Total pot 60 | No rake
Seat 1: Yajah (big blind) won 60


Winamax Poker - Tournament "Expresso Nitro" buyIn: 0.46€ + 0.04€ level: 4 - HandId: #4668532831167709185-13-1774797366 - Holdem no limit (30/60) - 2026/03/29 15:16:06 UTC
Table: 'Expresso Nitro(1086977504)#0' 3-max (real money) Seat #1 is the button
Seat 1: Yajah (205)
Seat 2: Samponi (695)
*** ANTE/BLINDS ***
Yajah posts small blind 30
Samponi posts big blind 60
Dealt to Samponi [Kc 2h]
*** PRE-FLOP *** 
Yajah calls 30
Samponi checks
*** FLOP *** [7c 3h 8s]
Samponi checks
Yajah checks
*** TURN *** [7c 3h 8s][3c]
Samponi checks
Yajah checks
*** RIVER *** [7c 3h 8s 3c][8d]
Samponi checks
Yajah checks
*** SHOW DOWN ***
Samponi shows [Kc 2h] (Two pairs : 8 and 3)
Yajah shows [As Ks] (Two pairs : 8 and 3)
Yajah collected 120 from pot
*** SUMMARY ***
Total pot 120 | No rake
Board: [7c 3h 8s 3c 8d]
Seat 1: Yajah (small blind) (button) showed [As Ks] and won 120 with Two pairs : 8 and 3
Seat 2: Samponi (big blind) showed [Kc 2h] and lost with Two pairs : 8 and 3


Winamax Poker - Tournament "Expresso Nitro" buyIn: 0.46€ + 0.04€ level: 4 - HandId: #4668532831167709185-14-1774797394 - Holdem no limit (30/60) - 2026/03/29 15:16:34 UTC
Table: 'Expresso Nitro(1086977504)#0' 3-max (real money) Seat #2 is the button
Seat 1: Yajah (265)
Seat 2: Samponi (635)
*** ANTE/BLINDS ***
Samponi posts small blind 30
Yajah posts big blind 60
Dealt to Samponi [8d 7h]
*** PRE-FLOP *** 
Samponi calls 30
Yajah checks
*** FLOP *** [5d 4h 2s]
Yajah bets 60
Samponi folds
Yajah collected 180 from pot
*** SUMMARY ***
Total pot 180 | No rake
Board: [5d 4h 2s]
Seat 1: Yajah (big blind) won 180


Winamax Poker - Tournament "Expresso Nitro" buyIn: 0.46€ + 0.04€ level: 4 - HandId: #4668532831167709185-15-1774797404 - Holdem no limit (30/60) - 2026/03/29 15:16:44 UTC
Table: 'Expresso Nitro(1086977504)#0' 3-max (real money) Seat #1 is the button
Seat 1: Yajah (325)
Seat 2: Samponi (575)
*** ANTE/BLINDS ***
Yajah posts small blind 30
Samponi posts big blind 60
Dealt to Samponi [4d Jd]
*** PRE-FLOP *** 
Yajah calls 30
Samponi checks
*** FLOP *** [2c Jc 5s]
Samponi bets 515 and is all-in
Yajah calls 265 and is all-in
*** TURN *** [2c Jc 5s][2h]
*** RIVER *** [2c Jc 5s 2h][Qc]
*** SHOW DOWN ***
Yajah shows [5h 9h] (Two pairs : 5 and 2)
Samponi shows [4d Jd] (Two pairs : Jacks and 2)
Samponi collected 900 from pot
*** SUMMARY ***
Total pot 900 | No rake
Board: [2c Jc 5s 2h Qc]
Seat 1: Yajah (small blind) (button) showed [5h 9h] and lost with Two pairs : 5 and 2
Seat 2: Samponi (big blind) showed [4d Jd] and won 900 with Two pairs : Jacks and 2


