Winamax Poker - Tournament "Expresso" buyIn: 0.93€ + 0.07€ level: 1 - HandId: #4693926975629164545-1-1775748046 - Holdem no limit (10/20) - 2026/04/09 15:20:46 UTC
Table: 'Expresso(1092890039)#0' 3-max (real money) Seat #2 is the button
Seat 1: raspiya (500)
Seat 2: TIONZOR (500)
Seat 3: Samponi (500)
*** ANTE/BLINDS ***
Samponi posts small blind 10
raspiya posts big blind 20
Dealt to Samponi [3d 6c]
*** PRE-FLOP *** 
TIONZOR folds
Samponi folds
raspiya collected 30 from pot
*** SUMMARY ***
Total pot 30 | No rake
Seat 1: raspiya (big blind) won 30


Winamax Poker - Tournament "Expresso" buyIn: 0.93€ + 0.07€ level: 1 - HandId: #4693926975629164545-2-1775748055 - Holdem no limit (10/20) - 2026/04/09 15:20:55 UTC
Table: 'Expresso(1092890039)#0' 3-max (real money) Seat #3 is the button
Seat 1: raspiya (510)
Seat 2: TIONZOR (500)
Seat 3: Samponi (490)
*** ANTE/BLINDS ***
raspiya posts small blind 10
TIONZOR posts big blind 20
Dealt to Samponi [3d Tc]
*** PRE-FLOP *** 
Samponi folds
raspiya calls 10
TIONZOR checks
*** FLOP *** [Kh Ac 3c]
raspiya checks
TIONZOR checks
*** TURN *** [Kh Ac 3c][5h]
raspiya checks
TIONZOR checks
*** RIVER *** [Kh Ac 3c 5h][6s]
raspiya checks
TIONZOR bets 26
raspiya folds
TIONZOR collected 66 from pot
*** SUMMARY ***
Total pot 66 | No rake
Board: [Kh Ac 3c 5h 6s]
Seat 2: TIONZOR (big blind) won 66


Winamax Poker - Tournament "Expresso" buyIn: 0.93€ + 0.07€ level: 1 - HandId: #4693926975629164545-3-1775748083 - Holdem no limit (10/20) - 2026/04/09 15:21:23 UTC
Table: 'Expresso(1092890039)#0' 3-max (real money) Seat #1 is the button
Seat 1: raspiya (490)
Seat 2: TIONZOR (520)
Seat 3: Samponi (490)
*** ANTE/BLINDS ***
TIONZOR posts small blind 10
Samponi posts big blind 20
Dealt to Samponi [Jd 7h]
*** PRE-FLOP *** 
raspiya calls 20
TIONZOR folds
Samponi checks
*** FLOP *** [7c Jh 5s]
Samponi checks
raspiya checks
*** TURN *** [7c Jh 5s][5d]
Samponi checks
raspiya checks
*** RIVER *** [7c Jh 5s 5d][7d]
Samponi bets 50
raspiya folds
Samponi collected 100 from pot
*** SUMMARY ***
Total pot 100 | No rake
Board: [7c Jh 5s 5d 7d]
Seat 3: Samponi (big blind) won 100


Winamax Poker - Tournament "Expresso" buyIn: 0.93€ + 0.07€ level: 1 - HandId: #4693926975629164545-4-1775748105 - Holdem no limit (10/20) - 2026/04/09 15:21:45 UTC
Table: 'Expresso(1092890039)#0' 3-max (real money) Seat #2 is the button
Seat 1: raspiya (470)
Seat 2: TIONZOR (510)
Seat 3: Samponi (520)
*** ANTE/BLINDS ***
Samponi posts small blind 10
raspiya posts big blind 20
Dealt to Samponi [2h Ad]
*** PRE-FLOP *** 
TIONZOR raises 30 to 50
Samponi folds
raspiya raises 420 to 470 and is all-in
TIONZOR calls 420
*** FLOP *** [6d 9c 8c]
*** TURN *** [6d 9c 8c][9d]
*** RIVER *** [6d 9c 8c 9d][2s]
*** SHOW DOWN ***
raspiya shows [Ac Ts] (One pair : 9)
TIONZOR shows [Jd Js] (Two pairs : Jacks and 9)
TIONZOR collected 950 from pot
*** SUMMARY ***
Total pot 950 | No rake
Board: [6d 9c 8c 9d 2s]
Seat 1: raspiya (big blind) showed [Ac Ts] and lost with One pair : 9
Seat 2: TIONZOR (button) showed [Jd Js] and won 950 with Two pairs : Jacks and 9


Winamax Poker - Tournament "Expresso" buyIn: 0.93€ + 0.07€ level: 1 - HandId: #4693926975629164545-5-1775748125 - Holdem no limit (10/20) - 2026/04/09 15:22:05 UTC
Table: 'Expresso(1092890039)#0' 3-max (real money) Seat #2 is the button
Seat 2: TIONZOR (990)
Seat 3: Samponi (510)
*** ANTE/BLINDS ***
TIONZOR posts small blind 10
Samponi posts big blind 20
Dealt to Samponi [7s 2s]
*** PRE-FLOP *** 
TIONZOR raises 30 to 50
Samponi folds
TIONZOR collected 70 from pot
*** SUMMARY ***
Total pot 70 | No rake
Seat 2: TIONZOR (small blind) (button) won 70


Winamax Poker - Tournament "Expresso" buyIn: 0.93€ + 0.07€ level: 1 - HandId: #4693926975629164545-6-1775748133 - Holdem no limit (10/20) - 2026/04/09 15:22:13 UTC
Table: 'Expresso(1092890039)#0' 3-max (real money) Seat #3 is the button
Seat 2: TIONZOR (1010)
Seat 3: Samponi (490)
*** ANTE/BLINDS ***
Samponi posts small blind 10
TIONZOR posts big blind 20
Dealt to Samponi [3c 7s]
*** PRE-FLOP *** 
Samponi folds
TIONZOR collected 30 from pot
*** SUMMARY ***
Total pot 30 | No rake
Seat 2: TIONZOR (big blind) won 30


Winamax Poker - Tournament "Expresso" buyIn: 0.93€ + 0.07€ level: 2 - HandId: #4693926975629164545-7-1775748137 - Holdem no limit (15/30) - 2026/04/09 15:22:17 UTC
Table: 'Expresso(1092890039)#0' 3-max (real money) Seat #2 is the button
Seat 2: TIONZOR (1020)
Seat 3: Samponi (480)
*** ANTE/BLINDS ***
TIONZOR posts small blind 15
Samponi posts big blind 30
Dealt to Samponi [Qd Ac]
*** PRE-FLOP *** 
TIONZOR folds
Samponi collected 45 from pot
*** SUMMARY ***
Total pot 45 | No rake
Seat 3: Samponi (big blind) won 45


Winamax Poker - Tournament "Expresso" buyIn: 0.93€ + 0.07€ level: 2 - HandId: #4693926975629164545-8-1775748141 - Holdem no limit (15/30) - 2026/04/09 15:22:21 UTC
Table: 'Expresso(1092890039)#0' 3-max (real money) Seat #3 is the button
Seat 2: TIONZOR (1005)
Seat 3: Samponi (495)
*** ANTE/BLINDS ***
Samponi posts small blind 15
TIONZOR posts big blind 30
Dealt to Samponi [Ad 5s]
*** PRE-FLOP *** 
Samponi raises 30 to 60
TIONZOR raises 90 to 150
Samponi folds
TIONZOR collected 210 from pot
*** SUMMARY ***
Total pot 210 | No rake
Seat 2: TIONZOR (big blind) won 210


Winamax Poker - Tournament "Expresso" buyIn: 0.93€ + 0.07€ level: 2 - HandId: #4693926975629164545-9-1775748154 - Holdem no limit (15/30) - 2026/04/09 15:22:34 UTC
Table: 'Expresso(1092890039)#0' 3-max (real money) Seat #2 is the button
Seat 2: TIONZOR (1065)
Seat 3: Samponi (435)
*** ANTE/BLINDS ***
TIONZOR posts small blind 15
Samponi posts big blind 30
Dealt to Samponi [9h 2d]
*** PRE-FLOP *** 
TIONZOR folds
Samponi collected 45 from pot
*** SUMMARY ***
Total pot 45 | No rake
Seat 3: Samponi (big blind) won 45


Winamax Poker - Tournament "Expresso" buyIn: 0.93€ + 0.07€ level: 2 - HandId: #4693926975629164545-10-1775748158 - Holdem no limit (15/30) - 2026/04/09 15:22:38 UTC
Table: 'Expresso(1092890039)#0' 3-max (real money) Seat #3 is the button
Seat 2: TIONZOR (1050)
Seat 3: Samponi (450)
*** ANTE/BLINDS ***
Samponi posts small blind 15
TIONZOR posts big blind 30
Dealt to Samponi [5s Qs]
*** PRE-FLOP *** 
Samponi raises 30 to 60
TIONZOR folds
Samponi collected 90 from pot
*** SUMMARY ***
Total pot 90 | No rake
Seat 3: Samponi (small blind) (button) won 90


Winamax Poker - Tournament "Expresso" buyIn: 0.93€ + 0.07€ level: 2 - HandId: #4693926975629164545-11-1775748168 - Holdem no limit (15/30) - 2026/04/09 15:22:48 UTC
Table: 'Expresso(1092890039)#0' 3-max (real money) Seat #2 is the button
Seat 2: TIONZOR (1020)
Seat 3: Samponi (480)
*** ANTE/BLINDS ***
TIONZOR posts small blind 15
Samponi posts big blind 30
Dealt to Samponi [6d Ks]
*** PRE-FLOP *** 
TIONZOR folds
Samponi collected 45 from pot
*** SUMMARY ***
Total pot 45 | No rake
Seat 3: Samponi (big blind) won 45


Winamax Poker - Tournament "Expresso" buyIn: 0.93€ + 0.07€ level: 2 - HandId: #4693926975629164545-12-1775748175 - Holdem no limit (15/30) - 2026/04/09 15:22:55 UTC
Table: 'Expresso(1092890039)#0' 3-max (real money) Seat #3 is the button
Seat 2: TIONZOR (1005)
Seat 3: Samponi (495)
*** ANTE/BLINDS ***
Samponi posts small blind 15
TIONZOR posts big blind 30
Dealt to Samponi [Kh Jc]
*** PRE-FLOP *** 
Samponi raises 30 to 60
TIONZOR folds
Samponi collected 90 from pot
*** SUMMARY ***
Total pot 90 | No rake
Seat 3: Samponi (small blind) (button) won 90


Winamax Poker - Tournament "Expresso" buyIn: 0.93€ + 0.07€ level: 2 - HandId: #4693926975629164545-13-1775748182 - Holdem no limit (15/30) - 2026/04/09 15:23:02 UTC
Table: 'Expresso(1092890039)#0' 3-max (real money) Seat #2 is the button
Seat 2: TIONZOR (975)
Seat 3: Samponi (525)
*** ANTE/BLINDS ***
TIONZOR posts small blind 15
Samponi posts big blind 30
Dealt to Samponi [3s Td]
*** PRE-FLOP *** 
TIONZOR raises 30 to 60
Samponi calls 30
*** FLOP *** [Qs 5c Ks]
Samponi checks
TIONZOR checks
*** TURN *** [Qs 5c Ks][Ah]
Samponi checks
TIONZOR bets 30
Samponi calls 30
*** RIVER *** [Qs 5c Ks Ah][7s]
Samponi checks
TIONZOR checks
*** SHOW DOWN ***
Samponi shows [3s Td] (High card : Ace)
TIONZOR shows [5d Jh] (One pair : 5)
TIONZOR collected 180 from pot
*** SUMMARY ***
Total pot 180 | No rake
Board: [Qs 5c Ks Ah 7s]
Seat 2: TIONZOR (small blind) (button) showed [5d Jh] and won 180 with One pair : 5
Seat 3: Samponi (big blind) showed [3s Td] and lost with High card : Ace


Winamax Poker - Tournament "Expresso" buyIn: 0.93€ + 0.07€ level: 2 - HandId: #4693926975629164545-14-1775748213 - Holdem no limit (15/30) - 2026/04/09 15:23:33 UTC
Table: 'Expresso(1092890039)#0' 3-max (real money) Seat #3 is the button
Seat 2: TIONZOR (1065)
Seat 3: Samponi (435)
*** ANTE/BLINDS ***
Samponi posts small blind 15
TIONZOR posts big blind 30
Dealt to Samponi [2c 4d]
*** PRE-FLOP *** 
Samponi folds
TIONZOR collected 45 from pot
*** SUMMARY ***
Total pot 45 | No rake
Seat 2: TIONZOR (big blind) won 45


Winamax Poker - Tournament "Expresso" buyIn: 0.93€ + 0.07€ level: 2 - HandId: #4693926975629164545-15-1775748218 - Holdem no limit (15/30) - 2026/04/09 15:23:38 UTC
Table: 'Expresso(1092890039)#0' 3-max (real money) Seat #2 is the button
Seat 2: TIONZOR (1080)
Seat 3: Samponi (420)
*** ANTE/BLINDS ***
TIONZOR posts small blind 15
Samponi posts big blind 30
Dealt to Samponi [2s 4c]
*** PRE-FLOP *** 
TIONZOR calls 15
Samponi checks
*** FLOP *** [Ah 4d 5d]
Samponi bets 30
TIONZOR folds
Samponi collected 90 from pot
*** SUMMARY ***
Total pot 90 | No rake
Board: [Ah 4d 5d]
Seat 3: Samponi (big blind) won 90


Winamax Poker - Tournament "Expresso" buyIn: 0.93€ + 0.07€ level: 3 - HandId: #4693926975629164545-16-1775748234 - Holdem no limit (20/40) - 2026/04/09 15:23:54 UTC
Table: 'Expresso(1092890039)#0' 3-max (real money) Seat #3 is the button
Seat 2: TIONZOR (1050)
Seat 3: Samponi (450)
*** ANTE/BLINDS ***
Samponi posts small blind 20
TIONZOR posts big blind 40
Dealt to Samponi [8s Ts]
*** PRE-FLOP *** 
Samponi raises 40 to 80
TIONZOR folds
Samponi collected 120 from pot
*** SUMMARY ***
Total pot 120 | No rake
Seat 3: Samponi (small blind) (button) won 120


Winamax Poker - Tournament "Expresso" buyIn: 0.93€ + 0.07€ level: 3 - HandId: #4693926975629164545-17-1775748241 - Holdem no limit (20/40) - 2026/04/09 15:24:01 UTC
Table: 'Expresso(1092890039)#0' 3-max (real money) Seat #2 is the button
Seat 2: TIONZOR (1010)
Seat 3: Samponi (490)
*** ANTE/BLINDS ***
TIONZOR posts small blind 20
Samponi posts big blind 40
Dealt to Samponi [3h Tc]
*** PRE-FLOP *** 
TIONZOR folds
Samponi collected 60 from pot
*** SUMMARY ***
Total pot 60 | No rake
Seat 3: Samponi (big blind) won 60


Winamax Poker - Tournament "Expresso" buyIn: 0.93€ + 0.07€ level: 3 - HandId: #4693926975629164545-18-1775748255 - Holdem no limit (20/40) - 2026/04/09 15:24:15 UTC
Table: 'Expresso(1092890039)#0' 3-max (real money) Seat #3 is the button
Seat 2: TIONZOR (990)
Seat 3: Samponi (510)
*** ANTE/BLINDS ***
Samponi posts small blind 20
TIONZOR posts big blind 40
Dealt to Samponi [7h 3s]
*** PRE-FLOP *** 
Samponi folds
TIONZOR collected 60 from pot
*** SUMMARY ***
Total pot 60 | No rake
Seat 2: TIONZOR (big blind) won 60


Winamax Poker - Tournament "Expresso" buyIn: 0.93€ + 0.07€ level: 3 - HandId: #4693926975629164545-19-1775748260 - Holdem no limit (20/40) - 2026/04/09 15:24:20 UTC
Table: 'Expresso(1092890039)#0' 3-max (real money) Seat #2 is the button
Seat 2: TIONZOR (1010)
Seat 3: Samponi (490)
*** ANTE/BLINDS ***
TIONZOR posts small blind 20
Samponi posts big blind 40
Dealt to Samponi [7c 5h]
*** PRE-FLOP *** 
TIONZOR raises 60 to 100
Samponi folds
TIONZOR collected 140 from pot
*** SUMMARY ***
Total pot 140 | No rake
Seat 2: TIONZOR (small blind) (button) won 140


Winamax Poker - Tournament "Expresso" buyIn: 0.93€ + 0.07€ level: 3 - HandId: #4693926975629164545-20-1775748273 - Holdem no limit (20/40) - 2026/04/09 15:24:33 UTC
Table: 'Expresso(1092890039)#0' 3-max (real money) Seat #3 is the button
Seat 2: TIONZOR (1050)
Seat 3: Samponi (450)
*** ANTE/BLINDS ***
Samponi posts small blind 20
TIONZOR posts big blind 40
Dealt to Samponi [6d 7h]
*** PRE-FLOP *** 
Samponi folds
TIONZOR collected 60 from pot
*** SUMMARY ***
Total pot 60 | No rake
Seat 2: TIONZOR (big blind) won 60


Winamax Poker - Tournament "Expresso" buyIn: 0.93€ + 0.07€ level: 3 - HandId: #4693926975629164545-21-1775748277 - Holdem no limit (20/40) - 2026/04/09 15:24:37 UTC
Table: 'Expresso(1092890039)#0' 3-max (real money) Seat #2 is the button
Seat 2: TIONZOR (1070)
Seat 3: Samponi (430)
*** ANTE/BLINDS ***
TIONZOR posts small blind 20
Samponi posts big blind 40
Dealt to Samponi [7h 2c]
*** PRE-FLOP *** 
TIONZOR raises 60 to 100
Samponi folds
TIONZOR collected 140 from pot
*** SUMMARY ***
Total pot 140 | No rake
Seat 2: TIONZOR (small blind) (button) won 140


Winamax Poker - Tournament "Expresso" buyIn: 0.93€ + 0.07€ level: 3 - HandId: #4693926975629164545-22-1775748286 - Holdem no limit (20/40) - 2026/04/09 15:24:46 UTC
Table: 'Expresso(1092890039)#0' 3-max (real money) Seat #3 is the button
Seat 2: TIONZOR (1110)
Seat 3: Samponi (390)
*** ANTE/BLINDS ***
Samponi posts small blind 20
TIONZOR posts big blind 40
Dealt to Samponi [3c 2h]
*** PRE-FLOP *** 
Samponi folds
TIONZOR collected 60 from pot
*** SUMMARY ***
Total pot 60 | No rake
Seat 2: TIONZOR (big blind) won 60


Winamax Poker - Tournament "Expresso" buyIn: 0.93€ + 0.07€ level: 3 - HandId: #4693926975629164545-23-1775748290 - Holdem no limit (20/40) - 2026/04/09 15:24:50 UTC
Table: 'Expresso(1092890039)#0' 3-max (real money) Seat #2 is the button
Seat 2: TIONZOR (1130)
Seat 3: Samponi (370)
*** ANTE/BLINDS ***
TIONZOR posts small blind 20
Samponi posts big blind 40
Dealt to Samponi [Tc Qh]
*** PRE-FLOP *** 
TIONZOR calls 20
Samponi raises 40 to 80
TIONZOR calls 40
*** FLOP *** [9d 2c 8h]
Samponi bets 104
TIONZOR folds
Samponi collected 264 from pot
*** SUMMARY ***
Total pot 264 | No rake
Board: [9d 2c 8h]
Seat 3: Samponi (big blind) won 264


Winamax Poker - Tournament "Expresso" buyIn: 0.93€ + 0.07€ level: 3 - HandId: #4693926975629164545-24-1775748309 - Holdem no limit (20/40) - 2026/04/09 15:25:09 UTC
Table: 'Expresso(1092890039)#0' 3-max (real money) Seat #3 is the button
Seat 2: TIONZOR (1050)
Seat 3: Samponi (450)
*** ANTE/BLINDS ***
Samponi posts small blind 20
TIONZOR posts big blind 40
Dealt to Samponi [7h Jd]
*** PRE-FLOP *** 
Samponi raises 40 to 80
TIONZOR raises 120 to 200
Samponi folds
TIONZOR collected 280 from pot
*** SUMMARY ***
Total pot 280 | No rake
Seat 2: TIONZOR (big blind) won 280


Winamax Poker - Tournament "Expresso" buyIn: 0.93€ + 0.07€ level: 4 - HandId: #4693926975629164545-25-1775748318 - Holdem no limit (30/60) - 2026/04/09 15:25:18 UTC
Table: 'Expresso(1092890039)#0' 3-max (real money) Seat #2 is the button
Seat 2: TIONZOR (1130)
Seat 3: Samponi (370)
*** ANTE/BLINDS ***
TIONZOR posts small blind 30
Samponi posts big blind 60
Dealt to Samponi [8c 5h]
*** PRE-FLOP *** 
TIONZOR folds
Samponi collected 90 from pot
*** SUMMARY ***
Total pot 90 | No rake
Seat 3: Samponi (big blind) won 90


Winamax Poker - Tournament "Expresso" buyIn: 0.93€ + 0.07€ level: 4 - HandId: #4693926975629164545-26-1775748324 - Holdem no limit (30/60) - 2026/04/09 15:25:24 UTC
Table: 'Expresso(1092890039)#0' 3-max (real money) Seat #3 is the button
Seat 2: TIONZOR (1100)
Seat 3: Samponi (400)
*** ANTE/BLINDS ***
Samponi posts small blind 30
TIONZOR posts big blind 60
Dealt to Samponi [Qc 5s]
*** PRE-FLOP *** 
Samponi folds
TIONZOR collected 90 from pot
*** SUMMARY ***
Total pot 90 | No rake
Seat 2: TIONZOR (big blind) won 90


Winamax Poker - Tournament "Expresso" buyIn: 0.93€ + 0.07€ level: 4 - HandId: #4693926975629164545-27-1775748329 - Holdem no limit (30/60) - 2026/04/09 15:25:29 UTC
Table: 'Expresso(1092890039)#0' 3-max (real money) Seat #2 is the button
Seat 2: TIONZOR (1130)
Seat 3: Samponi (370)
*** ANTE/BLINDS ***
TIONZOR posts small blind 30
Samponi posts big blind 60
Dealt to Samponi [8d 3s]
*** PRE-FLOP *** 
TIONZOR calls 30
Samponi checks
*** FLOP *** [4h Kh Qc]
Samponi checks
TIONZOR checks
*** TURN *** [4h Kh Qc][9s]
Samponi checks
TIONZOR checks
*** RIVER *** [4h Kh Qc 9s][As]
Samponi checks
TIONZOR checks
*** SHOW DOWN ***
Samponi shows [8d 3s] (High card : Ace)
TIONZOR shows [8s Td] (High card : Ace)
TIONZOR collected 120 from pot
*** SUMMARY ***
Total pot 120 | No rake
Board: [4h Kh Qc 9s As]
Seat 2: TIONZOR (small blind) (button) showed [8s Td] and won 120 with High card : Ace
Seat 3: Samponi (big blind) showed [8d 3s] and lost with High card : Ace


Winamax Poker - Tournament "Expresso" buyIn: 0.93€ + 0.07€ level: 4 - HandId: #4693926975629164545-28-1775748348 - Holdem no limit (30/60) - 2026/04/09 15:25:48 UTC
Table: 'Expresso(1092890039)#0' 3-max (real money) Seat #3 is the button
Seat 2: TIONZOR (1190)
Seat 3: Samponi (310)
*** ANTE/BLINDS ***
Samponi posts small blind 30
TIONZOR posts big blind 60
Dealt to Samponi [4c 3h]
*** PRE-FLOP *** 
Samponi folds
TIONZOR collected 90 from pot
*** SUMMARY ***
Total pot 90 | No rake
Seat 2: TIONZOR (big blind) won 90


Winamax Poker - Tournament "Expresso" buyIn: 0.93€ + 0.07€ level: 4 - HandId: #4693926975629164545-29-1775748352 - Holdem no limit (30/60) - 2026/04/09 15:25:52 UTC
Table: 'Expresso(1092890039)#0' 3-max (real money) Seat #2 is the button
Seat 2: TIONZOR (1220)
Seat 3: Samponi (280)
*** ANTE/BLINDS ***
TIONZOR posts small blind 30
Samponi posts big blind 60
Dealt to Samponi [Th Ah]
*** PRE-FLOP *** 
TIONZOR raises 60 to 120
Samponi raises 160 to 280 and is all-in
TIONZOR calls 160
*** FLOP *** [Js 6h 7d]
*** TURN *** [Js 6h 7d][4d]
*** RIVER *** [Js 6h 7d 4d][5h]
*** SHOW DOWN ***
Samponi shows [Th Ah] (High card : Ace)
TIONZOR shows [8h Qd] (Straight 8 high)
TIONZOR collected 560 from pot
*** SUMMARY ***
Total pot 560 | No rake
Board: [Js 6h 7d 4d 5h]
Seat 2: TIONZOR (small blind) (button) showed [8h Qd] and won 560 with Straight 8 high
Seat 3: Samponi (big blind) showed [Th Ah] and lost with High card : Ace


