Winamax Poker - Tournament "Expresso Nitro" buyIn: 0.46€ + 0.04€ level: 1 - HandId: #4668536430350303233-1-1774797299 - Holdem no limit (10/20) - 2026/03/29 15:14:59 UTC
Table: 'Expresso Nitro(1086978342)#0' 3-max (real money) Seat #3 is the button
Seat 1: Zeze28 (300)
Seat 2: KingUFC (300)
Seat 3: Samponi (300)
*** ANTE/BLINDS ***
Zeze28 posts small blind 10
KingUFC posts big blind 20
Dealt to Samponi [Js 5h]
*** PRE-FLOP *** 
Samponi folds
Zeze28 raises 40 to 60
KingUFC folds
Zeze28 collected 80 from pot
*** SUMMARY ***
Total pot 80 | No rake
Seat 1: Zeze28 (small blind) won 80


Winamax Poker - Tournament "Expresso Nitro" buyIn: 0.46€ + 0.04€ level: 1 - HandId: #4668536430350303233-2-1774797308 - Holdem no limit (10/20) - 2026/03/29 15:15:08 UTC
Table: 'Expresso Nitro(1086978342)#0' 3-max (real money) Seat #1 is the button
Seat 1: Zeze28 (320)
Seat 2: KingUFC (280)
Seat 3: Samponi (300)
*** ANTE/BLINDS ***
KingUFC posts small blind 10
Samponi posts big blind 20
Dealt to Samponi [8d 5s]
*** PRE-FLOP *** 
Zeze28 calls 20
KingUFC folds
Samponi checks
*** FLOP *** [Jd Ts Ad]
Samponi checks
Zeze28 bets 20
Samponi folds
Zeze28 collected 70 from pot
*** SUMMARY ***
Total pot 70 | No rake
Board: [Jd Ts Ad]
Seat 1: Zeze28 (button) won 70


Winamax Poker - Tournament "Expresso Nitro" buyIn: 0.46€ + 0.04€ level: 1 - HandId: #4668536430350303233-3-1774797330 - Holdem no limit (10/20) - 2026/03/29 15:15:30 UTC
Table: 'Expresso Nitro(1086978342)#0' 3-max (real money) Seat #2 is the button
Seat 1: Zeze28 (350)
Seat 2: KingUFC (270)
Seat 3: Samponi (280)
*** ANTE/BLINDS ***
Samponi posts small blind 10
Zeze28 posts big blind 20
Dealt to Samponi [Qd Jh]
*** PRE-FLOP *** 
KingUFC folds
Samponi raises 260 to 280 and is all-in
Zeze28 folds
Samponi collected 300 from pot
*** SUMMARY ***
Total pot 300 | No rake
Seat 3: Samponi (small blind) won 300


Winamax Poker - Tournament "Expresso Nitro" buyIn: 0.46€ + 0.04€ level: 1 - HandId: #4668536430350303233-4-1774797341 - Holdem no limit (10/20) - 2026/03/29 15:15:41 UTC
Table: 'Expresso Nitro(1086978342)#0' 3-max (real money) Seat #3 is the button
Seat 1: Zeze28 (330)
Seat 2: KingUFC (270)
Seat 3: Samponi (300)
*** ANTE/BLINDS ***
Zeze28 posts small blind 10
KingUFC posts big blind 20
Dealt to Samponi [6d Td]
*** PRE-FLOP *** 
Samponi folds
Zeze28 calls 10
KingUFC checks
*** FLOP *** [5d 9d Qd]
Zeze28 bets 40
KingUFC folds
Zeze28 collected 80 from pot
*** SUMMARY ***
Total pot 80 | No rake
Board: [5d 9d Qd]
Seat 1: Zeze28 (small blind) won 80


Winamax Poker - Tournament "Expresso Nitro" buyIn: 0.46€ + 0.04€ level: 1 - HandId: #4668536430350303233-5-1774797351 - Holdem no limit (10/20) - 2026/03/29 15:15:51 UTC
Table: 'Expresso Nitro(1086978342)#0' 3-max (real money) Seat #1 is the button
Seat 1: Zeze28 (350)
Seat 2: KingUFC (250)
Seat 3: Samponi (300)
*** ANTE/BLINDS ***
KingUFC posts small blind 10
Samponi posts big blind 20
Dealt to Samponi [Qh 3d]
*** PRE-FLOP *** 
Zeze28 folds
KingUFC folds
Samponi collected 30 from pot
*** SUMMARY ***
Total pot 30 | No rake
Seat 3: Samponi (big blind) won 30


Winamax Poker - Tournament "Expresso Nitro" buyIn: 0.46€ + 0.04€ level: 2 - HandId: #4668536430350303233-6-1774797360 - Holdem no limit (15/30) - 2026/03/29 15:16:00 UTC
Table: 'Expresso Nitro(1086978342)#0' 3-max (real money) Seat #2 is the button
Seat 1: Zeze28 (350)
Seat 2: KingUFC (240)
Seat 3: Samponi (310)
*** ANTE/BLINDS ***
Samponi posts small blind 15
Zeze28 posts big blind 30
Dealt to Samponi [5s 3d]
*** PRE-FLOP *** 
KingUFC folds
Samponi folds
Zeze28 collected 45 from pot
*** SUMMARY ***
Total pot 45 | No rake
Seat 1: Zeze28 (big blind) won 45


Winamax Poker - Tournament "Expresso Nitro" buyIn: 0.46€ + 0.04€ level: 2 - HandId: #4668536430350303233-7-1774797368 - Holdem no limit (15/30) - 2026/03/29 15:16:08 UTC
Table: 'Expresso Nitro(1086978342)#0' 3-max (real money) Seat #3 is the button
Seat 1: Zeze28 (365)
Seat 2: KingUFC (240)
Seat 3: Samponi (295)
*** ANTE/BLINDS ***
Zeze28 posts small blind 15
KingUFC posts big blind 30
Dealt to Samponi [Th As]
*** PRE-FLOP *** 
Samponi raises 265 to 295 and is all-in
Zeze28 calls 280
KingUFC folds
*** FLOP *** [4c 6h 2c]
*** TURN *** [4c 6h 2c][5c]
*** RIVER *** [4c 6h 2c 5c][3d]
*** SHOW DOWN ***
Samponi shows [Th As] (Straight 6 high)
Zeze28 shows [Ah 7h] (Straight 7 high)
Zeze28 collected 620 from pot
*** SUMMARY ***
Total pot 620 | No rake
Board: [4c 6h 2c 5c 3d]
Seat 1: Zeze28 (small blind) showed [Ah 7h] and won 620 with Straight 7 high
Seat 3: Samponi (button) showed [Th As] and lost with Straight 6 high


