Winamax Poker - Tournament "Expresso" buyIn: 0.93€ + 0.07€ level: 1 - HandId: #4694018247979171841-1-1775750924 - Holdem no limit (10/20) - 2026/04/09 16:08:44 UTC
Table: 'Expresso(1092911290)#0' 3-max (real money) Seat #1 is the button
Seat 1: babooxx (500)
Seat 2: Samponi (500)
Seat 3: YouSsteh82 (500)
*** ANTE/BLINDS ***
Samponi posts small blind 10
YouSsteh82 posts big blind 20
Dealt to Samponi [6s Ad]
*** PRE-FLOP *** 
babooxx calls 20
Samponi calls 10
YouSsteh82 checks
*** FLOP *** [Ah Jh 4s]
Samponi checks
YouSsteh82 checks
babooxx checks
*** TURN *** [Ah Jh 4s][7c]
Samponi bets 20
YouSsteh82 calls 20
babooxx folds
*** RIVER *** [Ah Jh 4s 7c][2s]
Samponi bets 50
YouSsteh82 calls 50
*** SHOW DOWN ***
YouSsteh82 shows [4c 5h] (One pair : 4)
Samponi shows [6s Ad] (One pair : Aces)
Samponi collected 200 from pot
*** SUMMARY ***
Total pot 200 | No rake
Board: [Ah Jh 4s 7c 2s]
Seat 2: Samponi (small blind) showed [6s Ad] and won 200 with One pair : Aces
Seat 3: YouSsteh82 (big blind) showed [4c 5h] and lost with One pair : 4


Winamax Poker - Tournament "Expresso" buyIn: 0.93€ + 0.07€ level: 1 - HandId: #4694018247979171841-2-1775750954 - Holdem no limit (10/20) - 2026/04/09 16:09:14 UTC
Table: 'Expresso(1092911290)#0' 3-max (real money) Seat #2 is the button
Seat 1: babooxx (480)
Seat 2: Samponi (610)
Seat 3: YouSsteh82 (410)
*** ANTE/BLINDS ***
YouSsteh82 posts small blind 10
babooxx posts big blind 20
Dealt to Samponi [2s 7d]
*** PRE-FLOP *** 
Samponi folds
YouSsteh82 folds
babooxx collected 30 from pot
*** SUMMARY ***
Total pot 30 | No rake
Seat 1: babooxx (big blind) won 30


Winamax Poker - Tournament "Expresso" buyIn: 0.93€ + 0.07€ level: 1 - HandId: #4694018247979171841-3-1775750959 - Holdem no limit (10/20) - 2026/04/09 16:09:19 UTC
Table: 'Expresso(1092911290)#0' 3-max (real money) Seat #3 is the button
Seat 1: babooxx (490)
Seat 2: Samponi (610)
Seat 3: YouSsteh82 (400)
*** ANTE/BLINDS ***
babooxx posts small blind 10
Samponi posts big blind 20
Dealt to Samponi [5s Jd]
*** PRE-FLOP *** 
YouSsteh82 folds
babooxx folds
Samponi collected 30 from pot
*** SUMMARY ***
Total pot 30 | No rake
Seat 2: Samponi (big blind) won 30


Winamax Poker - Tournament "Expresso" buyIn: 0.93€ + 0.07€ level: 1 - HandId: #4694018247979171841-4-1775750965 - Holdem no limit (10/20) - 2026/04/09 16:09:25 UTC
Table: 'Expresso(1092911290)#0' 3-max (real money) Seat #1 is the button
Seat 1: babooxx (480)
Seat 2: Samponi (620)
Seat 3: YouSsteh82 (400)
*** ANTE/BLINDS ***
Samponi posts small blind 10
YouSsteh82 posts big blind 20
Dealt to Samponi [Jd 8h]
*** PRE-FLOP *** 
babooxx folds
Samponi raises 20 to 40
YouSsteh82 calls 20
*** FLOP *** [3s 4s 7c]
Samponi bets 20
YouSsteh82 folds
Samponi collected 100 from pot
*** SUMMARY ***
Total pot 100 | No rake
Board: [3s 4s 7c]
Seat 2: Samponi (small blind) won 100


Winamax Poker - Tournament "Expresso" buyIn: 0.93€ + 0.07€ level: 1 - HandId: #4694018247979171841-5-1775750976 - Holdem no limit (10/20) - 2026/04/09 16:09:36 UTC
Table: 'Expresso(1092911290)#0' 3-max (real money) Seat #2 is the button
Seat 1: babooxx (480)
Seat 2: Samponi (660)
Seat 3: YouSsteh82 (360)
*** ANTE/BLINDS ***
YouSsteh82 posts small blind 10
babooxx posts big blind 20
Dealt to Samponi [Qs 4s]
*** PRE-FLOP *** 
Samponi folds
YouSsteh82 calls 10
babooxx checks
*** FLOP *** [4c 4h 8s]
YouSsteh82 checks
babooxx checks
*** TURN *** [4c 4h 8s][Ac]
YouSsteh82 bets 20
babooxx folds
YouSsteh82 collected 60 from pot
*** SUMMARY ***
Total pot 60 | No rake
Board: [4c 4h 8s Ac]
Seat 3: YouSsteh82 (small blind) won 60


Winamax Poker - Tournament "Expresso" buyIn: 0.93€ + 0.07€ level: 1 - HandId: #4694018247979171841-6-1775750989 - Holdem no limit (10/20) - 2026/04/09 16:09:49 UTC
Table: 'Expresso(1092911290)#0' 3-max (real money) Seat #3 is the button
Seat 1: babooxx (460)
Seat 2: Samponi (660)
Seat 3: YouSsteh82 (380)
*** ANTE/BLINDS ***
babooxx posts small blind 10
Samponi posts big blind 20
Dealt to Samponi [6c Js]
*** PRE-FLOP *** 
YouSsteh82 calls 20
babooxx folds
Samponi checks
*** FLOP *** [Qc Th 7s]
Samponi checks
YouSsteh82 checks
*** TURN *** [Qc Th 7s][Ks]
Samponi checks
YouSsteh82 checks
*** RIVER *** [Qc Th 7s Ks][9s]
Samponi bets 50
YouSsteh82 calls 50
*** SHOW DOWN ***
YouSsteh82 shows [9c 8c] (One pair : 9)
Samponi shows [6c Js] (Straight King high)
Samponi collected 150 from pot
*** SUMMARY ***
Total pot 150 | No rake
Board: [Qc Th 7s Ks 9s]
Seat 2: Samponi (big blind) showed [6c Js] and won 150 with Straight King high
Seat 3: YouSsteh82 (button) showed [9c 8c] and lost with One pair : 9


Winamax Poker - Tournament "Expresso" buyIn: 0.93€ + 0.07€ level: 1 - HandId: #4694018247979171841-7-1775751011 - Holdem no limit (10/20) - 2026/04/09 16:10:11 UTC
Table: 'Expresso(1092911290)#0' 3-max (real money) Seat #1 is the button
Seat 1: babooxx (450)
Seat 2: Samponi (740)
Seat 3: YouSsteh82 (310)
*** ANTE/BLINDS ***
Samponi posts small blind 10
YouSsteh82 posts big blind 20
Dealt to Samponi [7d 3d]
*** PRE-FLOP *** 
babooxx raises 20 to 40
Samponi folds
YouSsteh82 calls 20
*** FLOP *** [8h 6h Kc]
YouSsteh82 bets 270 and is all-in
babooxx folds
YouSsteh82 collected 360 from pot
*** SUMMARY ***
Total pot 360 | No rake
Board: [8h 6h Kc]
Seat 3: YouSsteh82 (big blind) won 360


Winamax Poker - Tournament "Expresso" buyIn: 0.93€ + 0.07€ level: 2 - HandId: #4694018247979171841-8-1775751038 - Holdem no limit (15/30) - 2026/04/09 16:10:38 UTC
Table: 'Expresso(1092911290)#0' 3-max (real money) Seat #2 is the button
Seat 1: babooxx (410)
Seat 2: Samponi (730)
Seat 3: YouSsteh82 (360)
*** ANTE/BLINDS ***
YouSsteh82 posts small blind 15
babooxx posts big blind 30
Dealt to Samponi [Kc 3d]
*** PRE-FLOP *** 
Samponi folds
YouSsteh82 folds
babooxx collected 45 from pot
*** SUMMARY ***
Total pot 45 | No rake
Seat 1: babooxx (big blind) won 45


Winamax Poker - Tournament "Expresso" buyIn: 0.93€ + 0.07€ level: 2 - HandId: #4694018247979171841-9-1775751043 - Holdem no limit (15/30) - 2026/04/09 16:10:43 UTC
Table: 'Expresso(1092911290)#0' 3-max (real money) Seat #3 is the button
Seat 1: babooxx (425)
Seat 2: Samponi (730)
Seat 3: YouSsteh82 (345)
*** ANTE/BLINDS ***
babooxx posts small blind 15
Samponi posts big blind 30
Dealt to Samponi [3s 3h]
*** PRE-FLOP *** 
YouSsteh82 folds
babooxx raises 30 to 60
Samponi calls 30
*** FLOP *** [Ks 4h Qs]
babooxx bets 365 and is all-in
Samponi folds
babooxx collected 485 from pot
*** SUMMARY ***
Total pot 485 | No rake
Board: [Ks 4h Qs]
Seat 1: babooxx (small blind) won 485


Winamax Poker - Tournament "Expresso" buyIn: 0.93€ + 0.07€ level: 2 - HandId: #4694018247979171841-10-1775751055 - Holdem no limit (15/30) - 2026/04/09 16:10:55 UTC
Table: 'Expresso(1092911290)#0' 3-max (real money) Seat #1 is the button
Seat 1: babooxx (485)
Seat 2: Samponi (670)
Seat 3: YouSsteh82 (345)
*** ANTE/BLINDS ***
Samponi posts small blind 15
YouSsteh82 posts big blind 30
Dealt to Samponi [Tc Ts]
*** PRE-FLOP *** 
babooxx raises 455 to 485 and is all-in
Samponi raises 185 to 670 and is all-in
YouSsteh82 folds
*** FLOP *** [6d Qh 9s]
*** TURN *** [6d Qh 9s][Ad]
*** RIVER *** [6d Qh 9s Ad][5h]
*** SHOW DOWN ***
babooxx shows [Qd Td] (One pair : Queens)
Samponi shows [Tc Ts] (One pair : Tens)
Samponi collected 185 from side pot 1
babooxx collected 1000 from main pot
*** SUMMARY ***
Total pot 1185 | No rake
Board: [6d Qh 9s Ad 5h]
Seat 1: babooxx (button) showed [Qd Td] and won 1000 with One pair : Queens
Seat 2: Samponi (small blind) showed [Tc Ts] and won 185 with One pair : Tens


Winamax Poker - Tournament "Expresso" buyIn: 0.93€ + 0.07€ level: 2 - HandId: #4694018247979171841-11-1775751067 - Holdem no limit (15/30) - 2026/04/09 16:11:07 UTC
Table: 'Expresso(1092911290)#0' 3-max (real money) Seat #2 is the button
Seat 1: babooxx (1000)
Seat 2: Samponi (185)
Seat 3: YouSsteh82 (315)
*** ANTE/BLINDS ***
YouSsteh82 posts small blind 15
babooxx posts big blind 30
Dealt to Samponi [Jh 8h]
*** PRE-FLOP *** 
Samponi raises 30 to 60
YouSsteh82 calls 45
babooxx raises 30 to 90
Samponi raises 95 to 185 and is all-in
YouSsteh82 calls 125
babooxx calls 95
*** FLOP *** [6s Tc 8d]
YouSsteh82 checks
babooxx checks
*** TURN *** [6s Tc 8d][Ac]
YouSsteh82 checks
babooxx bets 194
YouSsteh82 folds
*** RIVER *** [6s Tc 8d Ac][6c]
*** SHOW DOWN ***
Samponi shows [Jh 8h] (Two pairs : 8 and 6)
babooxx shows [Kd As] (Two pairs : Aces and 6)
babooxx collected 749 from pot
*** SUMMARY ***
Total pot 749 | No rake
Board: [6s Tc 8d Ac 6c]
Seat 1: babooxx (big blind) showed [Kd As] and won 749 with Two pairs : Aces and 6
Seat 2: Samponi (button) showed [Jh 8h] and lost with Two pairs : 8 and 6


