Winamax Poker - Tournament "TRIDENT SPACE KO" buyIn: 1.80€ + 0.20€ level: 1 - HandId: #4277900981456339059-1-1761682530 - Holdem no limit (3/10/20) - 2025/10/28 20:15:30 UTC
Table: 'TRIDENT SPACE KO(996026439)#0114' 3-max (real money) Seat #3 is the button
Seat 1: LeParesseu (500, 1€ bounty)
Seat 2: MathisKcr (500, 1€ bounty)
Seat 3: MiimoQueen- (500, 1€ bounty)
*** ANTE/BLINDS ***
LeParesseu posts ante 3
MathisKcr posts ante 3
MiimoQueen- posts ante 3
LeParesseu posts small blind 10
MathisKcr posts big blind 20
Dealt to MathisKcr [9s 8s]
*** PRE-FLOP *** 
MiimoQueen- calls 20
LeParesseu folds
MathisKcr checks
*** FLOP *** [2d 7s 2h]
MathisKcr checks
MiimoQueen- checks
*** TURN *** [2d 7s 2h][Qs]
MathisKcr bets 60
MiimoQueen- folds
MathisKcr collected 119 from pot
*** SUMMARY ***
Total pot 119 | No rake
Board: [2d 7s 2h Qs]
Seat 2: MathisKcr (big blind) won 119


Winamax Poker - Tournament "TRIDENT SPACE KO" buyIn: 1.80€ + 0.20€ level: 1 - HandId: #4277900981456339059-2-1761682558 - Holdem no limit (3/10/20) - 2025/10/28 20:15:58 UTC
Table: 'TRIDENT SPACE KO(996026439)#0114' 3-max (real money) Seat #1 is the button
Seat 1: LeParesseu (487, 1€ bounty)
Seat 2: MathisKcr (536, 1€ bounty)
Seat 3: MiimoQueen- (477, 1€ bounty)
*** ANTE/BLINDS ***
MathisKcr posts ante 3
MiimoQueen- posts ante 3
LeParesseu posts ante 3
MathisKcr posts small blind 10
MiimoQueen- posts big blind 20
Dealt to MathisKcr [8h 5d]
*** PRE-FLOP *** 
LeParesseu raises 464 to 484 and is all-in
MathisKcr folds
MiimoQueen- folds
LeParesseu collected 523 from pot
*** SUMMARY ***
Total pot 523 | No rake
Seat 1: LeParesseu (button) won 523


Winamax Poker - Tournament "TRIDENT SPACE KO" buyIn: 1.80€ + 0.20€ level: 1 - HandId: #4277900981456339059-3-1761682577 - Holdem no limit (3/10/20) - 2025/10/28 20:16:17 UTC
Table: 'TRIDENT SPACE KO(996026439)#0114' 3-max (real money) Seat #2 is the button
Seat 1: LeParesseu (523, 1€ bounty)
Seat 2: MathisKcr (523, 1€ bounty)
Seat 3: MiimoQueen- (454, 1€ bounty)
*** ANTE/BLINDS ***
MiimoQueen- posts ante 3
LeParesseu posts ante 3
MathisKcr posts ante 3
MiimoQueen- posts small blind 10
LeParesseu posts big blind 20
Dealt to MathisKcr [4h 4d]
*** PRE-FLOP *** 
MathisKcr raises 500 to 520 and is all-in
MiimoQueen- folds
LeParesseu calls 500 and is all-in
*** FLOP *** [Tc Kd Jc]
*** TURN *** [Tc Kd Jc][Jh]
*** RIVER *** [Tc Kd Jc Jh][5h]
*** SHOW DOWN ***
MathisKcr shows [4h 4d] (Two pairs : Jacks and 4)
LeParesseu shows [8s Js] (Trips of Jacks)
LeParesseu collected 1059 from pot
*** SUMMARY ***
Total pot 1059 | No rake
Board: [Tc Kd Jc Jh 5h]
Seat 1: LeParesseu (big blind) showed [8s Js] and won 1059 with Trips of Jacks
Seat 2: MathisKcr (button) showed [4h 4d] and lost with Two pairs : Jacks and 4


Winamax Poker - Tournament "TRIDENT SPACE KO" buyIn: 1.80€ + 0.20€ level: 1 - HandId: #4277900981456338953-8-1761682615 - Holdem no limit (3/10/20) - 2025/10/28 20:16:55 UTC
Table: 'TRIDENT SPACE KO(996026439)#0008' 3-max (real money) Seat #2 is the button
Seat 1: MathisKcr (500, 1€ bounty)
Seat 2: Plume1812 (578, 1€ bounty)
Seat 3: b2yo (922, 1.20€ bounty)
*** ANTE/BLINDS ***
b2yo posts ante 3
MathisKcr posts ante 3
Plume1812 posts ante 3
b2yo posts small blind 10
MathisKcr posts big blind 20
Dealt to MathisKcr [4h Jd]
*** PRE-FLOP *** 
Plume1812 calls 20
b2yo folds
MathisKcr checks
*** FLOP *** [Kh Ac 8s]
MathisKcr checks
Plume1812 bets 20
MathisKcr folds
Plume1812 collected 79 from pot
*** SUMMARY ***
Total pot 79 | No rake
Board: [Kh Ac 8s]
Seat 2: Plume1812 (button) won 79


Winamax Poker - Tournament "TRIDENT SPACE KO" buyIn: 1.80€ + 0.20€ level: 1 - HandId: #4277900981456338953-9-1761682639 - Holdem no limit (3/10/20) - 2025/10/28 20:17:19 UTC
Table: 'TRIDENT SPACE KO(996026439)#0008' 3-max (real money) Seat #3 is the button
Seat 1: MathisKcr (477, 1€ bounty)
Seat 2: Plume1812 (614, 1€ bounty)
Seat 3: b2yo (909, 1.20€ bounty)
*** ANTE/BLINDS ***
MathisKcr posts ante 3
Plume1812 posts ante 3
b2yo posts ante 3
MathisKcr posts small blind 10
Plume1812 posts big blind 20
Dealt to MathisKcr [4h 9h]
*** PRE-FLOP *** 
b2yo raises 20 to 40
MathisKcr folds
Plume1812 calls 20
*** FLOP *** [4d 7h 3s]
Plume1812 checks
b2yo bets 35
Plume1812 calls 35
*** TURN *** [4d 7h 3s][Qh]
Plume1812 checks
b2yo checks
*** RIVER *** [4d 7h 3s Qh][Td]
Plume1812 checks
b2yo checks
*** SHOW DOWN ***
b2yo shows [Ah 8s] (High card : Ace)
Plume1812 shows [7c 9c] (One pair : 7)
Plume1812 collected 169 from pot
*** SUMMARY ***
Total pot 169 | No rake
Board: [4d 7h 3s Qh Td]
Seat 2: Plume1812 (big blind) showed [7c 9c] and won 169 with One pair : 7
Seat 3: b2yo (button) showed [Ah 8s] and lost with High card : Ace


Winamax Poker - Tournament "TRIDENT SPACE KO" buyIn: 1.80€ + 0.20€ level: 1 - HandId: #4277900981456338953-10-1761682667 - Holdem no limit (3/10/20) - 2025/10/28 20:17:47 UTC
Table: 'TRIDENT SPACE KO(996026439)#0008' 3-max (real money) Seat #1 is the button
Seat 1: MathisKcr (464, 1€ bounty)
Seat 2: Plume1812 (705, 1€ bounty)
Seat 3: b2yo (831, 1.20€ bounty)
*** ANTE/BLINDS ***
Plume1812 posts ante 3
b2yo posts ante 3
MathisKcr posts ante 3
Plume1812 posts small blind 10
b2yo posts big blind 20
Dealt to MathisKcr [8s 2d]
*** PRE-FLOP *** 
MathisKcr folds
Plume1812 folds
b2yo collected 39 from pot
*** SUMMARY ***
Total pot 39 | No rake
Seat 3: b2yo (big blind) won 39


Winamax Poker - Tournament "TRIDENT SPACE KO" buyIn: 1.80€ + 0.20€ level: 1 - HandId: #4277900981456338953-11-1761682673 - Holdem no limit (3/10/20) - 2025/10/28 20:17:53 UTC
Table: 'TRIDENT SPACE KO(996026439)#0008' 3-max (real money) Seat #2 is the button
Seat 1: MathisKcr (461, 1€ bounty)
Seat 2: Plume1812 (692, 1€ bounty)
Seat 3: b2yo (847, 1.20€ bounty)
*** ANTE/BLINDS ***
b2yo posts ante 3
MathisKcr posts ante 3
Plume1812 posts ante 3
b2yo posts small blind 10
MathisKcr posts big blind 20
Dealt to MathisKcr [5d 4s]
*** PRE-FLOP *** 
Plume1812 raises 669 to 689 and is all-in
b2yo folds
MathisKcr folds
Plume1812 collected 728 from pot
*** SUMMARY ***
Total pot 728 | No rake
Seat 2: Plume1812 (button) won 728


Winamax Poker - Tournament "TRIDENT SPACE KO" buyIn: 1.80€ + 0.20€ level: 1 - HandId: #4277900981456338953-12-1761682680 - Holdem no limit (3/10/20) - 2025/10/28 20:18:00 UTC
Table: 'TRIDENT SPACE KO(996026439)#0008' 3-max (real money) Seat #3 is the button
Seat 1: MathisKcr (438, 1€ bounty)
Seat 2: Plume1812 (728, 1€ bounty)
Seat 3: b2yo (834, 1.20€ bounty)
*** ANTE/BLINDS ***
MathisKcr posts ante 3
Plume1812 posts ante 3
b2yo posts ante 3
MathisKcr posts small blind 10
Plume1812 posts big blind 20
Dealt to MathisKcr [4c 7s]
*** PRE-FLOP *** 
b2yo folds
MathisKcr calls 10
Plume1812 checks
*** FLOP *** [Ad Qh 5d]
MathisKcr checks
Plume1812 bets 32
MathisKcr folds
Plume1812 collected 81 from pot
*** SUMMARY ***
Total pot 81 | No rake
Board: [Ad Qh 5d]
Seat 2: Plume1812 (big blind) won 81


Winamax Poker - Tournament "TRIDENT SPACE KO" buyIn: 1.80€ + 0.20€ level: 1 - HandId: #4277900981456338953-13-1761682693 - Holdem no limit (3/10/20) - 2025/10/28 20:18:13 UTC
Table: 'TRIDENT SPACE KO(996026439)#0008' 3-max (real money) Seat #2 is the button
Seat 1: MathisKcr (415, 1€ bounty)
Seat 2: Plume1812 (754, 1€ bounty)
*** ANTE/BLINDS ***
Plume1812 posts ante 3
MathisKcr posts ante 3
Plume1812 posts small blind 10
MathisKcr posts big blind 20
Dealt to MathisKcr [9d 2c]
*** PRE-FLOP *** 
Plume1812 raises 46 to 66
MathisKcr folds
Plume1812 collected 92 from pot
*** SUMMARY ***
Total pot 92 | No rake
Seat 2: Plume1812 (small blind) (button) won 92


Winamax Poker - Tournament "TRIDENT SPACE KO" buyIn: 1.80€ + 0.20€ level: 1 - HandId: #4277900981456338953-14-1761682700 - Holdem no limit (3/10/20) - 2025/10/28 20:18:20 UTC
Table: 'TRIDENT SPACE KO(996026439)#0008' 3-max (real money) Seat #1 is the button
Seat 1: MathisKcr (392, 1€ bounty)
Seat 2: Plume1812 (777, 1€ bounty)
Seat 3: Tiziano 63 (500, 1€ bounty)
*** ANTE/BLINDS ***
MathisKcr posts ante 3
Plume1812 posts ante 3
MathisKcr posts small blind 10
Plume1812 posts big blind 20
Dealt to MathisKcr [6c 2s]
*** PRE-FLOP *** 
MathisKcr folds
Plume1812 collected 36 from pot
*** SUMMARY ***
Total pot 36 | No rake
Seat 2: Plume1812 (big blind) won 36


Winamax Poker - Tournament "TRIDENT SPACE KO" buyIn: 1.80€ + 0.20€ level: 1 - HandId: #4277900981456338953-15-1761682704 - Holdem no limit (3/10/20) - 2025/10/28 20:18:24 UTC
Table: 'TRIDENT SPACE KO(996026439)#0008' 3-max (real money) Seat #1 is the button
Seat 1: MathisKcr (379, 1€ bounty)
Seat 2: Plume1812 (790, 1€ bounty)
Seat 3: Tiziano 63 (500, 1€ bounty)
*** ANTE/BLINDS ***
Plume1812 posts ante 3
Tiziano 63 posts ante 3
MathisKcr posts ante 3
Plume1812 posts small blind 10
Tiziano 63 posts big blind 20
Dealt to MathisKcr [3h 5d]
*** PRE-FLOP *** 
MathisKcr folds
Plume1812 raises 49 to 69
Tiziano 63 folds
Plume1812 collected 98 from pot
*** SUMMARY ***
Total pot 98 | No rake
Seat 2: Plume1812 (small blind) won 98


Winamax Poker - Tournament "TRIDENT SPACE KO" buyIn: 1.80€ + 0.20€ level: 1 - HandId: #4277900981456338953-16-1761682715 - Holdem no limit (3/10/20) - 2025/10/28 20:18:35 UTC
Table: 'TRIDENT SPACE KO(996026439)#0008' 3-max (real money) Seat #2 is the button
Seat 1: MathisKcr (376, 1€ bounty)
Seat 2: Plume1812 (816, 1€ bounty)
Seat 3: Tiziano 63 (477, 1€ bounty)
*** ANTE/BLINDS ***
Tiziano 63 posts ante 3
MathisKcr posts ante 3
Plume1812 posts ante 3
Tiziano 63 posts small blind 10
MathisKcr posts big blind 20
Dealt to MathisKcr [5s 6c]
*** PRE-FLOP *** 
Plume1812 folds
Tiziano 63 calls 10
MathisKcr raises 20 to 40
Tiziano 63 calls 20
*** FLOP *** [2h 7c 9s]
Tiziano 63 checks
MathisKcr bets 60
Tiziano 63 folds
MathisKcr collected 149 from pot
*** SUMMARY ***
Total pot 149 | No rake
Board: [2h 7c 9s]
Seat 1: MathisKcr (big blind) won 149


Winamax Poker - Tournament "TRIDENT SPACE KO" buyIn: 1.80€ + 0.20€ level: 1 - HandId: #4277900981456338953-17-1761682733 - Holdem no limit (3/10/20) - 2025/10/28 20:18:53 UTC
Table: 'TRIDENT SPACE KO(996026439)#0008' 3-max (real money) Seat #3 is the button
Seat 1: MathisKcr (422, 1€ bounty)
Seat 2: Plume1812 (813, 1€ bounty)
Seat 3: Tiziano 63 (434, 1€ bounty)
*** ANTE/BLINDS ***
MathisKcr posts ante 3
Plume1812 posts ante 3
Tiziano 63 posts ante 3
MathisKcr posts small blind 10
Plume1812 posts big blind 20
Dealt to MathisKcr [4s 5c]
*** PRE-FLOP *** 
Tiziano 63 calls 20
MathisKcr calls 10
Plume1812 checks
*** FLOP *** [5h Qs As]
MathisKcr checks
Plume1812 checks
Tiziano 63 checks
*** TURN *** [5h Qs As][9d]
MathisKcr checks
Plume1812 checks
Tiziano 63 checks
*** RIVER *** [5h Qs As 9d][4h]
MathisKcr bets 40
Plume1812 calls 40
Tiziano 63 folds
*** SHOW DOWN ***
Plume1812 shows [9h 6c] (One pair : 9)
MathisKcr shows [4s 5c] (Two pairs : 5 and 4)
MathisKcr collected 149 from pot
*** SUMMARY ***
Total pot 149 | No rake
Board: [5h Qs As 9d 4h]
Seat 1: MathisKcr (small blind) showed [4s 5c] and won 149 with Two pairs : 5 and 4
Seat 2: Plume1812 (big blind) showed [9h 6c] and lost with One pair : 9


Winamax Poker - Tournament "TRIDENT SPACE KO" buyIn: 1.80€ + 0.20€ level: 1 - HandId: #4277900981456338953-18-1761682759 - Holdem no limit (3/10/20) - 2025/10/28 20:19:19 UTC
Table: 'TRIDENT SPACE KO(996026439)#0008' 3-max (real money) Seat #1 is the button
Seat 1: MathisKcr (508, 1€ bounty)
Seat 2: Plume1812 (750, 1€ bounty)
Seat 3: Tiziano 63 (411, 1€ bounty)
*** ANTE/BLINDS ***
Plume1812 posts ante 3
Tiziano 63 posts ante 3
MathisKcr posts ante 3
Plume1812 posts small blind 10
Tiziano 63 posts big blind 20
Dealt to MathisKcr [7s Th]
*** PRE-FLOP *** 
MathisKcr folds
Plume1812 folds
Tiziano 63 collected 39 from pot
*** SUMMARY ***
Total pot 39 | No rake
Seat 3: Tiziano 63 (big blind) won 39


Winamax Poker - Tournament "TRIDENT SPACE KO" buyIn: 1.80€ + 0.20€ level: 1 - HandId: #4277900981456338953-19-1761682765 - Holdem no limit (3/10/20) - 2025/10/28 20:19:25 UTC
Table: 'TRIDENT SPACE KO(996026439)#0008' 3-max (real money) Seat #2 is the button
Seat 1: MathisKcr (505, 1€ bounty)
Seat 2: Plume1812 (737, 1€ bounty)
Seat 3: Tiziano 63 (427, 1€ bounty)
*** ANTE/BLINDS ***
Tiziano 63 posts ante 3
MathisKcr posts ante 3
Plume1812 posts ante 3
Tiziano 63 posts small blind 10
MathisKcr posts big blind 20
Dealt to MathisKcr [9c 8s]
*** PRE-FLOP *** 
Plume1812 calls 20
Tiziano 63 calls 10
MathisKcr checks
*** FLOP *** [Qh 8d Ad]
Tiziano 63 checks
MathisKcr checks
Plume1812 checks
*** TURN *** [Qh 8d Ad][3s]
Tiziano 63 checks
MathisKcr checks
Plume1812 checks
*** RIVER *** [Qh 8d Ad 3s][Qc]
Tiziano 63 checks
MathisKcr bets 40
Plume1812 folds
Tiziano 63 folds
MathisKcr collected 109 from pot
*** SUMMARY ***
Total pot 109 | No rake
Board: [Qh 8d Ad 3s Qc]
Seat 1: MathisKcr (big blind) won 109


Winamax Poker - Tournament "TRIDENT SPACE KO" buyIn: 1.80€ + 0.20€ level: 1 - HandId: #4277900981456338953-20-1761682827 - Holdem no limit (3/10/20) - 2025/10/28 20:20:27 UTC
Table: 'TRIDENT SPACE KO(996026439)#0008' 3-max (real money) Seat #3 is the button
Seat 1: MathisKcr (551, 1€ bounty)
Seat 2: Plume1812 (714, 1€ bounty)
Seat 3: Tiziano 63 (404, 1€ bounty)
*** ANTE/BLINDS ***
MathisKcr posts ante 3
Plume1812 posts ante 3
Tiziano 63 posts ante 3
MathisKcr posts small blind 10
Plume1812 posts big blind 20
Dealt to MathisKcr [Ts Kd]
*** PRE-FLOP *** 
Tiziano 63 folds
MathisKcr raises 20 to 40
Plume1812 raises 80 to 120
MathisKcr raises 428 to 548 and is all-in
Plume1812 raises 163 to 711 and is all-in
*** FLOP *** [Jd Ks 2c]
*** TURN *** [Jd Ks 2c][8h]
*** RIVER *** [Jd Ks 2c 8h][Ac]
*** SHOW DOWN ***
MathisKcr shows [Ts Kd] (One pair : Kings)
Plume1812 shows [Ad As] (Trips of Aces)
Plume1812 collected 1268 from pot
*** SUMMARY ***
Total pot 1268 | No rake
Board: [Jd Ks 2c 8h Ac]
Seat 1: MathisKcr (small blind) showed [Ts Kd] and lost with One pair : Kings
Seat 2: Plume1812 (big blind) showed [Ad As] and won 1268 with Trips of Aces


