Winamax Poker - Tournament "Expresso" buyIn: 0.46€ + 0.04€ level: 1 - HandId: #4390908473026543617-1-1763932677 - Holdem no limit (10/20) - 2025/11/23 21:17:57 UTC
Table: 'Expresso(1022338046)#0' 3-max (real money) Seat #3 is the button
Seat 1: leglode11400 (500)
Seat 2: MathisKcr (500)
Seat 3: TPower (500)
*** ANTE/BLINDS ***
leglode11400 posts small blind 10
MathisKcr posts big blind 20
Dealt to MathisKcr [2s Ah]
*** PRE-FLOP *** 
TPower folds
leglode11400 calls 10
MathisKcr raises 20 to 40
leglode11400 calls 20
*** FLOP *** [2c 3d 5d]
leglode11400 bets 20
MathisKcr raises 60 to 80
leglode11400 calls 60
*** TURN *** [2c 3d 5d][3h]
leglode11400 bets 20
MathisKcr raises 60 to 80
leglode11400 calls 60
*** RIVER *** [2c 3d 5d 3h][6s]
leglode11400 bets 300 and is all-in
MathisKcr folds
leglode11400 collected 700 from pot
*** SUMMARY ***
Total pot 700 | No rake
Board: [2c 3d 5d 3h 6s]
Seat 1: leglode11400 (small blind) won 700


Winamax Poker - Tournament "Expresso" buyIn: 0.46€ + 0.04€ level: 1 - HandId: #4390908473026543617-2-1763932718 - Holdem no limit (10/20) - 2025/11/23 21:18:38 UTC
Table: 'Expresso(1022338046)#0' 3-max (real money) Seat #1 is the button
Seat 1: leglode11400 (700)
Seat 2: MathisKcr (300)
Seat 3: TPower (500)
*** ANTE/BLINDS ***
MathisKcr posts small blind 10
TPower posts big blind 20
Dealt to MathisKcr [9h 4h]
*** PRE-FLOP *** 
leglode11400 calls 20
MathisKcr calls 10
TPower checks
*** FLOP *** [Ad 8h Td]
MathisKcr bets 40
TPower calls 40
leglode11400 calls 40
*** TURN *** [Ad 8h Td][2s]
MathisKcr checks
TPower bets 63
leglode11400 calls 63
MathisKcr folds
*** RIVER *** [Ad 8h Td 2s][2d]
TPower bets 107
leglode11400 calls 107
*** SHOW DOWN ***
TPower shows [Tc 7d] (Two pairs : Tens and 2)
leglode11400 shows [Ah 6s] (Two pairs : Aces and 2)
leglode11400 collected 520 from pot
*** SUMMARY ***
Total pot 520 | No rake
Board: [Ad 8h Td 2s 2d]
Seat 1: leglode11400 (button) showed [Ah 6s] and won 520 with Two pairs : Aces and 2
Seat 3: TPower (big blind) showed [Tc 7d] and lost with Two pairs : Tens and 2


Winamax Poker - Tournament "Expresso" buyIn: 0.46€ + 0.04€ level: 2 - HandId: #4390908473026543617-3-1763932766 - Holdem no limit (15/30) - 2025/11/23 21:19:26 UTC
Table: 'Expresso(1022338046)#0' 3-max (real money) Seat #2 is the button
Seat 1: leglode11400 (990)
Seat 2: MathisKcr (240)
Seat 3: TPower (270)
*** ANTE/BLINDS ***
TPower posts small blind 15
leglode11400 posts big blind 30
Dealt to MathisKcr [Ah 9h]
*** PRE-FLOP *** 
MathisKcr raises 30 to 60
TPower calls 45
leglode11400 calls 30
*** FLOP *** [Qh 6s Jc]
TPower bets 30
leglode11400 folds
MathisKcr raises 60 to 90
TPower folds
MathisKcr collected 300 from pot
*** SUMMARY ***
Total pot 300 | No rake
Board: [Qh 6s Jc]
Seat 2: MathisKcr (button) won 300


Winamax Poker - Tournament "Expresso" buyIn: 0.46€ + 0.04€ level: 2 - HandId: #4390908473026543617-4-1763932792 - Holdem no limit (15/30) - 2025/11/23 21:19:52 UTC
Table: 'Expresso(1022338046)#0' 3-max (real money) Seat #3 is the button
Seat 1: leglode11400 (930)
Seat 2: MathisKcr (390)
Seat 3: TPower (180)
*** ANTE/BLINDS ***
leglode11400 posts small blind 15
MathisKcr posts big blind 30
Dealt to MathisKcr [2s Ad]
*** PRE-FLOP *** 
TPower calls 30
leglode11400 calls 15
MathisKcr raises 30 to 60
TPower calls 30
leglode11400 calls 30
*** FLOP *** [4c 4s 8h]
leglode11400 checks
MathisKcr bets 60
TPower calls 60
leglode11400 folds
*** TURN *** [4c 4s 8h][9c]
MathisKcr bets 270 and is all-in
TPower calls 60 and is all-in
*** RIVER *** [4c 4s 8h 9c][Jc]
*** SHOW DOWN ***
TPower shows [5h 6d] (One pair : 4)
MathisKcr shows [2s Ad] (One pair : 4)
MathisKcr collected 630 from pot
*** SUMMARY ***
Total pot 630 | No rake
Board: [4c 4s 8h 9c Jc]
Seat 2: MathisKcr (big blind) showed [2s Ad] and won 630 with One pair : 4
Seat 3: TPower (button) showed [5h 6d] and lost with One pair : 4


Winamax Poker - Tournament "Expresso" buyIn: 0.46€ + 0.04€ level: 2 - HandId: #4390908473026543617-5-1763932828 - Holdem no limit (15/30) - 2025/11/23 21:20:28 UTC
Table: 'Expresso(1022338046)#0' 3-max (real money) Seat #2 is the button
Seat 1: leglode11400 (870)
Seat 2: MathisKcr (630)
*** ANTE/BLINDS ***
MathisKcr posts small blind 15
leglode11400 posts big blind 30
Dealt to MathisKcr [4d 4c]
*** PRE-FLOP *** 
MathisKcr raises 600 to 630 and is all-in
leglode11400 folds
MathisKcr collected 660 from pot
*** SUMMARY ***
Total pot 660 | No rake
Seat 2: MathisKcr (small blind) (button) won 660


Winamax Poker - Tournament "Expresso" buyIn: 0.46€ + 0.04€ level: 2 - HandId: #4390908473026543617-6-1763932839 - Holdem no limit (15/30) - 2025/11/23 21:20:39 UTC
Table: 'Expresso(1022338046)#0' 3-max (real money) Seat #1 is the button
Seat 1: leglode11400 (840)
Seat 2: MathisKcr (660)
*** ANTE/BLINDS ***
leglode11400 posts small blind 15
MathisKcr posts big blind 30
Dealt to MathisKcr [Jc 2c]
*** PRE-FLOP *** 
leglode11400 calls 15
MathisKcr raises 30 to 60
leglode11400 calls 30
*** FLOP *** [6h 8h Qc]
MathisKcr bets 60
leglode11400 folds
MathisKcr collected 180 from pot
*** SUMMARY ***
Total pot 180 | No rake
Board: [6h 8h Qc]
Seat 2: MathisKcr (big blind) won 180


Winamax Poker - Tournament "Expresso" buyIn: 0.46€ + 0.04€ level: 3 - HandId: #4390908473026543617-7-1763932857 - Holdem no limit (20/40) - 2025/11/23 21:20:57 UTC
Table: 'Expresso(1022338046)#0' 3-max (real money) Seat #2 is the button
Seat 1: leglode11400 (780)
Seat 2: MathisKcr (720)
*** ANTE/BLINDS ***
MathisKcr posts small blind 20
leglode11400 posts big blind 40
Dealt to MathisKcr [8h Tc]
*** PRE-FLOP *** 
MathisKcr raises 40 to 80
leglode11400 folds
MathisKcr collected 120 from pot
*** SUMMARY ***
Total pot 120 | No rake
Seat 2: MathisKcr (small blind) (button) won 120


Winamax Poker - Tournament "Expresso" buyIn: 0.46€ + 0.04€ level: 3 - HandId: #4390908473026543617-8-1763932865 - Holdem no limit (20/40) - 2025/11/23 21:21:05 UTC
Table: 'Expresso(1022338046)#0' 3-max (real money) Seat #1 is the button
Seat 1: leglode11400 (740)
Seat 2: MathisKcr (760)
*** ANTE/BLINDS ***
leglode11400 posts small blind 20
MathisKcr posts big blind 40
Dealt to MathisKcr [2c 9c]
*** PRE-FLOP *** 
leglode11400 calls 20
MathisKcr raises 80 to 120
leglode11400 calls 80
*** FLOP *** [Th Ad Qc]
MathisKcr checks
leglode11400 bets 240
MathisKcr folds
leglode11400 collected 480 from pot
*** SUMMARY ***
Total pot 480 | No rake
Board: [Th Ad Qc]
Seat 1: leglode11400 (small blind) (button) won 480


Winamax Poker - Tournament "Expresso" buyIn: 0.46€ + 0.04€ level: 3 - HandId: #4390908473026543617-9-1763932887 - Holdem no limit (20/40) - 2025/11/23 21:21:27 UTC
Table: 'Expresso(1022338046)#0' 3-max (real money) Seat #2 is the button
Seat 1: leglode11400 (860)
Seat 2: MathisKcr (640)
*** ANTE/BLINDS ***
MathisKcr posts small blind 20
leglode11400 posts big blind 40
Dealt to MathisKcr [9h 8s]
*** PRE-FLOP *** 
MathisKcr raises 40 to 80
leglode11400 calls 40
*** FLOP *** [Qs 5d 9c]
leglode11400 checks
MathisKcr bets 128
leglode11400 folds
MathisKcr collected 288 from pot
*** SUMMARY ***
Total pot 288 | No rake
Board: [Qs 5d 9c]
Seat 2: MathisKcr (small blind) (button) won 288


Winamax Poker - Tournament "Expresso" buyIn: 0.46€ + 0.04€ level: 3 - HandId: #4390908473026543617-10-1763932916 - Holdem no limit (20/40) - 2025/11/23 21:21:56 UTC
Table: 'Expresso(1022338046)#0' 3-max (real money) Seat #1 is the button
Seat 1: leglode11400 (780)
Seat 2: MathisKcr (720)
*** ANTE/BLINDS ***
leglode11400 posts small blind 20
MathisKcr posts big blind 40
Dealt to MathisKcr [6s 3d]
*** PRE-FLOP *** 
leglode11400 calls 20
MathisKcr checks
*** FLOP *** [7h Jc 2h]
MathisKcr bets 80
leglode11400 folds
MathisKcr collected 160 from pot
*** SUMMARY ***
Total pot 160 | No rake
Board: [7h Jc 2h]
Seat 2: MathisKcr (big blind) won 160


Winamax Poker - Tournament "Expresso" buyIn: 0.46€ + 0.04€ level: 3 - HandId: #4390908473026543617-11-1763932933 - Holdem no limit (20/40) - 2025/11/23 21:22:13 UTC
Table: 'Expresso(1022338046)#0' 3-max (real money) Seat #2 is the button
Seat 1: leglode11400 (740)
Seat 2: MathisKcr (760)
*** ANTE/BLINDS ***
MathisKcr posts small blind 20
leglode11400 posts big blind 40
Dealt to MathisKcr [Kc 5d]
*** PRE-FLOP *** 
MathisKcr raises 40 to 80
leglode11400 calls 40
*** FLOP *** [Th Ks Ac]
leglode11400 bets 40
MathisKcr raises 80 to 120
leglode11400 raises 80 to 200
MathisKcr raises 480 to 680 and is all-in
leglode11400 calls 460 and is all-in
*** TURN *** [Th Ks Ac][5s]
*** RIVER *** [Th Ks Ac 5s][9s]
*** SHOW DOWN ***
leglode11400 shows [4h Ah] (One pair : Aces)
MathisKcr shows [Kc 5d] (Two pairs : Kings and 5)
MathisKcr collected 1500 from pot
*** SUMMARY ***
Total pot 1500 | No rake
Board: [Th Ks Ac 5s 9s]
Seat 1: leglode11400 (big blind) showed [4h Ah] and lost with One pair : Aces
Seat 2: MathisKcr (small blind) (button) showed [Kc 5d] and won 1500 with Two pairs : Kings and 5


