Winamax Poker - Tournament "Expresso" buyIn: 0.46€ + 0.04€ level: 1 - HandId: #4340627376791617537-1-1761684185 - Holdem no limit (10/20) - 2025/10/28 20:43:05 UTC
Table: 'Expresso(1010631066)#0' 3-max (real money) Seat #3 is the button
Seat 1: Goldguerre (500)
Seat 2: Niko1904 (500)
Seat 3: MathisKcr (500)
*** ANTE/BLINDS ***
Goldguerre posts small blind 10
Niko1904 posts big blind 20
Dealt to MathisKcr [8d 7c]
*** PRE-FLOP *** 
MathisKcr folds
Goldguerre folds
Niko1904 collected 30 from pot
*** SUMMARY ***
Total pot 30 | No rake
Seat 2: Niko1904 (big blind) won 30


Winamax Poker - Tournament "Expresso" buyIn: 0.46€ + 0.04€ level: 1 - HandId: #4340627376791617537-2-1761684192 - Holdem no limit (10/20) - 2025/10/28 20:43:12 UTC
Table: 'Expresso(1010631066)#0' 3-max (real money) Seat #1 is the button
Seat 1: Goldguerre (490)
Seat 2: Niko1904 (510)
Seat 3: MathisKcr (500)
*** ANTE/BLINDS ***
Niko1904 posts small blind 10
MathisKcr posts big blind 20
Dealt to MathisKcr [3c 7c]
*** PRE-FLOP *** 
Goldguerre calls 20
Niko1904 calls 10
MathisKcr checks
*** FLOP *** [6h 2d 2h]
Niko1904 checks
MathisKcr checks
Goldguerre bets 39
Niko1904 calls 39
MathisKcr folds
*** TURN *** [6h 2d 2h][5h]
Niko1904 checks
Goldguerre bets 48
Niko1904 folds
Goldguerre collected 186 from pot
*** SUMMARY ***
Total pot 186 | No rake
Board: [6h 2d 2h 5h]
Seat 1: Goldguerre (button) won 186


Winamax Poker - Tournament "Expresso" buyIn: 0.46€ + 0.04€ level: 1 - HandId: #4340627376791617537-3-1761684262 - Holdem no limit (10/20) - 2025/10/28 20:44:22 UTC
Table: 'Expresso(1010631066)#0' 3-max (real money) Seat #2 is the button
Seat 1: Goldguerre (569)
Seat 2: Niko1904 (451)
Seat 3: MathisKcr (480)
*** ANTE/BLINDS ***
MathisKcr posts small blind 10
Goldguerre posts big blind 20
Dealt to MathisKcr [Kd As]
*** PRE-FLOP *** 
Niko1904 calls 20
MathisKcr raises 20 to 40
Goldguerre calls 20
Niko1904 calls 20
*** FLOP *** [9h Td Ts]
MathisKcr bets 440 and is all-in
Goldguerre calls 440
Niko1904 calls 411 and is all-in
*** TURN *** [9h Td Ts][6s]
*** RIVER *** [9h Td Ts 6s][Ah]
*** SHOW DOWN ***
Goldguerre shows [Jd Jh] (Two pairs : Jacks and Tens)
Niko1904 shows [Tc Kc] (Trips of Tens)
MathisKcr shows [Kd As] (Two pairs : Aces and Tens)
MathisKcr collected 58 from side pot 1
Niko1904 collected 1353 from main pot
*** SUMMARY ***
Total pot 1411 | No rake
Board: [9h Td Ts 6s Ah]
Seat 1: Goldguerre (big blind) showed [Jd Jh] and lost with Two pairs : Jacks and Tens
Seat 2: Niko1904 (button) showed [Tc Kc] and won 1353 with Trips of Tens
Seat 3: MathisKcr (small blind) showed [Kd As] and won 58 with Two pairs : Aces and Tens


Winamax Poker - Tournament "Expresso" buyIn: 0.46€ + 0.04€ level: 2 - HandId: #4340627376791617537-4-1761684299 - Holdem no limit (15/30) - 2025/10/28 20:44:59 UTC
Table: 'Expresso(1010631066)#0' 3-max (real money) Seat #3 is the button
Seat 1: Goldguerre (89)
Seat 2: Niko1904 (1353)
Seat 3: MathisKcr (58)
*** ANTE/BLINDS ***
Goldguerre posts small blind 15
Niko1904 posts big blind 30
Dealt to MathisKcr [8h 5s]
*** PRE-FLOP *** 
MathisKcr raises 28 to 58 and is all-in
Goldguerre raises 31 to 89 and is all-in
Niko1904 folds
*** FLOP *** [8s 3d 5d]
*** TURN *** [8s 3d 5d][Js]
*** RIVER *** [8s 3d 5d Js][Kc]
*** SHOW DOWN ***
Goldguerre shows [3s 8c] (Two pairs : 8 and 3)
MathisKcr shows [8h 5s] (Two pairs : 8 and 5)
MathisKcr collected 146 from main pot
Goldguerre collected 31 from side pot 1
*** SUMMARY ***
Total pot 177 | No rake
Board: [8s 3d 5d Js Kc]
Seat 1: Goldguerre (small blind) showed [3s 8c] and won 31 with Two pairs : 8 and 3
Seat 3: MathisKcr (button) showed [8h 5s] and won 146 with Two pairs : 8 and 5


Winamax Poker - Tournament "Expresso" buyIn: 0.46€ + 0.04€ level: 2 - HandId: #4340627376791617537-5-1761684313 - Holdem no limit (15/30) - 2025/10/28 20:45:13 UTC
Table: 'Expresso(1010631066)#0' 3-max (real money) Seat #1 is the button
Seat 1: Goldguerre (31)
Seat 2: Niko1904 (1323)
Seat 3: MathisKcr (146)
*** ANTE/BLINDS ***
Niko1904 posts small blind 15
MathisKcr posts big blind 30
Dealt to MathisKcr [5c Td]
*** PRE-FLOP *** 
Goldguerre raises 1 to 31 and is all-in
Niko1904 calls 16
MathisKcr calls 1
*** FLOP *** [6c 9c 9d]
Niko1904 checks
MathisKcr bets 60
Niko1904 folds
*** TURN *** [6c 9c 9d][Ts]
*** RIVER *** [6c 9c 9d Ts][Qh]
*** SHOW DOWN ***
Goldguerre shows [9h 5s] (Trips of 9)
MathisKcr shows [5c Td] (Two pairs : Tens and 9)
MathisKcr collected 60 from side pot 1
Goldguerre collected 93 from main pot
*** SUMMARY ***
Total pot 153 | No rake
Board: [6c 9c 9d Ts Qh]
Seat 1: Goldguerre (button) showed [9h 5s] and won 93 with Trips of 9
Seat 3: MathisKcr (big blind) showed [5c Td] and won 60 with Two pairs : Tens and 9


Winamax Poker - Tournament "Expresso" buyIn: 0.46€ + 0.04€ level: 2 - HandId: #4340627376791617537-6-1761684333 - Holdem no limit (15/30) - 2025/10/28 20:45:33 UTC
Table: 'Expresso(1010631066)#0' 3-max (real money) Seat #2 is the button
Seat 1: Goldguerre (93)
Seat 2: Niko1904 (1292)
Seat 3: MathisKcr (115)
*** ANTE/BLINDS ***
MathisKcr posts small blind 15
Goldguerre posts big blind 30
Dealt to MathisKcr [5h 6c]
*** PRE-FLOP *** 
Niko1904 folds
MathisKcr folds
Goldguerre collected 45 from pot
*** SUMMARY ***
Total pot 45 | No rake
Seat 1: Goldguerre (big blind) won 45


Winamax Poker - Tournament "Expresso" buyIn: 0.46€ + 0.04€ level: 2 - HandId: #4340627376791617537-7-1761684343 - Holdem no limit (15/30) - 2025/10/28 20:45:43 UTC
Table: 'Expresso(1010631066)#0' 3-max (real money) Seat #3 is the button
Seat 1: Goldguerre (108)
Seat 2: Niko1904 (1292)
Seat 3: MathisKcr (100)
*** ANTE/BLINDS ***
Goldguerre posts small blind 15
Niko1904 posts big blind 30
Dealt to MathisKcr [Td 7s]
*** PRE-FLOP *** 
MathisKcr raises 70 to 100 and is all-in
Goldguerre raises 8 to 108 and is all-in
Niko1904 calls 78
*** FLOP *** [4s 5c Ac]
*** TURN *** [4s 5c Ac][Th]
*** RIVER *** [4s 5c Ac Th][8d]
*** SHOW DOWN ***
Niko1904 shows [3h Kh] (High card : Ace)
Goldguerre shows [Kd Qs] (High card : Ace)
MathisKcr shows [Td 7s] (One pair : Tens)
MathisKcr collected 300 from main pot
Goldguerre collected 16 from side pot 1
*** SUMMARY ***
Total pot 316 | No rake
Board: [4s 5c Ac Th 8d]
Seat 1: Goldguerre (small blind) showed [Kd Qs] and won 16 with High card : Ace
Seat 2: Niko1904 (big blind) showed [3h Kh] and lost with High card : Ace
Seat 3: MathisKcr (button) showed [Td 7s] and won 300 with One pair : Tens


Winamax Poker - Tournament "Expresso" buyIn: 0.46€ + 0.04€ level: 2 - HandId: #4340627376791617537-8-1761684360 - Holdem no limit (15/30) - 2025/10/28 20:46:00 UTC
Table: 'Expresso(1010631066)#0' 3-max (real money) Seat #1 is the button
Seat 1: Goldguerre (16)
Seat 2: Niko1904 (1184)
Seat 3: MathisKcr (300)
*** ANTE/BLINDS ***
Niko1904 posts small blind 15
MathisKcr posts big blind 30
Dealt to MathisKcr [Qd 8c]
*** PRE-FLOP *** 
Goldguerre calls 16 and is all-in
Niko1904 calls 15
MathisKcr checks
*** FLOP *** [7s 2s Tc]
Niko1904 checks
MathisKcr checks
*** TURN *** [7s 2s Tc][9c]
Niko1904 checks
MathisKcr bets 60
Niko1904 folds
*** RIVER *** [7s 2s Tc 9c][5d]
*** SHOW DOWN ***
Goldguerre shows [Jc 8d] (Straight Jack high)
MathisKcr shows [Qd 8c] (High card : Queen)
MathisKcr collected 88 from side pot 1
Goldguerre collected 48 from main pot
*** SUMMARY ***
Total pot 136 | No rake
Board: [7s 2s Tc 9c 5d]
Seat 1: Goldguerre (button) showed [Jc 8d] and won 48 with Straight Jack high
Seat 3: MathisKcr (big blind) showed [Qd 8c] and won 88 with High card : Queen


Winamax Poker - Tournament "Expresso" buyIn: 0.46€ + 0.04€ level: 3 - HandId: #4340627376791617537-9-1761684394 - Holdem no limit (20/40) - 2025/10/28 20:46:34 UTC
Table: 'Expresso(1010631066)#0' 3-max (real money) Seat #2 is the button
Seat 1: Goldguerre (48)
Seat 2: Niko1904 (1154)
Seat 3: MathisKcr (298)
*** ANTE/BLINDS ***
MathisKcr posts small blind 20
Goldguerre posts big blind 40
Dealt to MathisKcr [9s Kd]
*** PRE-FLOP *** 
Niko1904 raises 40 to 80
MathisKcr raises 218 to 298 and is all-in
Goldguerre calls 8 and is all-in
Niko1904 calls 218
*** FLOP *** [9c Js 3h]
*** TURN *** [9c Js 3h][Kh]
*** RIVER *** [9c Js 3h Kh][2d]
*** SHOW DOWN ***
Niko1904 shows [Ah 9h] (One pair : 9)
Goldguerre shows [Qs Tc] (Straight King high)
MathisKcr shows [9s Kd] (Two pairs : Kings and 9)
MathisKcr collected 500 from side pot 1
Goldguerre collected 144 from main pot
*** SUMMARY ***
Total pot 644 | No rake
Board: [9c Js 3h Kh 2d]
Seat 1: Goldguerre (big blind) showed [Qs Tc] and won 144 with Straight King high
Seat 2: Niko1904 (button) showed [Ah 9h] and lost with One pair : 9
Seat 3: MathisKcr (small blind) showed [9s Kd] and won 500 with Two pairs : Kings and 9


Winamax Poker - Tournament "Expresso" buyIn: 0.46€ + 0.04€ level: 3 - HandId: #4340627376791617537-10-1761684415 - Holdem no limit (20/40) - 2025/10/28 20:46:55 UTC
Table: 'Expresso(1010631066)#0' 3-max (real money) Seat #3 is the button
Seat 1: Goldguerre (144)
Seat 2: Niko1904 (856)
Seat 3: MathisKcr (500)
*** ANTE/BLINDS ***
Goldguerre posts small blind 20
Niko1904 posts big blind 40
Dealt to MathisKcr [9c 2s]
*** PRE-FLOP *** 
MathisKcr folds
Goldguerre calls 20
Niko1904 checks
*** FLOP *** [7c Qc 3s]
Goldguerre checks
Niko1904 bets 40
Goldguerre folds
Niko1904 collected 120 from pot
*** SUMMARY ***
Total pot 120 | No rake
Board: [7c Qc 3s]
Seat 2: Niko1904 (big blind) won 120


Winamax Poker - Tournament "Expresso" buyIn: 0.46€ + 0.04€ level: 3 - HandId: #4340627376791617537-11-1761684439 - Holdem no limit (20/40) - 2025/10/28 20:47:19 UTC
Table: 'Expresso(1010631066)#0' 3-max (real money) Seat #1 is the button
Seat 1: Goldguerre (104)
Seat 2: Niko1904 (896)
Seat 3: MathisKcr (500)
*** ANTE/BLINDS ***
Niko1904 posts small blind 20
MathisKcr posts big blind 40
Dealt to MathisKcr [7c 2s]
*** PRE-FLOP *** 
Goldguerre calls 40
Niko1904 raises 120 to 160
MathisKcr folds
Goldguerre calls 64 and is all-in
*** FLOP *** [4d Jh 9s]
*** TURN *** [4d Jh 9s][3s]
*** RIVER *** [4d Jh 9s 3s][8c]
*** SHOW DOWN ***
Goldguerre shows [Th Td] (One pair : Tens)
Niko1904 shows [Ah 7d] (High card : Ace)
Niko1904 collected 56 from side pot 1
Goldguerre collected 248 from main pot
*** SUMMARY ***
Total pot 304 | No rake
Board: [4d Jh 9s 3s 8c]
Seat 1: Goldguerre (button) showed [Th Td] and won 248 with One pair : Tens
Seat 2: Niko1904 (small blind) showed [Ah 7d] and won 56 with High card : Ace


Winamax Poker - Tournament "Expresso" buyIn: 0.46€ + 0.04€ level: 4 - HandId: #4340627376791617537-12-1761684467 - Holdem no limit (30/60) - 2025/10/28 20:47:47 UTC
Table: 'Expresso(1010631066)#0' 3-max (real money) Seat #2 is the button
Seat 1: Goldguerre (248)
Seat 2: Niko1904 (792)
Seat 3: MathisKcr (460)
*** ANTE/BLINDS ***
MathisKcr posts small blind 30
Goldguerre posts big blind 60
Dealt to MathisKcr [Kc Qh]
*** PRE-FLOP *** 
Niko1904 calls 60
MathisKcr raises 60 to 120
Goldguerre calls 60
Niko1904 calls 60
*** FLOP *** [Th 6d Jh]
MathisKcr bets 180
Goldguerre calls 128 and is all-in
Niko1904 calls 180
*** TURN *** [Th 6d Jh][Ac]
MathisKcr bets 160 and is all-in
Niko1904 folds
*** RIVER *** [Th 6d Jh Ac][5h]
*** SHOW DOWN ***
Goldguerre shows [2c 9s] (High card : Ace)
MathisKcr shows [Kc Qh] (Straight Ace high)
MathisKcr collected 1008 from pot
*** SUMMARY ***
Total pot 1008 | No rake
Board: [Th 6d Jh Ac 5h]
Seat 1: Goldguerre (big blind) showed [2c 9s] and lost with High card : Ace
Seat 3: MathisKcr (small blind) showed [Kc Qh] and won 1008 with Straight Ace high


Winamax Poker - Tournament "Expresso" buyIn: 0.46€ + 0.04€ level: 4 - HandId: #4340627376791617537-13-1761684505 - Holdem no limit (30/60) - 2025/10/28 20:48:25 UTC
Table: 'Expresso(1010631066)#0' 3-max (real money) Seat #2 is the button
Seat 2: Niko1904 (492)
Seat 3: MathisKcr (1008)
*** ANTE/BLINDS ***
Niko1904 posts small blind 30
MathisKcr posts big blind 60
Dealt to MathisKcr [Kh 2s]
*** PRE-FLOP *** 
Niko1904 folds
MathisKcr collected 90 from pot
*** SUMMARY ***
Total pot 90 | No rake
Seat 3: MathisKcr (big blind) won 90


Winamax Poker - Tournament "Expresso" buyIn: 0.46€ + 0.04€ level: 4 - HandId: #4340627376791617537-14-1761684512 - Holdem no limit (30/60) - 2025/10/28 20:48:32 UTC
Table: 'Expresso(1010631066)#0' 3-max (real money) Seat #3 is the button
Seat 2: Niko1904 (462)
Seat 3: MathisKcr (1038)
*** ANTE/BLINDS ***
MathisKcr posts small blind 30
Niko1904 posts big blind 60
Dealt to MathisKcr [7d 3c]
*** PRE-FLOP *** 
MathisKcr folds
Niko1904 collected 90 from pot
*** SUMMARY ***
Total pot 90 | No rake
Seat 2: Niko1904 (big blind) won 90


Winamax Poker - Tournament "Expresso" buyIn: 0.46€ + 0.04€ level: 4 - HandId: #4340627376791617537-15-1761684519 - Holdem no limit (30/60) - 2025/10/28 20:48:39 UTC
Table: 'Expresso(1010631066)#0' 3-max (real money) Seat #2 is the button
Seat 2: Niko1904 (492)
Seat 3: MathisKcr (1008)
*** ANTE/BLINDS ***
Niko1904 posts small blind 30
MathisKcr posts big blind 60
Dealt to MathisKcr [Qc 5d]
*** PRE-FLOP *** 
Niko1904 calls 30
MathisKcr checks
*** FLOP *** [8c Ks Ac]
MathisKcr checks
Niko1904 bets 78
MathisKcr folds
Niko1904 collected 198 from pot
*** SUMMARY ***
Total pot 198 | No rake
Board: [8c Ks Ac]
Seat 2: Niko1904 (small blind) (button) won 198


Winamax Poker - Tournament "Expresso" buyIn: 0.46€ + 0.04€ level: 4 - HandId: #4340627376791617537-16-1761684542 - Holdem no limit (30/60) - 2025/10/28 20:49:02 UTC
Table: 'Expresso(1010631066)#0' 3-max (real money) Seat #3 is the button
Seat 2: Niko1904 (552)
Seat 3: MathisKcr (948)
*** ANTE/BLINDS ***
MathisKcr posts small blind 30
Niko1904 posts big blind 60
Dealt to MathisKcr [5h 7c]
*** PRE-FLOP *** 
MathisKcr calls 30
Niko1904 checks
*** FLOP *** [Ts Kh 9c]
Niko1904 checks
MathisKcr checks
*** TURN *** [Ts Kh 9c][3c]
Niko1904 bets 78
MathisKcr folds
Niko1904 collected 198 from pot
*** SUMMARY ***
Total pot 198 | No rake
Board: [Ts Kh 9c 3c]
Seat 2: Niko1904 (big blind) won 198


Winamax Poker - Tournament "Expresso" buyIn: 0.46€ + 0.04€ level: 5 - HandId: #4340627376791617537-17-1761684555 - Holdem no limit (40/80) - 2025/10/28 20:49:15 UTC
Table: 'Expresso(1010631066)#0' 3-max (real money) Seat #2 is the button
Seat 2: Niko1904 (612)
Seat 3: MathisKcr (888)
*** ANTE/BLINDS ***
Niko1904 posts small blind 40
MathisKcr posts big blind 80
Dealt to MathisKcr [9h 6s]
*** PRE-FLOP *** 
Niko1904 calls 40
MathisKcr checks
*** FLOP *** [3c Jd 2s]
MathisKcr checks
Niko1904 bets 104
MathisKcr folds
Niko1904 collected 264 from pot
*** SUMMARY ***
Total pot 264 | No rake
Board: [3c Jd 2s]
Seat 2: Niko1904 (small blind) (button) won 264


Winamax Poker - Tournament "Expresso" buyIn: 0.46€ + 0.04€ level: 5 - HandId: #4340627376791617537-18-1761684564 - Holdem no limit (40/80) - 2025/10/28 20:49:24 UTC
Table: 'Expresso(1010631066)#0' 3-max (real money) Seat #3 is the button
Seat 2: Niko1904 (692)
Seat 3: MathisKcr (808)
*** ANTE/BLINDS ***
MathisKcr posts small blind 40
Niko1904 posts big blind 80
Dealt to MathisKcr [As 8s]
*** PRE-FLOP *** 
MathisKcr raises 80 to 160
Niko1904 folds
MathisKcr collected 240 from pot
*** SUMMARY ***
Total pot 240 | No rake
Seat 3: MathisKcr (small blind) (button) won 240


Winamax Poker - Tournament "Expresso" buyIn: 0.46€ + 0.04€ level: 5 - HandId: #4340627376791617537-19-1761684573 - Holdem no limit (40/80) - 2025/10/28 20:49:33 UTC
Table: 'Expresso(1010631066)#0' 3-max (real money) Seat #2 is the button
Seat 2: Niko1904 (612)
Seat 3: MathisKcr (888)
*** ANTE/BLINDS ***
Niko1904 posts small blind 40
MathisKcr posts big blind 80
Dealt to MathisKcr [Qd Jh]
*** PRE-FLOP *** 
Niko1904 raises 80 to 160
MathisKcr calls 80
*** FLOP *** [3d Td 3h]
MathisKcr checks
Niko1904 bets 112
MathisKcr calls 112
*** TURN *** [3d Td 3h][8d]
MathisKcr checks
Niko1904 checks
*** RIVER *** [3d Td 3h 8d][As]
MathisKcr checks
Niko1904 checks
*** SHOW DOWN ***
MathisKcr shows [Qd Jh] (One pair : 3)
Niko1904 shows [6s Kc] (One pair : 3)
Niko1904 collected 544 from pot
*** SUMMARY ***
Total pot 544 | No rake
Board: [3d Td 3h 8d As]
Seat 2: Niko1904 (small blind) (button) showed [6s Kc] and won 544 with One pair : 3
Seat 3: MathisKcr (big blind) showed [Qd Jh] and lost with One pair : 3


Winamax Poker - Tournament "Expresso" buyIn: 0.46€ + 0.04€ level: 5 - HandId: #4340627376791617537-20-1761684588 - Holdem no limit (40/80) - 2025/10/28 20:49:48 UTC
Table: 'Expresso(1010631066)#0' 3-max (real money) Seat #3 is the button
Seat 2: Niko1904 (884)
Seat 3: MathisKcr (616)
*** ANTE/BLINDS ***
MathisKcr posts small blind 40
Niko1904 posts big blind 80
Dealt to MathisKcr [9d 2c]
*** PRE-FLOP *** 
MathisKcr folds
Niko1904 collected 120 from pot
*** SUMMARY ***
Total pot 120 | No rake
Seat 2: Niko1904 (big blind) won 120


Winamax Poker - Tournament "Expresso" buyIn: 0.46€ + 0.04€ level: 5 - HandId: #4340627376791617537-21-1761684592 - Holdem no limit (40/80) - 2025/10/28 20:49:52 UTC
Table: 'Expresso(1010631066)#0' 3-max (real money) Seat #2 is the button
Seat 2: Niko1904 (924)
Seat 3: MathisKcr (576)
*** ANTE/BLINDS ***
Niko1904 posts small blind 40
MathisKcr posts big blind 80
Dealt to MathisKcr [Qd 6h]
*** PRE-FLOP *** 
Niko1904 folds
MathisKcr collected 120 from pot
*** SUMMARY ***
Total pot 120 | No rake
Seat 3: MathisKcr (big blind) won 120


Winamax Poker - Tournament "Expresso" buyIn: 0.46€ + 0.04€ level: 5 - HandId: #4340627376791617537-22-1761684598 - Holdem no limit (40/80) - 2025/10/28 20:49:58 UTC
Table: 'Expresso(1010631066)#0' 3-max (real money) Seat #3 is the button
Seat 2: Niko1904 (884)
Seat 3: MathisKcr (616)
*** ANTE/BLINDS ***
MathisKcr posts small blind 40
Niko1904 posts big blind 80
Dealt to MathisKcr [Kh 7h]
*** PRE-FLOP *** 
MathisKcr raises 80 to 160
Niko1904 folds
MathisKcr collected 240 from pot
*** SUMMARY ***
Total pot 240 | No rake
Seat 3: MathisKcr (small blind) (button) won 240


Winamax Poker - Tournament "Expresso" buyIn: 0.46€ + 0.04€ level: 5 - HandId: #4340627376791617537-23-1761684606 - Holdem no limit (40/80) - 2025/10/28 20:50:06 UTC
Table: 'Expresso(1010631066)#0' 3-max (real money) Seat #2 is the button
Seat 2: Niko1904 (804)
Seat 3: MathisKcr (696)
*** ANTE/BLINDS ***
Niko1904 posts small blind 40
MathisKcr posts big blind 80
Dealt to MathisKcr [2s Th]
*** PRE-FLOP *** 
Niko1904 folds
MathisKcr collected 120 from pot
*** SUMMARY ***
Total pot 120 | No rake
Seat 3: MathisKcr (big blind) won 120


Winamax Poker - Tournament "Expresso" buyIn: 0.46€ + 0.04€ level: 5 - HandId: #4340627376791617537-24-1761684611 - Holdem no limit (40/80) - 2025/10/28 20:50:11 UTC
Table: 'Expresso(1010631066)#0' 3-max (real money) Seat #3 is the button
Seat 2: Niko1904 (764)
Seat 3: MathisKcr (736)
*** ANTE/BLINDS ***
MathisKcr posts small blind 40
Niko1904 posts big blind 80
Dealt to MathisKcr [7c 9h]
*** PRE-FLOP *** 
MathisKcr raises 80 to 160
Niko1904 raises 604 to 764 and is all-in
MathisKcr folds
Niko1904 collected 924 from pot
*** SUMMARY ***
Total pot 924 | No rake
Seat 2: Niko1904 (big blind) won 924


Winamax Poker - Tournament "Expresso" buyIn: 0.46€ + 0.04€ level: 5 - HandId: #4340627376791617537-25-1761684622 - Holdem no limit (40/80) - 2025/10/28 20:50:22 UTC
Table: 'Expresso(1010631066)#0' 3-max (real money) Seat #2 is the button
Seat 2: Niko1904 (924)
Seat 3: MathisKcr (576)
*** ANTE/BLINDS ***
Niko1904 posts small blind 40
MathisKcr posts big blind 80
Dealt to MathisKcr [Jd Ks]
*** PRE-FLOP *** 
Niko1904 folds
MathisKcr collected 120 from pot
*** SUMMARY ***
Total pot 120 | No rake
Seat 3: MathisKcr (big blind) won 120


Winamax Poker - Tournament "Expresso" buyIn: 0.46€ + 0.04€ level: 5 - HandId: #4340627376791617537-26-1761684628 - Holdem no limit (40/80) - 2025/10/28 20:50:28 UTC
Table: 'Expresso(1010631066)#0' 3-max (real money) Seat #3 is the button
Seat 2: Niko1904 (884)
Seat 3: MathisKcr (616)
*** ANTE/BLINDS ***
MathisKcr posts small blind 40
Niko1904 posts big blind 80
Dealt to MathisKcr [Kh 7h]
*** PRE-FLOP *** 
MathisKcr raises 80 to 160
Niko1904 calls 80
*** FLOP *** [2c As 5s]
Niko1904 checks
MathisKcr bets 456 and is all-in
Niko1904 folds
MathisKcr collected 776 from pot
*** SUMMARY ***
Total pot 776 | No rake
Board: [2c As 5s]
Seat 3: MathisKcr (small blind) (button) won 776


Winamax Poker - Tournament "Expresso" buyIn: 0.46€ + 0.04€ level: 6 - HandId: #4340627376791617537-27-1761684644 - Holdem no limit (50/100) - 2025/10/28 20:50:44 UTC
Table: 'Expresso(1010631066)#0' 3-max (real money) Seat #2 is the button
Seat 2: Niko1904 (724)
Seat 3: MathisKcr (776)
*** ANTE/BLINDS ***
Niko1904 posts small blind 50
MathisKcr posts big blind 100
Dealt to MathisKcr [Kd 6d]
*** PRE-FLOP *** 
Niko1904 folds
MathisKcr collected 150 from pot
*** SUMMARY ***
Total pot 150 | No rake
Seat 3: MathisKcr (big blind) won 150


Winamax Poker - Tournament "Expresso" buyIn: 0.46€ + 0.04€ level: 6 - HandId: #4340627376791617537-28-1761684650 - Holdem no limit (50/100) - 2025/10/28 20:50:50 UTC
Table: 'Expresso(1010631066)#0' 3-max (real money) Seat #3 is the button
Seat 2: Niko1904 (674)
Seat 3: MathisKcr (826)
*** ANTE/BLINDS ***
MathisKcr posts small blind 50
Niko1904 posts big blind 100
Dealt to MathisKcr [8c 4s]
*** PRE-FLOP *** 
MathisKcr calls 50
Niko1904 checks
*** FLOP *** [7s 5c Js]
Niko1904 bets 100
MathisKcr calls 100
*** TURN *** [7s 5c Js][Ac]
Niko1904 checks
MathisKcr checks
*** RIVER *** [7s 5c Js Ac][8h]
Niko1904 bets 100
MathisKcr raises 526 to 626 and is all-in
Niko1904 folds
MathisKcr collected 1126 from pot
*** SUMMARY ***
Total pot 1126 | No rake
Board: [7s 5c Js Ac 8h]
Seat 3: MathisKcr (small blind) (button) won 1126


Winamax Poker - Tournament "Expresso" buyIn: 0.46€ + 0.04€ level: 6 - HandId: #4340627376791617537-29-1761684671 - Holdem no limit (50/100) - 2025/10/28 20:51:11 UTC
Table: 'Expresso(1010631066)#0' 3-max (real money) Seat #2 is the button
Seat 2: Niko1904 (374)
Seat 3: MathisKcr (1126)
*** ANTE/BLINDS ***
Niko1904 posts small blind 50
MathisKcr posts big blind 100
Dealt to MathisKcr [Qh Kd]
*** PRE-FLOP *** 
Niko1904 raises 274 to 374 and is all-in
MathisKcr calls 274
*** FLOP *** [As 9d 8h]
*** TURN *** [As 9d 8h][Jd]
*** RIVER *** [As 9d 8h Jd][5h]
*** SHOW DOWN ***
MathisKcr shows [Qh Kd] (High card : Ace)
Niko1904 shows [7h 7s] (One pair : 7)
Niko1904 collected 748 from pot
*** SUMMARY ***
Total pot 748 | No rake
Board: [As 9d 8h Jd 5h]
Seat 2: Niko1904 (small blind) (button) showed [7h 7s] and won 748 with One pair : 7
Seat 3: MathisKcr (big blind) showed [Qh Kd] and lost with High card : Ace


Winamax Poker - Tournament "Expresso" buyIn: 0.46€ + 0.04€ level: 6 - HandId: #4340627376791617537-30-1761684682 - Holdem no limit (50/100) - 2025/10/28 20:51:22 UTC
Table: 'Expresso(1010631066)#0' 3-max (real money) Seat #3 is the button
Seat 2: Niko1904 (748)
Seat 3: MathisKcr (752)
*** ANTE/BLINDS ***
MathisKcr posts small blind 50
Niko1904 posts big blind 100
Dealt to MathisKcr [Th 4h]
*** PRE-FLOP *** 
MathisKcr calls 50
Niko1904 checks
*** FLOP *** [5d Ts 6s]
Niko1904 bets 100
MathisKcr calls 100
*** TURN *** [5d Ts 6s][8h]
Niko1904 bets 548 and is all-in
MathisKcr folds
Niko1904 collected 948 from pot
*** SUMMARY ***
Total pot 948 | No rake
Board: [5d Ts 6s 8h]
Seat 2: Niko1904 (big blind) won 948


Winamax Poker - Tournament "Expresso" buyIn: 0.46€ + 0.04€ level: 6 - HandId: #4340627376791617537-31-1761684708 - Holdem no limit (50/100) - 2025/10/28 20:51:48 UTC
Table: 'Expresso(1010631066)#0' 3-max (real money) Seat #2 is the button
Seat 2: Niko1904 (948)
Seat 3: MathisKcr (552)
*** ANTE/BLINDS ***
Niko1904 posts small blind 50
MathisKcr posts big blind 100
Dealt to MathisKcr [4h 6s]
*** PRE-FLOP *** 
Niko1904 calls 50
MathisKcr checks
*** FLOP *** [3s Kd As]
MathisKcr checks
Niko1904 checks
*** TURN *** [3s Kd As][6c]
MathisKcr checks
Niko1904 checks
*** RIVER *** [3s Kd As 6c][Jd]
MathisKcr checks
Niko1904 checks
*** SHOW DOWN ***
Niko1904 shows [2s 8s] (High card : Ace)
MathisKcr shows [4h 6s] (One pair : 6)
MathisKcr collected 200 from pot
*** SUMMARY ***
Total pot 200 | No rake
Board: [3s Kd As 6c Jd]
Seat 2: Niko1904 (small blind) (button) showed [2s 8s] and lost with High card : Ace
Seat 3: MathisKcr (big blind) showed [4h 6s] and won 200 with One pair : 6


Winamax Poker - Tournament "Expresso" buyIn: 0.46€ + 0.04€ level: 7 - HandId: #4340627376791617537-32-1761684733 - Holdem no limit (60/120) - 2025/10/28 20:52:13 UTC
Table: 'Expresso(1010631066)#0' 3-max (real money) Seat #3 is the button
Seat 2: Niko1904 (848)
Seat 3: MathisKcr (652)
*** ANTE/BLINDS ***
MathisKcr posts small blind 60
Niko1904 posts big blind 120
Dealt to MathisKcr [7h 4c]
*** PRE-FLOP *** 
MathisKcr folds
Niko1904 collected 180 from pot
*** SUMMARY ***
Total pot 180 | No rake
Seat 2: Niko1904 (big blind) won 180


Winamax Poker - Tournament "Expresso" buyIn: 0.46€ + 0.04€ level: 7 - HandId: #4340627376791617537-33-1761684741 - Holdem no limit (60/120) - 2025/10/28 20:52:21 UTC
Table: 'Expresso(1010631066)#0' 3-max (real money) Seat #2 is the button
Seat 2: Niko1904 (908)
Seat 3: MathisKcr (592)
*** ANTE/BLINDS ***
Niko1904 posts small blind 60
MathisKcr posts big blind 120
Dealt to MathisKcr [Qs 7d]
*** PRE-FLOP *** 
Niko1904 folds
MathisKcr collected 180 from pot
*** SUMMARY ***
Total pot 180 | No rake
Seat 3: MathisKcr (big blind) won 180


Winamax Poker - Tournament "Expresso" buyIn: 0.46€ + 0.04€ level: 7 - HandId: #4340627376791617537-34-1761684747 - Holdem no limit (60/120) - 2025/10/28 20:52:27 UTC
Table: 'Expresso(1010631066)#0' 3-max (real money) Seat #3 is the button
Seat 2: Niko1904 (848)
Seat 3: MathisKcr (652)
*** ANTE/BLINDS ***
MathisKcr posts small blind 60
Niko1904 posts big blind 120
Dealt to MathisKcr [7c 5c]
*** PRE-FLOP *** 
MathisKcr calls 60
Niko1904 checks
*** FLOP *** [Ad 7h As]
Niko1904 checks
MathisKcr bets 360
Niko1904 folds
MathisKcr collected 600 from pot
*** SUMMARY ***
Total pot 600 | No rake
Board: [Ad 7h As]
Seat 3: MathisKcr (small blind) (button) won 600


Winamax Poker - Tournament "Expresso" buyIn: 0.46€ + 0.04€ level: 7 - HandId: #4340627376791617537-35-1761684764 - Holdem no limit (60/120) - 2025/10/28 20:52:44 UTC
Table: 'Expresso(1010631066)#0' 3-max (real money) Seat #2 is the button
Seat 2: Niko1904 (728)
Seat 3: MathisKcr (772)
*** ANTE/BLINDS ***
Niko1904 posts small blind 60
MathisKcr posts big blind 120
Dealt to MathisKcr [9h 9d]
*** PRE-FLOP *** 
Niko1904 raises 240 to 360
MathisKcr raises 412 to 772 and is all-in
Niko1904 calls 368 and is all-in
*** FLOP *** [6s Kc Qd]
*** TURN *** [6s Kc Qd][3h]
*** RIVER *** [6s Kc Qd 3h][9c]
*** SHOW DOWN ***
Niko1904 shows [6c 6d] (Trips of 6)
MathisKcr shows [9h 9d] (Trips of 9)
MathisKcr collected 1500 from pot
*** SUMMARY ***
Total pot 1500 | No rake
Board: [6s Kc Qd 3h 9c]
Seat 2: Niko1904 (small blind) (button) showed [6c 6d] and lost with Trips of 6
Seat 3: MathisKcr (big blind) showed [9h 9d] and won 1500 with Trips of 9


