Winamax Poker - Tournament "Expresso" buyIn: 0.46€ + 0.04€ level: 1 - HandId: #4220032846967865345-1-1756472048 - Holdem no limit (10/20) - 2025/08/29 12:54:08 UTC
Table: 'Expresso(982552964)#0' 3-max (real money) Seat #2 is the button
Seat 1: CLOCLO (500)
Seat 2: MathisKcr (500)
Seat 3: arkiond3 (500)
*** ANTE/BLINDS ***
arkiond3 posts small blind 10
CLOCLO posts big blind 20
Dealt to MathisKcr [3h 5s]
*** PRE-FLOP *** 
MathisKcr folds
arkiond3 folds
CLOCLO collected 30 from pot
*** SUMMARY ***
Total pot 30 | No rake
Seat 1: CLOCLO (big blind) won 30


Winamax Poker - Tournament "Expresso" buyIn: 0.46€ + 0.04€ level: 1 - HandId: #4220032846967865345-2-1756472059 - Holdem no limit (10/20) - 2025/08/29 12:54:19 UTC
Table: 'Expresso(982552964)#0' 3-max (real money) Seat #3 is the button
Seat 1: CLOCLO (510)
Seat 2: MathisKcr (500)
Seat 3: arkiond3 (490)
*** ANTE/BLINDS ***
CLOCLO posts small blind 10
MathisKcr posts big blind 20
Dealt to MathisKcr [3d Js]
*** PRE-FLOP *** 
arkiond3 folds
CLOCLO calls 10
MathisKcr checks
*** FLOP *** [6c Ks 5c]
CLOCLO checks
MathisKcr checks
*** TURN *** [6c Ks 5c][Qc]
CLOCLO bets 20
MathisKcr calls 20
*** RIVER *** [6c Ks 5c Qc][Ac]
CLOCLO bets 20
MathisKcr folds
CLOCLO collected 100 from pot
*** SUMMARY ***
Total pot 100 | No rake
Board: [6c Ks 5c Qc Ac]
Seat 1: CLOCLO (small blind) won 100


Winamax Poker - Tournament "Expresso" buyIn: 0.46€ + 0.04€ level: 1 - HandId: #4220032846967865345-3-1756472077 - Holdem no limit (10/20) - 2025/08/29 12:54:37 UTC
Table: 'Expresso(982552964)#0' 3-max (real money) Seat #1 is the button
Seat 1: CLOCLO (550)
Seat 2: MathisKcr (460)
Seat 3: arkiond3 (490)
*** ANTE/BLINDS ***
MathisKcr posts small blind 10
arkiond3 posts big blind 20
Dealt to MathisKcr [7h Jd]
*** PRE-FLOP *** 
CLOCLO raises 50 to 70
MathisKcr calls 60
arkiond3 folds
*** FLOP *** [Ts 7s 4d]
MathisKcr bets 60
CLOCLO raises 60 to 120
MathisKcr calls 60
*** TURN *** [Ts 7s 4d][Qd]
MathisKcr checks
CLOCLO bets 360 and is all-in
MathisKcr calls 270 and is all-in
*** RIVER *** [Ts 7s 4d Qd][Jh]
*** SHOW DOWN ***
CLOCLO shows [Js As] (One pair : Jacks)
MathisKcr shows [7h Jd] (Two pairs : Jacks and 7)
MathisKcr collected 940 from main pot
CLOCLO collected 90 from side pot 1
*** SUMMARY ***
Total pot 1030 | No rake
Board: [Ts 7s 4d Qd Jh]
Seat 1: CLOCLO (button) showed [Js As] and won 90 with One pair : Jacks
Seat 2: MathisKcr (small blind) showed [7h Jd] and won 940 with Two pairs : Jacks and 7


Winamax Poker - Tournament "Expresso" buyIn: 0.46€ + 0.04€ level: 1 - HandId: #4220032846967865345-4-1756472125 - Holdem no limit (10/20) - 2025/08/29 12:55:25 UTC
Table: 'Expresso(982552964)#0' 3-max (real money) Seat #2 is the button
Seat 1: CLOCLO (90)
Seat 2: MathisKcr (940)
Seat 3: arkiond3 (470)
*** ANTE/BLINDS ***
arkiond3 posts small blind 10
CLOCLO posts big blind 20
Dealt to MathisKcr [5d 2d]
*** PRE-FLOP *** 
MathisKcr folds
arkiond3 folds
CLOCLO collected 30 from pot
*** SUMMARY ***
Total pot 30 | No rake
Seat 1: CLOCLO (big blind) won 30


Winamax Poker - Tournament "Expresso" buyIn: 0.46€ + 0.04€ level: 1 - HandId: #4220032846967865345-5-1756472133 - Holdem no limit (10/20) - 2025/08/29 12:55:33 UTC
Table: 'Expresso(982552964)#0' 3-max (real money) Seat #3 is the button
Seat 1: CLOCLO (100)
Seat 2: MathisKcr (940)
Seat 3: arkiond3 (460)
*** ANTE/BLINDS ***
CLOCLO posts small blind 10
MathisKcr posts big blind 20
Dealt to MathisKcr [Ks 3h]
*** PRE-FLOP *** 
arkiond3 calls 20
CLOCLO calls 10
MathisKcr checks
*** FLOP *** [4c Jc 9d]
CLOCLO bets 80 and is all-in
MathisKcr folds
arkiond3 folds
CLOCLO collected 140 from pot
*** SUMMARY ***
Total pot 140 | No rake
Board: [4c Jc 9d]
Seat 1: CLOCLO (small blind) won 140


Winamax Poker - Tournament "Expresso" buyIn: 0.46€ + 0.04€ level: 2 - HandId: #4220032846967865345-6-1756472149 - Holdem no limit (15/30) - 2025/08/29 12:55:49 UTC
Table: 'Expresso(982552964)#0' 3-max (real money) Seat #1 is the button
Seat 1: CLOCLO (140)
Seat 2: MathisKcr (920)
Seat 3: arkiond3 (440)
*** ANTE/BLINDS ***
MathisKcr posts small blind 15
arkiond3 posts big blind 30
Dealt to MathisKcr [8d Ks]
*** PRE-FLOP *** 
CLOCLO folds
MathisKcr raises 30 to 60
arkiond3 calls 30
*** FLOP *** [Ac 6c 3c]
MathisKcr bets 60
arkiond3 folds
MathisKcr collected 180 from pot
*** SUMMARY ***
Total pot 180 | No rake
Board: [Ac 6c 3c]
Seat 2: MathisKcr (small blind) won 180


Winamax Poker - Tournament "Expresso" buyIn: 0.46€ + 0.04€ level: 2 - HandId: #4220032846967865345-7-1756472165 - Holdem no limit (15/30) - 2025/08/29 12:56:05 UTC
Table: 'Expresso(982552964)#0' 3-max (real money) Seat #2 is the button
Seat 1: CLOCLO (140)
Seat 2: MathisKcr (980)
Seat 3: arkiond3 (380)
*** ANTE/BLINDS ***
arkiond3 posts small blind 15
CLOCLO posts big blind 30
Dealt to MathisKcr [9s Ks]
*** PRE-FLOP *** 
MathisKcr raises 30 to 60
arkiond3 folds
CLOCLO calls 30
*** FLOP *** [8s 2d Td]
CLOCLO bets 80 and is all-in
MathisKcr calls 80
*** TURN *** [8s 2d Td][Jc]
*** RIVER *** [8s 2d Td Jc][2s]
*** SHOW DOWN ***
CLOCLO shows [Qh 3c] (One pair : 2)
MathisKcr shows [9s Ks] (One pair : 2)
MathisKcr collected 295 from pot
*** SUMMARY ***
Total pot 295 | No rake
Board: [8s 2d Td Jc 2s]
Seat 1: CLOCLO (big blind) showed [Qh 3c] and lost with One pair : 2
Seat 2: MathisKcr (button) showed [9s Ks] and won 295 with One pair : 2


Winamax Poker - Tournament "Expresso" buyIn: 0.46€ + 0.04€ level: 2 - HandId: #4220032846967865345-8-1756472182 - Holdem no limit (15/30) - 2025/08/29 12:56:22 UTC
Table: 'Expresso(982552964)#0' 3-max (real money) Seat #2 is the button
Seat 2: MathisKcr (1135)
Seat 3: arkiond3 (365)
*** ANTE/BLINDS ***
MathisKcr posts small blind 15
arkiond3 posts big blind 30
Dealt to MathisKcr [6d As]
*** PRE-FLOP *** 
MathisKcr raises 30 to 60
arkiond3 calls 30
*** FLOP *** [5c 7s 5s]
arkiond3 checks
MathisKcr checks
*** TURN *** [5c 7s 5s][9d]
arkiond3 checks
MathisKcr checks
*** RIVER *** [5c 7s 5s 9d][9c]
arkiond3 checks
MathisKcr checks
*** SHOW DOWN ***
arkiond3 shows [Tc Js] (Two pairs : 9 and 5)
MathisKcr shows [6d As] (Two pairs : 9 and 5)
MathisKcr collected 120 from pot
*** SUMMARY ***
Total pot 120 | No rake
Board: [5c 7s 5s 9d 9c]
Seat 2: MathisKcr (small blind) (button) showed [6d As] and won 120 with Two pairs : 9 and 5
Seat 3: arkiond3 (big blind) showed [Tc Js] and lost with Two pairs : 9 and 5


Winamax Poker - Tournament "Expresso" buyIn: 0.46€ + 0.04€ level: 2 - HandId: #4220032846967865345-9-1756472213 - Holdem no limit (15/30) - 2025/08/29 12:56:53 UTC
Table: 'Expresso(982552964)#0' 3-max (real money) Seat #3 is the button
Seat 2: MathisKcr (1195)
Seat 3: arkiond3 (305)
*** ANTE/BLINDS ***
arkiond3 posts small blind 15
MathisKcr posts big blind 30
Dealt to MathisKcr [7s Jh]
*** PRE-FLOP *** 
arkiond3 folds
MathisKcr collected 45 from pot
*** SUMMARY ***
Total pot 45 | No rake
Seat 2: MathisKcr (big blind) won 45


Winamax Poker - Tournament "Expresso" buyIn: 0.46€ + 0.04€ level: 3 - HandId: #4220032846967865345-10-1756472228 - Holdem no limit (20/40) - 2025/08/29 12:57:08 UTC
Table: 'Expresso(982552964)#0' 3-max (real money) Seat #2 is the button
Seat 2: MathisKcr (1210)
Seat 3: arkiond3 (290)
*** ANTE/BLINDS ***
MathisKcr posts small blind 20
arkiond3 posts big blind 40
Dealt to MathisKcr [2s Ks]
*** PRE-FLOP *** 
MathisKcr calls 20
arkiond3 raises 80 to 120
MathisKcr raises 1090 to 1210 and is all-in
arkiond3 calls 170 and is all-in
*** FLOP *** [Tc 5h Ad]
*** TURN *** [Tc 5h Ad][4c]
*** RIVER *** [Tc 5h Ad 4c][5c]
*** SHOW DOWN ***
MathisKcr shows [2s Ks] (One pair : 5)
arkiond3 shows [Kc Ac] (Flush Ace high)
arkiond3 collected 580 from main pot
MathisKcr collected 920 from side pot 1
*** SUMMARY ***
Total pot 1500 | No rake
Board: [Tc 5h Ad 4c 5c]
Seat 2: MathisKcr (small blind) (button) showed [2s Ks] and won 920 with One pair : 5
Seat 3: arkiond3 (big blind) showed [Kc Ac] and won 580 with Flush Ace high


Winamax Poker - Tournament "Expresso" buyIn: 0.46€ + 0.04€ level: 3 - HandId: #4220032846967865345-11-1756472250 - Holdem no limit (20/40) - 2025/08/29 12:57:30 UTC
Table: 'Expresso(982552964)#0' 3-max (real money) Seat #3 is the button
Seat 2: MathisKcr (920)
Seat 3: arkiond3 (580)
*** ANTE/BLINDS ***
arkiond3 posts small blind 20
MathisKcr posts big blind 40
Dealt to MathisKcr [2s 8c]
*** PRE-FLOP *** 
arkiond3 folds
MathisKcr collected 60 from pot
*** SUMMARY ***
Total pot 60 | No rake
Seat 2: MathisKcr (big blind) won 60


Winamax Poker - Tournament "Expresso" buyIn: 0.46€ + 0.04€ level: 3 - HandId: #4220032846967865345-12-1756472255 - Holdem no limit (20/40) - 2025/08/29 12:57:35 UTC
Table: 'Expresso(982552964)#0' 3-max (real money) Seat #2 is the button
Seat 2: MathisKcr (940)
Seat 3: arkiond3 (560)
*** ANTE/BLINDS ***
MathisKcr posts small blind 20
arkiond3 posts big blind 40
Dealt to MathisKcr [8c 9c]
*** PRE-FLOP *** 
MathisKcr calls 20
arkiond3 raises 70 to 110
MathisKcr calls 70
*** FLOP *** [4s Ts 4c]
arkiond3 bets 110
MathisKcr folds
arkiond3 collected 330 from pot
*** SUMMARY ***
Total pot 330 | No rake
Board: [4s Ts 4c]
Seat 3: arkiond3 (big blind) won 330


Winamax Poker - Tournament "Expresso" buyIn: 0.46€ + 0.04€ level: 3 - HandId: #4220032846967865345-13-1756472272 - Holdem no limit (20/40) - 2025/08/29 12:57:52 UTC
Table: 'Expresso(982552964)#0' 3-max (real money) Seat #3 is the button
Seat 2: MathisKcr (830)
Seat 3: arkiond3 (670)
*** ANTE/BLINDS ***
arkiond3 posts small blind 20
MathisKcr posts big blind 40
Dealt to MathisKcr [9s 3h]
*** PRE-FLOP *** 
arkiond3 folds
MathisKcr collected 60 from pot
*** SUMMARY ***
Total pot 60 | No rake
Seat 2: MathisKcr (big blind) won 60


Winamax Poker - Tournament "Expresso" buyIn: 0.46€ + 0.04€ level: 3 - HandId: #4220032846967865345-14-1756472278 - Holdem no limit (20/40) - 2025/08/29 12:57:58 UTC
Table: 'Expresso(982552964)#0' 3-max (real money) Seat #2 is the button
Seat 2: MathisKcr (850)
Seat 3: arkiond3 (650)
*** ANTE/BLINDS ***
MathisKcr posts small blind 20
arkiond3 posts big blind 40
Dealt to MathisKcr [Jd Th]
*** PRE-FLOP *** 
MathisKcr calls 20
arkiond3 checks
*** FLOP *** [9s Td As]
arkiond3 checks
MathisKcr bets 100
arkiond3 folds
MathisKcr collected 180 from pot
*** SUMMARY ***
Total pot 180 | No rake
Board: [9s Td As]
Seat 2: MathisKcr (small blind) (button) won 180


Winamax Poker - Tournament "Expresso" buyIn: 0.46€ + 0.04€ level: 3 - HandId: #4220032846967865345-15-1756472298 - Holdem no limit (20/40) - 2025/08/29 12:58:18 UTC
Table: 'Expresso(982552964)#0' 3-max (real money) Seat #3 is the button
Seat 2: MathisKcr (890)
Seat 3: arkiond3 (610)
*** ANTE/BLINDS ***
arkiond3 posts small blind 20
MathisKcr posts big blind 40
Dealt to MathisKcr [Js Jc]
*** PRE-FLOP *** 
arkiond3 folds
MathisKcr collected 60 from pot
*** SUMMARY ***
Total pot 60 | No rake
Seat 2: MathisKcr (big blind) won 60


Winamax Poker - Tournament "Expresso" buyIn: 0.46€ + 0.04€ level: 3 - HandId: #4220032846967865345-16-1756472303 - Holdem no limit (20/40) - 2025/08/29 12:58:23 UTC
Table: 'Expresso(982552964)#0' 3-max (real money) Seat #2 is the button
Seat 2: MathisKcr (910)
Seat 3: arkiond3 (590)
*** ANTE/BLINDS ***
MathisKcr posts small blind 20
arkiond3 posts big blind 40
Dealt to MathisKcr [9d 4s]
*** PRE-FLOP *** 
MathisKcr calls 20
arkiond3 raises 80 to 120
MathisKcr calls 80
*** FLOP *** [Qh 3h Jd]
arkiond3 checks
MathisKcr checks
*** TURN *** [Qh 3h Jd][As]
arkiond3 bets 120
MathisKcr folds
arkiond3 collected 360 from pot
*** SUMMARY ***
Total pot 360 | No rake
Board: [Qh 3h Jd As]
Seat 3: arkiond3 (big blind) won 360


Winamax Poker - Tournament "Expresso" buyIn: 0.46€ + 0.04€ level: 4 - HandId: #4220032846967865345-17-1756472320 - Holdem no limit (30/60) - 2025/08/29 12:58:40 UTC
Table: 'Expresso(982552964)#0' 3-max (real money) Seat #3 is the button
Seat 2: MathisKcr (790)
Seat 3: arkiond3 (710)
*** ANTE/BLINDS ***
arkiond3 posts small blind 30
MathisKcr posts big blind 60
Dealt to MathisKcr [7s 3h]
*** PRE-FLOP *** 
arkiond3 folds
MathisKcr collected 90 from pot
*** SUMMARY ***
Total pot 90 | No rake
Seat 2: MathisKcr (big blind) won 90


Winamax Poker - Tournament "Expresso" buyIn: 0.46€ + 0.04€ level: 4 - HandId: #4220032846967865345-18-1756472325 - Holdem no limit (30/60) - 2025/08/29 12:58:45 UTC
Table: 'Expresso(982552964)#0' 3-max (real money) Seat #2 is the button
Seat 2: MathisKcr (820)
Seat 3: arkiond3 (680)
*** ANTE/BLINDS ***
MathisKcr posts small blind 30
arkiond3 posts big blind 60
Dealt to MathisKcr [Qh 3c]
*** PRE-FLOP *** 
MathisKcr calls 30
arkiond3 checks
*** FLOP *** [4c Kc 6c]
arkiond3 checks
MathisKcr bets 150
arkiond3 folds
MathisKcr collected 270 from pot
*** SUMMARY ***
Total pot 270 | No rake
Board: [4c Kc 6c]
Seat 2: MathisKcr (small blind) (button) won 270


Winamax Poker - Tournament "Expresso" buyIn: 0.46€ + 0.04€ level: 4 - HandId: #4220032846967865345-19-1756472348 - Holdem no limit (30/60) - 2025/08/29 12:59:08 UTC
Table: 'Expresso(982552964)#0' 3-max (real money) Seat #3 is the button
Seat 2: MathisKcr (880)
Seat 3: arkiond3 (620)
*** ANTE/BLINDS ***
arkiond3 posts small blind 30
MathisKcr posts big blind 60
Dealt to MathisKcr [Th 8c]
*** PRE-FLOP *** 
arkiond3 calls 30
MathisKcr checks
*** FLOP *** [6d 3s 9h]
MathisKcr bets 120
arkiond3 folds
MathisKcr collected 240 from pot
*** SUMMARY ***
Total pot 240 | No rake
Board: [6d 3s 9h]
Seat 2: MathisKcr (big blind) won 240


Winamax Poker - Tournament "Expresso" buyIn: 0.46€ + 0.04€ level: 4 - HandId: #4220032846967865345-20-1756472367 - Holdem no limit (30/60) - 2025/08/29 12:59:27 UTC
Table: 'Expresso(982552964)#0' 3-max (real money) Seat #2 is the button
Seat 2: MathisKcr (940)
Seat 3: arkiond3 (560)
*** ANTE/BLINDS ***
MathisKcr posts small blind 30
arkiond3 posts big blind 60
Dealt to MathisKcr [Ts 3c]
*** PRE-FLOP *** 
MathisKcr calls 30
arkiond3 checks
*** FLOP *** [9d 3s Kh]
arkiond3 checks
MathisKcr bets 120
arkiond3 folds
MathisKcr collected 240 from pot
*** SUMMARY ***
Total pot 240 | No rake
Board: [9d 3s Kh]
Seat 2: MathisKcr (small blind) (button) won 240


Winamax Poker - Tournament "Expresso" buyIn: 0.46€ + 0.04€ level: 4 - HandId: #4220032846967865345-21-1756472397 - Holdem no limit (30/60) - 2025/08/29 12:59:57 UTC
Table: 'Expresso(982552964)#0' 3-max (real money) Seat #3 is the button
Seat 2: MathisKcr (1000)
Seat 3: arkiond3 (500)
*** ANTE/BLINDS ***
arkiond3 posts small blind 30
MathisKcr posts big blind 60
Dealt to MathisKcr [Ah 8h]
*** PRE-FLOP *** 
arkiond3 folds
MathisKcr collected 90 from pot
*** SUMMARY ***
Total pot 90 | No rake
Seat 2: MathisKcr (big blind) won 90


Winamax Poker - Tournament "Expresso" buyIn: 0.46€ + 0.04€ level: 5 - HandId: #4220032846967865345-22-1756472406 - Holdem no limit (40/80) - 2025/08/29 13:00:06 UTC
Table: 'Expresso(982552964)#0' 3-max (real money) Seat #2 is the button
Seat 2: MathisKcr (1030)
Seat 3: arkiond3 (470)
*** ANTE/BLINDS ***
MathisKcr posts small blind 40
arkiond3 posts big blind 80
Dealt to MathisKcr [Ts Ac]
*** PRE-FLOP *** 
MathisKcr raises 80 to 160
arkiond3 folds
MathisKcr collected 240 from pot
*** SUMMARY ***
Total pot 240 | No rake
Seat 2: MathisKcr (small blind) (button) won 240


Winamax Poker - Tournament "Expresso" buyIn: 0.46€ + 0.04€ level: 5 - HandId: #4220032846967865345-23-1756472420 - Holdem no limit (40/80) - 2025/08/29 13:00:20 UTC
Table: 'Expresso(982552964)#0' 3-max (real money) Seat #3 is the button
Seat 2: MathisKcr (1110)
Seat 3: arkiond3 (390)
*** ANTE/BLINDS ***
arkiond3 posts small blind 40
MathisKcr posts big blind 80
Dealt to MathisKcr [8s 7h]
*** PRE-FLOP *** 
arkiond3 raises 310 to 390 and is all-in
MathisKcr folds
arkiond3 collected 470 from pot
*** SUMMARY ***
Total pot 470 | No rake
Seat 3: arkiond3 (small blind) (button) won 470


Winamax Poker - Tournament "Expresso" buyIn: 0.46€ + 0.04€ level: 5 - HandId: #4220032846967865345-24-1756472432 - Holdem no limit (40/80) - 2025/08/29 13:00:32 UTC
Table: 'Expresso(982552964)#0' 3-max (real money) Seat #2 is the button
Seat 2: MathisKcr (1030)
Seat 3: arkiond3 (470)
*** ANTE/BLINDS ***
MathisKcr posts small blind 40
arkiond3 posts big blind 80
Dealt to MathisKcr [Kd Js]
*** PRE-FLOP *** 
MathisKcr raises 80 to 160
arkiond3 calls 80
*** FLOP *** [Qd Th 8d]
arkiond3 bets 310 and is all-in
MathisKcr calls 310
*** TURN *** [Qd Th 8d][4h]
*** RIVER *** [Qd Th 8d 4h][Kh]
*** SHOW DOWN ***
arkiond3 shows [7c 9s] (High card : King)
MathisKcr shows [Kd Js] (One pair : Kings)
MathisKcr collected 940 from pot
*** SUMMARY ***
Total pot 940 | No rake
Board: [Qd Th 8d 4h Kh]
Seat 2: MathisKcr (small blind) (button) showed [Kd Js] and won 940 with One pair : Kings
Seat 3: arkiond3 (big blind) showed [7c 9s] and lost with High card : King


