Winamax Poker - Tournament "Starting Block WiPT" buyIn: 0€ + 0€ level: 1 - HandId: #4445346912920403969-1-1766319093 - Holdem no limit (10/20) - 2025/12/21 12:11:33 UTC
Table: 'Starting Block WiPT(1035012983)#0' 6-max (real money) Seat #3 is the button
Seat 1: Didouu1810 (1500)
Seat 2: MathisKcr (1500)
Seat 3: NCFA66200 (1500)
Seat 4: GLShark85777 (1500)
Seat 5: Biggy01500 (1500)
Seat 6: Illanho (1500)
*** ANTE/BLINDS ***
GLShark85777 posts small blind 10
Biggy01500 posts big blind 20
Dealt to MathisKcr [6d 5s]
*** PRE-FLOP *** 
Illanho raises 1480 to 1500 and is all-in
Didouu1810 folds
MathisKcr folds
NCFA66200 calls 1500 and is all-in
GLShark85777 folds
Biggy01500 calls 1480 and is all-in
*** FLOP *** [Td 2h Jd]
*** TURN *** [Td 2h Jd][Js]
*** RIVER *** [Td 2h Jd Js][8c]
*** SHOW DOWN ***
NCFA66200 shows [Kc 3d] (One pair : Jacks)
Biggy01500 shows [7s 7h] (Two pairs : Jacks and 7)
Illanho shows [Ks Kd] (Two pairs : Kings and Jacks)
Illanho collected 4510 from pot
*** SUMMARY ***
Total pot 4510 | No rake
Board: [Td 2h Jd Js 8c]
Seat 3: NCFA66200 (button) showed [Kc 3d] and lost with One pair : Jacks
Seat 5: Biggy01500 (big blind) showed [7s 7h] and lost with Two pairs : Jacks and 7
Seat 6: Illanho showed [Ks Kd] and won 4510 with Two pairs : Kings and Jacks


Winamax Poker - Tournament "Starting Block WiPT" buyIn: 0€ + 0€ level: 1 - HandId: #4445346912920403969-2-1766319124 - Holdem no limit (10/20) - 2025/12/21 12:12:04 UTC
Table: 'Starting Block WiPT(1035012983)#0' 6-max (real money) Seat #4 is the button
Seat 1: Didouu1810 (1500)
Seat 2: MathisKcr (1500)
Seat 4: GLShark85777 (1490)
Seat 6: Illanho (4510)
*** ANTE/BLINDS ***
Illanho posts big blind 20
Dealt to MathisKcr [Kh 3h]
*** PRE-FLOP *** 
Didouu1810 folds
MathisKcr calls 20
GLShark85777 calls 20
Illanho checks
*** FLOP *** [Ts 5c 2h]
Illanho checks
MathisKcr bets 20
GLShark85777 folds
Illanho calls 20
*** TURN *** [Ts 5c 2h][7s]
Illanho checks
MathisKcr bets 20
Illanho folds
MathisKcr collected 120 from pot
*** SUMMARY ***
Total pot 120 | No rake
Board: [Ts 5c 2h 7s]
Seat 2: MathisKcr won 120


Winamax Poker - Tournament "Starting Block WiPT" buyIn: 0€ + 0€ level: 1 - HandId: #4445346912920403969-3-1766319150 - Holdem no limit (10/20) - 2025/12/21 12:12:30 UTC
Table: 'Starting Block WiPT(1035012983)#0' 6-max (real money) Seat #5 is the button
Seat 1: Didouu1810 (1500)
Seat 2: MathisKcr (1560)
Seat 4: GLShark85777 (1470)
Seat 6: Illanho (4470)
*** ANTE/BLINDS ***
Illanho posts small blind 10
Didouu1810 posts big blind 20
Dealt to MathisKcr [2d Qc]
*** PRE-FLOP *** 
MathisKcr calls 20
GLShark85777 calls 20
Illanho folds
Didouu1810 checks
*** FLOP *** [Ts Kc 4h]
Didouu1810 checks
MathisKcr bets 40
GLShark85777 calls 40
Didouu1810 folds
*** TURN *** [Ts Kc 4h][3d]
MathisKcr checks
GLShark85777 checks
*** RIVER *** [Ts Kc 4h 3d][5s]
MathisKcr bets 60
GLShark85777 raises 60 to 120
MathisKcr folds
GLShark85777 collected 330 from pot
*** SUMMARY ***
Total pot 330 | No rake
Board: [Ts Kc 4h 3d 5s]
Seat 4: GLShark85777 won 330


Winamax Poker - Tournament "Starting Block WiPT" buyIn: 0€ + 0€ level: 2 - HandId: #4445346912920403969-4-1766319198 - Holdem no limit (15/30) - 2025/12/21 12:13:18 UTC
Table: 'Starting Block WiPT(1035012983)#0' 6-max (real money) Seat #6 is the button
Seat 1: Didouu1810 (1480)
Seat 2: MathisKcr (1440)
Seat 4: GLShark85777 (1620)
Seat 6: Illanho (4460)
*** ANTE/BLINDS ***
Didouu1810 posts small blind 15
MathisKcr posts big blind 30
Dealt to MathisKcr [As 4c]
*** PRE-FLOP *** 
GLShark85777 calls 30
Illanho folds
Didouu1810 raises 1450 to 1480 and is all-in
MathisKcr calls 1410 and is all-in
GLShark85777 folds
*** FLOP *** [Tc 7h 4d]
*** TURN *** [Tc 7h 4d][4s]
*** RIVER *** [Tc 7h 4d 4s][4h]
*** SHOW DOWN ***
Didouu1810 shows [7d Kd] (Full of 4 and 7)
MathisKcr shows [As 4c] (Quads of 4)
MathisKcr collected 2910 from main pot
Didouu1810 collected 40 from side pot 1
*** SUMMARY ***
Total pot 2950 | No rake
Board: [Tc 7h 4d 4s 4h]
Seat 1: Didouu1810 (small blind) showed [7d Kd] and won 40 with Full of 4 and 7
Seat 2: MathisKcr (big blind) showed [As 4c] and won 2910 with Quads of 4


Winamax Poker - Tournament "Starting Block WiPT" buyIn: 0€ + 0€ level: 2 - HandId: #4445346912920403969-5-1766319217 - Holdem no limit (15/30) - 2025/12/21 12:13:37 UTC
Table: 'Starting Block WiPT(1035012983)#0' 6-max (real money) Seat #1 is the button
Seat 1: Didouu1810 (40)
Seat 2: MathisKcr (2910)
Seat 4: GLShark85777 (1590)
Seat 6: Illanho (4460)
*** ANTE/BLINDS ***
MathisKcr posts small blind 15
GLShark85777 posts big blind 30
Dealt to MathisKcr [Kc Qh]
*** PRE-FLOP *** 
Illanho folds
Didouu1810 raises 10 to 40 and is all-in
MathisKcr raises 30 to 70
GLShark85777 calls 40
*** FLOP *** [Ts Tc 6c]
MathisKcr bets 90
GLShark85777 calls 90
*** TURN *** [Ts Tc 6c][5c]
MathisKcr checks
GLShark85777 checks
*** RIVER *** [Ts Tc 6c 5c][9s]
MathisKcr bets 120
GLShark85777 calls 120
*** SHOW DOWN ***
MathisKcr shows [Kc Qh] (One pair : Tens)
Didouu1810 shows [Ks Td] (Trips of Tens)
GLShark85777 shows [4s 9h] (Two pairs : Tens and 9)
GLShark85777 collected 480 from side pot 1
Didouu1810 collected 120 from main pot
*** SUMMARY ***
Total pot 600 | No rake
Board: [Ts Tc 6c 5c 9s]
Seat 1: Didouu1810 (button) showed [Ks Td] and won 120 with Trips of Tens
Seat 2: MathisKcr (small blind) showed [Kc Qh] and lost with One pair : Tens
Seat 4: GLShark85777 (big blind) showed [4s 9h] and won 480 with Two pairs : Tens and 9


Winamax Poker - Tournament "Starting Block WiPT" buyIn: 0€ + 0€ level: 3 - HandId: #4445346912920403969-6-1766319278 - Holdem no limit (20/40) - 2025/12/21 12:14:38 UTC
Table: 'Starting Block WiPT(1035012983)#0' 6-max (real money) Seat #2 is the button
Seat 1: Didouu1810 (120)
Seat 2: MathisKcr (2630)
Seat 4: GLShark85777 (1790)
Seat 6: Illanho (4460)
*** ANTE/BLINDS ***
GLShark85777 posts small blind 20
Illanho posts big blind 40
Dealt to MathisKcr [4d 2s]
*** PRE-FLOP *** 
Didouu1810 raises 80 to 120 and is all-in
MathisKcr folds
GLShark85777 calls 100
Illanho calls 80
*** FLOP *** [Kd Kc Jc]
GLShark85777 checks
Illanho bets 360
GLShark85777 calls 360
*** TURN *** [Kd Kc Jc][3h]
GLShark85777 checks
Illanho checks
*** RIVER *** [Kd Kc Jc 3h][6h]
GLShark85777 checks
Illanho checks
*** SHOW DOWN ***
Didouu1810 shows [Ad 7d] (One pair : Kings)
GLShark85777 shows [Qc Ts] (One pair : Kings)
Illanho shows [5d 6d] (Two pairs : Kings and 6)
Illanho collected 1080 from pot
*** SUMMARY ***
Total pot 1080 | No rake
Board: [Kd Kc Jc 3h 6h]
Seat 1: Didouu1810 showed [Ad 7d] and lost with One pair : Kings
Seat 4: GLShark85777 (small blind) showed [Qc Ts] and lost with One pair : Kings
Seat 6: Illanho (big blind) showed [5d 6d] and won 1080 with Two pairs : Kings and 6


Winamax Poker - Tournament "Starting Block WiPT" buyIn: 0€ + 0€ level: 3 - HandId: #4445346912920403969-7-1766319314 - Holdem no limit (20/40) - 2025/12/21 12:15:14 UTC
Table: 'Starting Block WiPT(1035012983)#0' 6-max (real money) Seat #4 is the button
Seat 2: MathisKcr (2630)
Seat 4: GLShark85777 (1310)
Seat 6: Illanho (5060)
*** ANTE/BLINDS ***
Illanho posts small blind 20
MathisKcr posts big blind 40
Dealt to MathisKcr [Ts Qh]
*** PRE-FLOP *** 
GLShark85777 calls 40
Illanho raises 40 to 80
MathisKcr calls 40
GLShark85777 calls 40
*** FLOP *** [Td 5c 6d]
Illanho bets 40
MathisKcr raises 80 to 120
GLShark85777 folds
Illanho calls 80
*** TURN *** [Td 5c 6d][8c]
Illanho checks
MathisKcr bets 160
Illanho calls 160
*** RIVER *** [Td 5c 6d 8c][7s]
Illanho checks
MathisKcr checks
*** SHOW DOWN ***
MathisKcr shows [Ts Qh] (One pair : Tens)
Illanho shows [4c 3d] (Straight 8 high)
Illanho collected 800 from pot
*** SUMMARY ***
Total pot 800 | No rake
Board: [Td 5c 6d 8c 7s]
Seat 2: MathisKcr (big blind) showed [Ts Qh] and lost with One pair : Tens
Seat 6: Illanho (small blind) showed [4c 3d] and won 800 with Straight 8 high


Winamax Poker - Tournament "Starting Block WiPT" buyIn: 0€ + 0€ level: 3 - HandId: #4445346912920403969-8-1766319353 - Holdem no limit (20/40) - 2025/12/21 12:15:53 UTC
Table: 'Starting Block WiPT(1035012983)#0' 6-max (real money) Seat #6 is the button
Seat 2: MathisKcr (2270)
Seat 4: GLShark85777 (1230)
Seat 6: Illanho (5500)
*** ANTE/BLINDS ***
MathisKcr posts small blind 20
GLShark85777 posts big blind 40
Dealt to MathisKcr [Qh 4d]
*** PRE-FLOP *** 
Illanho folds
MathisKcr raises 40 to 80
GLShark85777 calls 40
*** FLOP *** [5s 9c 5h]
MathisKcr checks
GLShark85777 checks
*** TURN *** [5s 9c 5h][6h]
MathisKcr checks
GLShark85777 checks
*** RIVER *** [5s 9c 5h 6h][Jh]
MathisKcr checks
GLShark85777 checks
*** SHOW DOWN ***
MathisKcr shows [Qh 4d] (One pair : 5)
GLShark85777 shows [As 2c] (One pair : 5)
GLShark85777 collected 160 from pot
*** SUMMARY ***
Total pot 160 | No rake
Board: [5s 9c 5h 6h Jh]
Seat 2: MathisKcr (small blind) showed [Qh 4d] and lost with One pair : 5
Seat 4: GLShark85777 (big blind) showed [As 2c] and won 160 with One pair : 5


Winamax Poker - Tournament "Starting Block WiPT" buyIn: 0€ + 0€ level: 4 - HandId: #4445346912920403969-9-1766319399 - Holdem no limit (30/60) - 2025/12/21 12:16:39 UTC
Table: 'Starting Block WiPT(1035012983)#0' 6-max (real money) Seat #2 is the button
Seat 2: MathisKcr (2190)
Seat 4: GLShark85777 (1310)
Seat 6: Illanho (5500)
*** ANTE/BLINDS ***
GLShark85777 posts small blind 30
Illanho posts big blind 60
Dealt to MathisKcr [3d Kd]
*** PRE-FLOP *** 
MathisKcr raises 60 to 120
GLShark85777 folds
Illanho folds
MathisKcr collected 210 from pot
*** SUMMARY ***
Total pot 210 | No rake
Seat 2: MathisKcr (button) won 210


Winamax Poker - Tournament "Starting Block WiPT" buyIn: 0€ + 0€ level: 4 - HandId: #4445346912920403969-10-1766319414 - Holdem no limit (30/60) - 2025/12/21 12:16:54 UTC
Table: 'Starting Block WiPT(1035012983)#0' 6-max (real money) Seat #4 is the button
Seat 2: MathisKcr (2280)
Seat 4: GLShark85777 (1280)
Seat 6: Illanho (5440)
*** ANTE/BLINDS ***
Illanho posts small blind 30
MathisKcr posts big blind 60
Dealt to MathisKcr [Ks Tc]
*** PRE-FLOP *** 
GLShark85777 calls 60
Illanho calls 30
MathisKcr checks
*** FLOP *** [4s 9d 7s]
Illanho bets 60
MathisKcr calls 60
GLShark85777 calls 60
*** TURN *** [4s 9d 7s][5d]
Illanho checks
MathisKcr checks
GLShark85777 checks
*** RIVER *** [4s 9d 7s 5d][3h]
Illanho bets 126
MathisKcr folds
GLShark85777 folds
Illanho collected 486 from pot
*** SUMMARY ***
Total pot 486 | No rake
Board: [4s 9d 7s 5d 3h]
Seat 6: Illanho (small blind) won 486


Winamax Poker - Tournament "Starting Block WiPT" buyIn: 0€ + 0€ level: 4 - HandId: #4445346912920403969-11-1766319446 - Holdem no limit (30/60) - 2025/12/21 12:17:26 UTC
Table: 'Starting Block WiPT(1035012983)#0' 6-max (real money) Seat #6 is the button
Seat 2: MathisKcr (2160)
Seat 4: GLShark85777 (1160)
Seat 6: Illanho (5680)
*** ANTE/BLINDS ***
MathisKcr posts small blind 30
GLShark85777 posts big blind 60
Dealt to MathisKcr [2s 8c]
*** PRE-FLOP *** 
Illanho calls 60
MathisKcr folds
GLShark85777 checks
*** FLOP *** [Kh Jh 2h]
GLShark85777 checks
Illanho checks
*** TURN *** [Kh Jh 2h][8d]
GLShark85777 checks
Illanho checks
*** RIVER *** [Kh Jh 2h 8d][9c]
GLShark85777 checks
Illanho checks
*** SHOW DOWN ***
Illanho shows [7c 5d] (High card : King)
GLShark85777 shows [4c 8s] (One pair : 8)
GLShark85777 collected 150 from pot
*** SUMMARY ***
Total pot 150 | No rake
Board: [Kh Jh 2h 8d 9c]
Seat 4: GLShark85777 (big blind) showed [4c 8s] and won 150 with One pair : 8
Seat 6: Illanho (button) showed [7c 5d] and lost with High card : King


Winamax Poker - Tournament "Starting Block WiPT" buyIn: 0€ + 0€ level: 5 - HandId: #4445346912920403969-12-1766319474 - Holdem no limit (40/80) - 2025/12/21 12:17:54 UTC
Table: 'Starting Block WiPT(1035012983)#0' 6-max (real money) Seat #2 is the button
Seat 2: MathisKcr (2130)
Seat 4: GLShark85777 (1250)
Seat 6: Illanho (5620)
*** ANTE/BLINDS ***
GLShark85777 posts small blind 40
Illanho posts big blind 80
Dealt to MathisKcr [7d 9d]
*** PRE-FLOP *** 
MathisKcr raises 80 to 160
GLShark85777 folds
Illanho raises 320 to 480
MathisKcr raises 1650 to 2130 and is all-in
Illanho calls 1650
*** FLOP *** [7h 8d 4d]
*** TURN *** [7h 8d 4d][9s]
*** RIVER *** [7h 8d 4d 9s][Jh]
*** SHOW DOWN ***
MathisKcr shows [7d 9d] (Two pairs : 9 and 7)
Illanho shows [7c Td] (Straight Jack high)
Illanho collected 4300 from pot
*** SUMMARY ***
Total pot 4300 | No rake
Board: [7h 8d 4d 9s Jh]
Seat 2: MathisKcr (button) showed [7d 9d] and lost with Two pairs : 9 and 7
Seat 6: Illanho (big blind) showed [7c Td] and won 4300 with Straight Jack high


