Winamax Poker - Tournament "Expresso" buyIn: 0.46€ + 0.04€ level: 1 - HandId: #4340654164502642689-1-1761684995 - Holdem no limit (10/20) - 2025/10/28 20:56:35 UTC
Table: 'Expresso(1010637303)#0' 3-max (real money) Seat #2 is the button
Seat 1: alors15 (500)
Seat 2: Briamb (500)
Seat 3: MathisKcr (500)
*** ANTE/BLINDS ***
MathisKcr posts small blind 10
alors15 posts big blind 20
Dealt to MathisKcr [3c Qh]
*** PRE-FLOP *** 
Briamb folds
MathisKcr raises 20 to 40
alors15 calls 20
*** FLOP *** [4c 7s Jd]
MathisKcr checks
alors15 bets 28
MathisKcr folds
alors15 collected 108 from pot
*** SUMMARY ***
Total pot 108 | No rake
Board: [4c 7s Jd]
Seat 1: alors15 (big blind) won 108


Winamax Poker - Tournament "Expresso" buyIn: 0.46€ + 0.04€ level: 1 - HandId: #4340654164502642689-2-1761685014 - Holdem no limit (10/20) - 2025/10/28 20:56:54 UTC
Table: 'Expresso(1010637303)#0' 3-max (real money) Seat #3 is the button
Seat 1: alors15 (540)
Seat 2: Briamb (500)
Seat 3: MathisKcr (460)
*** ANTE/BLINDS ***
alors15 posts small blind 10
Briamb posts big blind 20
Dealt to MathisKcr [Qs 2d]
*** PRE-FLOP *** 
MathisKcr calls 20
alors15 calls 10
Briamb checks
*** FLOP *** [Ad As 9d]
alors15 checks
Briamb checks
MathisKcr checks
*** TURN *** [Ad As 9d][9s]
alors15 checks
Briamb bets 20
MathisKcr folds
alors15 raises 20 to 40
Briamb folds
alors15 collected 120 from pot
*** SUMMARY ***
Total pot 120 | No rake
Board: [Ad As 9d 9s]
Seat 1: alors15 (small blind) won 120


Winamax Poker - Tournament "Expresso" buyIn: 0.46€ + 0.04€ level: 1 - HandId: #4340654164502642689-3-1761685043 - Holdem no limit (10/20) - 2025/10/28 20:57:23 UTC
Table: 'Expresso(1010637303)#0' 3-max (real money) Seat #1 is the button
Seat 1: alors15 (600)
Seat 2: Briamb (460)
Seat 3: MathisKcr (440)
*** ANTE/BLINDS ***
Briamb posts small blind 10
MathisKcr posts big blind 20
Dealt to MathisKcr [Td Qd]
*** PRE-FLOP *** 
alors15 folds
Briamb calls 10
MathisKcr raises 20 to 40
Briamb calls 20
*** FLOP *** [Jc 2c 5h]
Briamb checks
MathisKcr bets 400 and is all-in
Briamb folds
MathisKcr collected 480 from pot
*** SUMMARY ***
Total pot 480 | No rake
Board: [Jc 2c 5h]
Seat 3: MathisKcr (big blind) won 480


Winamax Poker - Tournament "Expresso" buyIn: 0.46€ + 0.04€ level: 1 - HandId: #4340654164502642689-4-1761685070 - Holdem no limit (10/20) - 2025/10/28 20:57:50 UTC
Table: 'Expresso(1010637303)#0' 3-max (real money) Seat #2 is the button
Seat 1: alors15 (600)
Seat 2: Briamb (420)
Seat 3: MathisKcr (480)
*** ANTE/BLINDS ***
MathisKcr posts small blind 10
alors15 posts big blind 20
Dealt to MathisKcr [Qs 2d]
*** PRE-FLOP *** 
Briamb calls 20
MathisKcr calls 10
alors15 checks
*** FLOP *** [7d 3s 2s]
MathisKcr checks
alors15 checks
Briamb checks
*** TURN *** [7d 3s 2s][4s]
MathisKcr bets 39
alors15 calls 39
Briamb raises 39 to 78
MathisKcr calls 39
alors15 folds
*** RIVER *** [7d 3s 2s 4s][9c]
MathisKcr checks
Briamb bets 20
MathisKcr calls 20
*** SHOW DOWN ***
Briamb shows [As 6d] (High card : Ace)
MathisKcr shows [Qs 2d] (One pair : 2)
MathisKcr collected 295 from pot
*** SUMMARY ***
Total pot 295 | No rake
Board: [7d 3s 2s 4s 9c]
Seat 2: Briamb (button) showed [As 6d] and lost with High card : Ace
Seat 3: MathisKcr (small blind) showed [Qs 2d] and won 295 with One pair : 2


Winamax Poker - Tournament "Expresso" buyIn: 0.46€ + 0.04€ level: 2 - HandId: #4340654164502642689-5-1761685110 - Holdem no limit (15/30) - 2025/10/28 20:58:30 UTC
Table: 'Expresso(1010637303)#0' 3-max (real money) Seat #3 is the button
Seat 1: alors15 (541)
Seat 2: Briamb (302)
Seat 3: MathisKcr (657)
*** ANTE/BLINDS ***
alors15 posts small blind 15
Briamb posts big blind 30
Dealt to MathisKcr [3s Qh]
*** PRE-FLOP *** 
MathisKcr calls 30
alors15 raises 30 to 60
Briamb calls 30
MathisKcr calls 30
*** FLOP *** [6h 9c 3h]
alors15 bets 63
Briamb folds
MathisKcr calls 63
*** TURN *** [6h 9c 3h][3d]
alors15 bets 107
MathisKcr raises 107 to 214
alors15 calls 107
*** RIVER *** [6h 9c 3h 3d][7d]
alors15 bets 204 and is all-in
MathisKcr calls 204
*** SHOW DOWN ***
alors15 shows [Js Jd] (Two pairs : Jacks and 3)
MathisKcr shows [3s Qh] (Trips of 3)
MathisKcr collected 1142 from pot
*** SUMMARY ***
Total pot 1142 | No rake
Board: [6h 9c 3h 3d 7d]
Seat 1: alors15 (small blind) showed [Js Jd] and lost with Two pairs : Jacks and 3
Seat 3: MathisKcr (button) showed [3s Qh] and won 1142 with Trips of 3


Winamax Poker - Tournament "Expresso" buyIn: 0.46€ + 0.04€ level: 2 - HandId: #4340654164502642689-6-1761685172 - Holdem no limit (15/30) - 2025/10/28 20:59:32 UTC
Table: 'Expresso(1010637303)#0' 3-max (real money) Seat #2 is the button
Seat 2: Briamb (242)
Seat 3: MathisKcr (1258)
*** ANTE/BLINDS ***
Briamb posts small blind 15
MathisKcr posts big blind 30
Dealt to MathisKcr [Kd Js]
*** PRE-FLOP *** 
Briamb calls 15
MathisKcr raises 30 to 60
Briamb folds
MathisKcr collected 90 from pot
*** SUMMARY ***
Total pot 90 | No rake
Seat 3: MathisKcr (big blind) won 90


Winamax Poker - Tournament "Expresso" buyIn: 0.46€ + 0.04€ level: 3 - HandId: #4340654164502642689-7-1761685184 - Holdem no limit (20/40) - 2025/10/28 20:59:44 UTC
Table: 'Expresso(1010637303)#0' 3-max (real money) Seat #3 is the button
Seat 2: Briamb (212)
Seat 3: MathisKcr (1288)
*** ANTE/BLINDS ***
MathisKcr posts small blind 20
Briamb posts big blind 40
Dealt to MathisKcr [Kc 8h]
*** PRE-FLOP *** 
MathisKcr raises 40 to 80
Briamb folds
MathisKcr collected 120 from pot
*** SUMMARY ***
Total pot 120 | No rake
Seat 3: MathisKcr (small blind) (button) won 120


Winamax Poker - Tournament "Expresso" buyIn: 0.46€ + 0.04€ level: 3 - HandId: #4340654164502642689-8-1761685193 - Holdem no limit (20/40) - 2025/10/28 20:59:53 UTC
Table: 'Expresso(1010637303)#0' 3-max (real money) Seat #2 is the button
Seat 2: Briamb (172)
Seat 3: MathisKcr (1328)
*** ANTE/BLINDS ***
Briamb posts small blind 20
MathisKcr posts big blind 40
Dealt to MathisKcr [7h Js]
*** PRE-FLOP *** 
Briamb raises 132 to 172 and is all-in
MathisKcr folds
Briamb collected 212 from pot
*** SUMMARY ***
Total pot 212 | No rake
Seat 2: Briamb (small blind) (button) won 212


Winamax Poker - Tournament "Expresso" buyIn: 0.46€ + 0.04€ level: 3 - HandId: #4340654164502642689-9-1761685202 - Holdem no limit (20/40) - 2025/10/28 21:00:02 UTC
Table: 'Expresso(1010637303)#0' 3-max (real money) Seat #3 is the button
Seat 2: Briamb (212)
Seat 3: MathisKcr (1288)
*** ANTE/BLINDS ***
MathisKcr posts small blind 20
Briamb posts big blind 40
Dealt to MathisKcr [7d Qh]
*** PRE-FLOP *** 
MathisKcr calls 20
Briamb checks
*** FLOP *** [As Ks Qc]
Briamb checks
MathisKcr bets 80
Briamb calls 80
*** TURN *** [As Ks Qc][Jc]
Briamb checks
MathisKcr bets 120
Briamb calls 92 and is all-in
*** RIVER *** [As Ks Qc Jc][7h]
*** SHOW DOWN ***
Briamb shows [2s 5s] (High card : Ace)
MathisKcr shows [7d Qh] (Two pairs : Queens and 7)
MathisKcr collected 452 from pot
*** SUMMARY ***
Total pot 452 | No rake
Board: [As Ks Qc Jc 7h]
Seat 2: Briamb (big blind) showed [2s 5s] and lost with High card : Ace
Seat 3: MathisKcr (small blind) (button) showed [7d Qh] and won 452 with Two pairs : Queens and 7


