Winamax Poker - Tournament "Expresso Nitro" buyIn: 0.46€ + 0.04€ level: 1 - HandId: #4443893126620250113-1-1766248822 - Holdem no limit (10/20) - 2025/12/20 16:40:22 UTC
Table: 'Expresso Nitro(1034674497)#0' 3-max (real money) Seat #3 is the button
Seat 1: jamjam953 (300)
Seat 2: MathisKcr (300)
Seat 3: Lorette34 (300)
*** ANTE/BLINDS ***
jamjam953 posts small blind 10
MathisKcr posts big blind 20
Dealt to MathisKcr [Td Qh]
*** PRE-FLOP *** 
Lorette34 calls 20
jamjam953 calls 10
MathisKcr raises 20 to 40
Lorette34 calls 20
jamjam953 calls 20
*** FLOP *** [2h 3d 2c]
jamjam953 checks
MathisKcr bets 20
Lorette34 calls 20
jamjam953 calls 20
*** TURN *** [2h 3d 2c][Th]
jamjam953 checks
MathisKcr bets 40
Lorette34 calls 40
jamjam953 calls 40
*** RIVER *** [2h 3d 2c Th][Kd]
jamjam953 checks
MathisKcr bets 200 and is all-in
Lorette34 calls 200 and is all-in
jamjam953 folds
*** SHOW DOWN ***
MathisKcr shows [Td Qh] (Two pairs : Tens and 2)
Lorette34 shows [Jh 2s] (Trips of 2)
Lorette34 collected 700 from pot
*** SUMMARY ***
Total pot 700 | No rake
Board: [2h 3d 2c Th Kd]
Seat 2: MathisKcr (big blind) showed [Td Qh] and lost with Two pairs : Tens and 2
Seat 3: Lorette34 (button) showed [Jh 2s] and won 700 with Trips of 2


