Winamax Poker - Tournament "Expresso" buyIn: 0.46€ + 0.04€ level: 1 - HandId: #4449995751161856001-1-1766512201 - Holdem no limit (10/20) - 2025/12/23 17:50:01 UTC
Table: 'Expresso(1036095375)#0' 3-max (real money) Seat #3 is the button
Seat 1: Hyene2878 (500)
Seat 2: MathisKcr (500)
Seat 3: Burajiii (500)
*** ANTE/BLINDS ***
Hyene2878 posts small blind 10
MathisKcr posts big blind 20
Dealt to MathisKcr [Td 3d]
*** PRE-FLOP *** 
Burajiii folds
Hyene2878 calls 10
MathisKcr checks
*** FLOP *** [7s 8c 5d]
Hyene2878 bets 20
MathisKcr calls 20
*** TURN *** [7s 8c 5d][2h]
Hyene2878 bets 20
MathisKcr calls 20
*** RIVER *** [7s 8c 5d 2h][Qd]
Hyene2878 bets 20
MathisKcr folds
Hyene2878 collected 140 from pot
*** SUMMARY ***
Total pot 140 | No rake
Board: [7s 8c 5d 2h Qd]
Seat 1: Hyene2878 (small blind) won 140


Winamax Poker - Tournament "Expresso" buyIn: 0.46€ + 0.04€ level: 1 - HandId: #4449995751161856001-2-1766512216 - Holdem no limit (10/20) - 2025/12/23 17:50:16 UTC
Table: 'Expresso(1036095375)#0' 3-max (real money) Seat #1 is the button
Seat 1: Hyene2878 (560)
Seat 2: MathisKcr (440)
Seat 3: Burajiii (500)
*** ANTE/BLINDS ***
MathisKcr posts small blind 10
Burajiii posts big blind 20
Dealt to MathisKcr [5h 8h]
*** PRE-FLOP *** 
Hyene2878 folds
MathisKcr raises 20 to 40
Burajiii calls 20
*** FLOP *** [Ac 2h 8s]
MathisKcr bets 50
Burajiii folds
MathisKcr collected 130 from pot
*** SUMMARY ***
Total pot 130 | No rake
Board: [Ac 2h 8s]
Seat 2: MathisKcr (small blind) won 130


Winamax Poker - Tournament "Expresso" buyIn: 0.46€ + 0.04€ level: 1 - HandId: #4449995751161856001-3-1766512237 - Holdem no limit (10/20) - 2025/12/23 17:50:37 UTC
Table: 'Expresso(1036095375)#0' 3-max (real money) Seat #2 is the button
Seat 1: Hyene2878 (560)
Seat 2: MathisKcr (480)
Seat 3: Burajiii (460)
*** ANTE/BLINDS ***
Burajiii posts small blind 10
Hyene2878 posts big blind 20
Dealt to MathisKcr [2h 4h]
*** PRE-FLOP *** 
MathisKcr folds
Burajiii raises 440 to 460 and is all-in
Hyene2878 folds
Burajiii collected 480 from pot
*** SUMMARY ***
Total pot 480 | No rake
Seat 3: Burajiii (small blind) won 480


Winamax Poker - Tournament "Expresso" buyIn: 0.46€ + 0.04€ level: 1 - HandId: #4449995751161856001-4-1766512249 - Holdem no limit (10/20) - 2025/12/23 17:50:49 UTC
Table: 'Expresso(1036095375)#0' 3-max (real money) Seat #3 is the button
Seat 1: Hyene2878 (540)
Seat 2: MathisKcr (480)
Seat 3: Burajiii (480)
*** ANTE/BLINDS ***
Hyene2878 posts small blind 10
MathisKcr posts big blind 20
Dealt to MathisKcr [9s 3d]
*** PRE-FLOP *** 
Burajiii raises 460 to 480 and is all-in
Hyene2878 folds
MathisKcr folds
Burajiii collected 510 from pot
*** SUMMARY ***
Total pot 510 | No rake
Seat 3: Burajiii (button) won 510


Winamax Poker - Tournament "Expresso" buyIn: 0.46€ + 0.04€ level: 1 - HandId: #4449995751161856001-5-1766512258 - Holdem no limit (10/20) - 2025/12/23 17:50:58 UTC
Table: 'Expresso(1036095375)#0' 3-max (real money) Seat #1 is the button
Seat 1: Hyene2878 (530)
Seat 2: MathisKcr (460)
Seat 3: Burajiii (510)
*** ANTE/BLINDS ***
MathisKcr posts small blind 10
Burajiii posts big blind 20
Dealt to MathisKcr [5c 5h]
*** PRE-FLOP *** 
Hyene2878 calls 20
MathisKcr raises 440 to 460 and is all-in
Burajiii folds
Hyene2878 folds
MathisKcr collected 500 from pot
*** SUMMARY ***
Total pot 500 | No rake
Seat 2: MathisKcr (small blind) won 500


Winamax Poker - Tournament "Expresso" buyIn: 0.46€ + 0.04€ level: 1 - HandId: #4449995751161856001-6-1766512273 - Holdem no limit (10/20) - 2025/12/23 17:51:13 UTC
Table: 'Expresso(1036095375)#0' 3-max (real money) Seat #2 is the button
Seat 1: Hyene2878 (510)
Seat 2: MathisKcr (500)
Seat 3: Burajiii (490)
*** ANTE/BLINDS ***
Burajiii posts small blind 10
Hyene2878 posts big blind 20
Dealt to MathisKcr [Jh 3d]
*** PRE-FLOP *** 
MathisKcr folds
Burajiii folds
Hyene2878 collected 30 from pot
*** SUMMARY ***
Total pot 30 | No rake
Seat 1: Hyene2878 (big blind) won 30


Winamax Poker - Tournament "Expresso" buyIn: 0.46€ + 0.04€ level: 2 - HandId: #4449995751161856001-7-1766512291 - Holdem no limit (15/30) - 2025/12/23 17:51:31 UTC
Table: 'Expresso(1036095375)#0' 3-max (real money) Seat #3 is the button
Seat 1: Hyene2878 (520)
Seat 2: MathisKcr (500)
Seat 3: Burajiii (480)
*** ANTE/BLINDS ***
Hyene2878 posts small blind 15
MathisKcr posts big blind 30
Dealt to MathisKcr [Tc 3s]
*** PRE-FLOP *** 
Burajiii raises 450 to 480 and is all-in
Hyene2878 folds
MathisKcr folds
Burajiii collected 525 from pot
*** SUMMARY ***
Total pot 525 | No rake
Seat 3: Burajiii (button) won 525


Winamax Poker - Tournament "Expresso" buyIn: 0.46€ + 0.04€ level: 2 - HandId: #4449995751161856001-8-1766512306 - Holdem no limit (15/30) - 2025/12/23 17:51:46 UTC
Table: 'Expresso(1036095375)#0' 3-max (real money) Seat #1 is the button
Seat 1: Hyene2878 (505)
Seat 2: MathisKcr (470)
Seat 3: Burajiii (525)
*** ANTE/BLINDS ***
MathisKcr posts small blind 15
Burajiii posts big blind 30
Dealt to MathisKcr [9d Qd]
*** PRE-FLOP *** 
Hyene2878 calls 30
MathisKcr raises 30 to 60
Burajiii folds
Hyene2878 calls 30
*** FLOP *** [Jd Ad 7d]
MathisKcr bets 60
Hyene2878 calls 60
*** TURN *** [Jd Ad 7d][6h]
MathisKcr bets 60
Hyene2878 calls 60
*** RIVER *** [Jd Ad 7d 6h][3c]
MathisKcr bets 90
Hyene2878 calls 90
*** SHOW DOWN ***
Hyene2878 shows [2c As] (One pair : Aces)
MathisKcr shows [9d Qd] (Flush Ace high)
MathisKcr collected 570 from pot
*** SUMMARY ***
Total pot 570 | No rake
Board: [Jd Ad 7d 6h 3c]
Seat 1: Hyene2878 (button) showed [2c As] and lost with One pair : Aces
Seat 2: MathisKcr (small blind) showed [9d Qd] and won 570 with Flush Ace high


Winamax Poker - Tournament "Expresso" buyIn: 0.46€ + 0.04€ level: 2 - HandId: #4449995751161856001-9-1766512349 - Holdem no limit (15/30) - 2025/12/23 17:52:29 UTC
Table: 'Expresso(1036095375)#0' 3-max (real money) Seat #2 is the button
Seat 1: Hyene2878 (235)
Seat 2: MathisKcr (770)
Seat 3: Burajiii (495)
*** ANTE/BLINDS ***
Burajiii posts small blind 15
Hyene2878 posts big blind 30
Dealt to MathisKcr [4h Jc]
*** PRE-FLOP *** 
MathisKcr raises 30 to 60
Burajiii raises 435 to 495 and is all-in
Hyene2878 calls 205 and is all-in
MathisKcr folds
*** FLOP *** [8c Kc Tc]
*** TURN *** [8c Kc Tc][4c]
*** RIVER *** [8c Kc Tc 4c][6h]
*** SHOW DOWN ***
Hyene2878 shows [3c 6c] (Flush King high)
Burajiii shows [6s Ks] (Two pairs : Kings and 6)
Burajiii collected 260 from side pot 1
Hyene2878 collected 530 from main pot
*** SUMMARY ***
Total pot 790 | No rake
Board: [8c Kc Tc 4c 6h]
Seat 1: Hyene2878 (big blind) showed [3c 6c] and won 530 with Flush King high
Seat 3: Burajiii (small blind) showed [6s Ks] and won 260 with Two pairs : Kings and 6


Winamax Poker - Tournament "Expresso" buyIn: 0.46€ + 0.04€ level: 2 - HandId: #4449995751161856001-10-1766512367 - Holdem no limit (15/30) - 2025/12/23 17:52:47 UTC
Table: 'Expresso(1036095375)#0' 3-max (real money) Seat #3 is the button
Seat 1: Hyene2878 (530)
Seat 2: MathisKcr (710)
Seat 3: Burajiii (260)
*** ANTE/BLINDS ***
Hyene2878 posts small blind 15
MathisKcr posts big blind 30
Dealt to MathisKcr [3s 2h]
*** PRE-FLOP *** 
Burajiii folds
Hyene2878 calls 15
MathisKcr checks
*** FLOP *** [4h Jd Qh]
Hyene2878 checks
MathisKcr bets 30
Hyene2878 calls 30
*** TURN *** [4h Jd Qh][Kd]
Hyene2878 checks
MathisKcr checks
*** RIVER *** [4h Jd Qh Kd][5s]
Hyene2878 bets 120
MathisKcr folds
Hyene2878 collected 240 from pot
*** SUMMARY ***
Total pot 240 | No rake
Board: [4h Jd Qh Kd 5s]
Seat 1: Hyene2878 (small blind) won 240


Winamax Poker - Tournament "Expresso" buyIn: 0.46€ + 0.04€ level: 3 - HandId: #4449995751161856001-11-1766512383 - Holdem no limit (20/40) - 2025/12/23 17:53:03 UTC
Table: 'Expresso(1036095375)#0' 3-max (real money) Seat #1 is the button
Seat 1: Hyene2878 (590)
Seat 2: MathisKcr (650)
Seat 3: Burajiii (260)
*** ANTE/BLINDS ***
MathisKcr posts small blind 20
Burajiii posts big blind 40
Dealt to MathisKcr [6c Ah]
*** PRE-FLOP *** 
Hyene2878 calls 40
MathisKcr raises 40 to 80
Burajiii raises 180 to 260 and is all-in
Hyene2878 folds
MathisKcr raises 390 to 650 and is all-in
*** FLOP *** [Js 5h 6d]
*** TURN *** [Js 5h 6d][5c]
*** RIVER *** [Js 5h 6d 5c][Jh]
*** SHOW DOWN ***
MathisKcr shows [6c Ah] (Two pairs : Jacks and 6)
Burajiii shows [Jd Ac] (Full of Jacks and 5)
Burajiii collected 560 from main pot
MathisKcr collected 390 from side pot 1
*** SUMMARY ***
Total pot 950 | No rake
Board: [Js 5h 6d 5c Jh]
Seat 2: MathisKcr (small blind) showed [6c Ah] and won 390 with Two pairs : Jacks and 6
Seat 3: Burajiii (big blind) showed [Jd Ac] and won 560 with Full of Jacks and 5


Winamax Poker - Tournament "Expresso" buyIn: 0.46€ + 0.04€ level: 3 - HandId: #4449995751161856001-12-1766512402 - Holdem no limit (20/40) - 2025/12/23 17:53:22 UTC
Table: 'Expresso(1036095375)#0' 3-max (real money) Seat #2 is the button
Seat 1: Hyene2878 (550)
Seat 2: MathisKcr (390)
Seat 3: Burajiii (560)
*** ANTE/BLINDS ***
Burajiii posts small blind 20
Hyene2878 posts big blind 40
Dealt to MathisKcr [6c 7s]
*** PRE-FLOP *** 
MathisKcr folds
Burajiii raises 520 to 560 and is all-in
Hyene2878 calls 510 and is all-in
*** FLOP *** [Jc 7h 4c]
*** TURN *** [Jc 7h 4c][5c]
*** RIVER *** [Jc 7h 4c 5c][5h]
*** SHOW DOWN ***
Hyene2878 shows [Qs Kd] (One pair : 5)
Burajiii shows [Ah 3h] (One pair : 5)
Burajiii collected 1110 from pot
*** SUMMARY ***
Total pot 1110 | No rake
Board: [Jc 7h 4c 5c 5h]
Seat 1: Hyene2878 (big blind) showed [Qs Kd] and lost with One pair : 5
Seat 3: Burajiii (small blind) showed [Ah 3h] and won 1110 with One pair : 5


Winamax Poker - Tournament "Expresso" buyIn: 0.46€ + 0.04€ level: 3 - HandId: #4449995751161856001-13-1766512416 - Holdem no limit (20/40) - 2025/12/23 17:53:36 UTC
Table: 'Expresso(1036095375)#0' 3-max (real money) Seat #2 is the button
Seat 2: MathisKcr (390)
Seat 3: Burajiii (1110)
*** ANTE/BLINDS ***
MathisKcr posts small blind 20
Burajiii posts big blind 40
Dealt to MathisKcr [5s 9h]
*** PRE-FLOP *** 
MathisKcr folds
Burajiii collected 60 from pot
*** SUMMARY ***
Total pot 60 | No rake
Seat 3: Burajiii (big blind) won 60


Winamax Poker - Tournament "Expresso" buyIn: 0.46€ + 0.04€ level: 3 - HandId: #4449995751161856001-14-1766512421 - Holdem no limit (20/40) - 2025/12/23 17:53:41 UTC
Table: 'Expresso(1036095375)#0' 3-max (real money) Seat #3 is the button
Seat 2: MathisKcr (370)
Seat 3: Burajiii (1130)
*** ANTE/BLINDS ***
Burajiii posts small blind 20
MathisKcr posts big blind 40
Dealt to MathisKcr [7s Ks]
*** PRE-FLOP *** 
Burajiii raises 1090 to 1130 and is all-in
MathisKcr calls 330 and is all-in
*** FLOP *** [Qd 5h Kc]
*** TURN *** [Qd 5h Kc][As]
*** RIVER *** [Qd 5h Kc As][9s]
*** SHOW DOWN ***
MathisKcr shows [7s Ks] (One pair : Kings)
Burajiii shows [Qh Kd] (Two pairs : Kings and Queens)
Burajiii collected 1500 from pot
*** SUMMARY ***
Total pot 1500 | No rake
Board: [Qd 5h Kc As 9s]
Seat 2: MathisKcr (big blind) showed [7s Ks] and lost with One pair : Kings
Seat 3: Burajiii (small blind) (button) showed [Qh Kd] and won 1500 with Two pairs : Kings and Queens


