Winamax Poker - Tournament "Expresso" buyIn: 0.46€ + 0.04€ level: 1 - HandId: #4349354488344084481-1-1762092340 - Holdem no limit (10/20) - 2025/11/02 14:05:40 UTC
Table: 'Expresso(1012663005)#0' 3-max (real money) Seat #2 is the button
Seat 1: MathisKcr (500)
Seat 2: FZone11 (500)
Seat 3: AKYHA MATATA (500)
*** ANTE/BLINDS ***
AKYHA MATATA posts small blind 10
MathisKcr posts big blind 20
Dealt to MathisKcr [Jc Ah]
*** PRE-FLOP *** 
FZone11 raises 50 to 70
AKYHA MATATA raises 430 to 500 and is all-in
MathisKcr calls 480 and is all-in
FZone11 calls 430 and is all-in
*** FLOP *** [Qd 7d As]
*** TURN *** [Qd 7d As][6d]
*** RIVER *** [Qd 7d As 6d][5d]
*** SHOW DOWN ***
MathisKcr shows [Jc Ah] (One pair : Aces)
AKYHA MATATA shows [8s Ac] (One pair : Aces)
FZone11 shows [Ts Td] (Flush Queen high)
FZone11 collected 1500 from pot
*** SUMMARY ***
Total pot 1500 | No rake
Board: [Qd 7d As 6d 5d]
Seat 1: MathisKcr (big blind) showed [Jc Ah] and lost with One pair : Aces
Seat 2: FZone11 (button) showed [Ts Td] and won 1500 with Flush Queen high
Seat 3: AKYHA MATATA (small blind) showed [8s Ac] and lost with One pair : Aces


