Winamax Poker - Tournament "Expresso Nitro" buyIn: 0.46€ + 0.04€ level: 1 - HandId: #4351282035306790913-1-1762177740 - Holdem no limit (10/20) - 2025/11/03 13:49:00 UTC
Table: 'Expresso Nitro(1013111797)#0' 3-max (real money) Seat #3 is the button
Seat 1: cianciana75 (300)
Seat 2: MathisKcr (300)
Seat 3: Kiks-NB1769 (300)
*** ANTE/BLINDS ***
cianciana75 posts small blind 10
MathisKcr posts big blind 20
Dealt to MathisKcr [Ks 9s]
*** PRE-FLOP *** 
Kiks-NB1769 folds
cianciana75 folds
MathisKcr collected 30 from pot
*** SUMMARY ***
Total pot 30 | No rake
Seat 2: MathisKcr (big blind) won 30


Winamax Poker - Tournament "Expresso Nitro" buyIn: 0.46€ + 0.04€ level: 1 - HandId: #4351282035306790913-2-1762177751 - Holdem no limit (10/20) - 2025/11/03 13:49:11 UTC
Table: 'Expresso Nitro(1013111797)#0' 3-max (real money) Seat #1 is the button
Seat 1: cianciana75 (290)
Seat 2: MathisKcr (310)
Seat 3: Kiks-NB1769 (300)
*** ANTE/BLINDS ***
MathisKcr posts small blind 10
Kiks-NB1769 posts big blind 20
Dealt to MathisKcr [Ac 7c]
*** PRE-FLOP *** 
cianciana75 folds
MathisKcr raises 20 to 40
Kiks-NB1769 raises 260 to 300 and is all-in
MathisKcr calls 260
*** FLOP *** [6h 9s Qc]
*** TURN *** [6h 9s Qc][4d]
*** RIVER *** [6h 9s Qc 4d][8s]
*** SHOW DOWN ***
MathisKcr shows [Ac 7c] (High card : Ace)
Kiks-NB1769 shows [Ad Qs] (One pair : Queens)
Kiks-NB1769 collected 600 from pot
*** SUMMARY ***
Total pot 600 | No rake
Board: [6h 9s Qc 4d 8s]
Seat 2: MathisKcr (small blind) showed [Ac 7c] and lost with High card : Ace
Seat 3: Kiks-NB1769 (big blind) showed [Ad Qs] and won 600 with One pair : Queens


Winamax Poker - Tournament "Expresso Nitro" buyIn: 0.46€ + 0.04€ level: 1 - HandId: #4351282035306790913-3-1762177766 - Holdem no limit (10/20) - 2025/11/03 13:49:26 UTC
Table: 'Expresso Nitro(1013111797)#0' 3-max (real money) Seat #2 is the button
Seat 1: cianciana75 (290)
Seat 2: MathisKcr (10)
Seat 3: Kiks-NB1769 (600)
*** ANTE/BLINDS ***
Kiks-NB1769 posts small blind 10
cianciana75 posts big blind 20
Dealt to MathisKcr [4c 8h]
*** PRE-FLOP *** 
MathisKcr calls 10 and is all-in
Kiks-NB1769 raises 20 to 40
cianciana75 calls 20
*** FLOP *** [9d Ac Th]
Kiks-NB1769 bets 20
cianciana75 folds
*** TURN *** [9d Ac Th][Kd]
*** RIVER *** [9d Ac Th Kd][Qs]
*** SHOW DOWN ***
MathisKcr shows [4c 8h] (High card : Ace)
Kiks-NB1769 shows [As 9c] (Two pairs : Aces and 9)
Kiks-NB1769 collected 110 from pot
*** SUMMARY ***
Total pot 110 | No rake
Board: [9d Ac Th Kd Qs]
Seat 2: MathisKcr (button) showed [4c 8h] and lost with High card : Ace
Seat 3: Kiks-NB1769 (small blind) showed [As 9c] and won 110 with Two pairs : Aces and 9


