Winamax Poker - Tournament "Expresso" buyIn: 0.46€ + 0.04€ level: 1 - HandId: #4345473396981628929-1-1761915954 - Holdem no limit (10/20) - 2025/10/31 13:05:54 UTC
Table: 'Expresso(1011759368)#0' 3-max (real money) Seat #1 is the button
Seat 1: imp4l4 (500)
Seat 2: MathisKcr (500)
Seat 3: Maxence0405 (500)
*** ANTE/BLINDS ***
MathisKcr posts small blind 10
Maxence0405 posts big blind 20
Dealt to MathisKcr [Ks 3d]
*** PRE-FLOP *** 
imp4l4 folds
MathisKcr raises 20 to 40
Maxence0405 calls 20
*** FLOP *** [Js 8c 6c]
MathisKcr checks
Maxence0405 bets 80
MathisKcr folds
Maxence0405 collected 160 from pot
*** SUMMARY ***
Total pot 160 | No rake
Board: [Js 8c 6c]
Seat 3: Maxence0405 (big blind) won 160


Winamax Poker - Tournament "Expresso" buyIn: 0.46€ + 0.04€ level: 1 - HandId: #4345473396981628929-2-1761915969 - Holdem no limit (10/20) - 2025/10/31 13:06:09 UTC
Table: 'Expresso(1011759368)#0' 3-max (real money) Seat #2 is the button
Seat 1: imp4l4 (500)
Seat 2: MathisKcr (460)
Seat 3: Maxence0405 (540)
*** ANTE/BLINDS ***
Maxence0405 posts small blind 10
imp4l4 posts big blind 20
Dealt to MathisKcr [9h 3h]
*** PRE-FLOP *** 
MathisKcr folds
Maxence0405 calls 10
imp4l4 raises 40 to 60
Maxence0405 calls 40
*** FLOP *** [3s Tc 2h]
Maxence0405 bets 120
imp4l4 folds
Maxence0405 collected 240 from pot
*** SUMMARY ***
Total pot 240 | No rake
Board: [3s Tc 2h]
Seat 3: Maxence0405 (small blind) won 240


Winamax Poker - Tournament "Expresso" buyIn: 0.46€ + 0.04€ level: 1 - HandId: #4345473396981628929-3-1761915985 - Holdem no limit (10/20) - 2025/10/31 13:06:25 UTC
Table: 'Expresso(1011759368)#0' 3-max (real money) Seat #3 is the button
Seat 1: imp4l4 (440)
Seat 2: MathisKcr (460)
Seat 3: Maxence0405 (600)
*** ANTE/BLINDS ***
imp4l4 posts small blind 10
MathisKcr posts big blind 20
Dealt to MathisKcr [Qc 7c]
*** PRE-FLOP *** 
Maxence0405 folds
imp4l4 folds
MathisKcr collected 30 from pot
*** SUMMARY ***
Total pot 30 | No rake
Seat 2: MathisKcr (big blind) won 30


Winamax Poker - Tournament "Expresso" buyIn: 0.46€ + 0.04€ level: 1 - HandId: #4345473396981628929-4-1761915994 - Holdem no limit (10/20) - 2025/10/31 13:06:34 UTC
Table: 'Expresso(1011759368)#0' 3-max (real money) Seat #1 is the button
Seat 1: imp4l4 (430)
Seat 2: MathisKcr (470)
Seat 3: Maxence0405 (600)
*** ANTE/BLINDS ***
MathisKcr posts small blind 10
Maxence0405 posts big blind 20
Dealt to MathisKcr [8c 8d]
*** PRE-FLOP *** 
imp4l4 raises 20 to 40
MathisKcr raises 20 to 60
Maxence0405 raises 20 to 80
imp4l4 calls 40
MathisKcr raises 390 to 470 and is all-in
Maxence0405 calls 390
imp4l4 folds
*** FLOP *** [5h 7c Tc]
*** TURN *** [5h 7c Tc][3s]
*** RIVER *** [5h 7c Tc 3s][2c]
*** SHOW DOWN ***
MathisKcr shows [8c 8d] (One pair : 8)
Maxence0405 shows [5c Kc] (Flush King high)
Maxence0405 collected 1020 from pot
*** SUMMARY ***
Total pot 1020 | No rake
Board: [5h 7c Tc 3s 2c]
Seat 2: MathisKcr (small blind) showed [8c 8d] and lost with One pair : 8
Seat 3: Maxence0405 (big blind) showed [5c Kc] and won 1020 with Flush King high


