Winamax Poker - Tournament "Expresso" buyIn: 0.46€ + 0.04€ level: 1 - HandId: #4441644767075368961-1-1766148089 - Holdem no limit (10/20) - 2025/12/19 12:41:29 UTC
Table: 'Expresso(1034151010)#0' 3-max (real money) Seat #3 is the button
Seat 1: Djograz (500)
Seat 2: GUINDI79 (500)
Seat 3: MathisKcr (500)
*** ANTE/BLINDS ***
Djograz posts small blind 10
GUINDI79 posts big blind 20
Dealt to MathisKcr [Kc 6c]
*** PRE-FLOP *** 
MathisKcr raises 20 to 40
Djograz calls 30
GUINDI79 calls 20
*** FLOP *** [4s 6h As]
Djograz checks
GUINDI79 checks
MathisKcr bets 40
Djograz calls 40
GUINDI79 calls 40
*** TURN *** [4s 6h As][Ac]
Djograz checks
GUINDI79 checks
MathisKcr bets 20
Djograz calls 20
GUINDI79 calls 20
*** RIVER *** [4s 6h As Ac][3d]
Djograz checks
GUINDI79 checks
MathisKcr checks
*** SHOW DOWN ***
GUINDI79 shows [Js 8h] (One pair : Aces)
MathisKcr shows [Kc 6c] (Two pairs : Aces and 6)
Djograz shows [5s 7s] (Straight 7 high)
Djograz collected 300 from pot
*** SUMMARY ***
Total pot 300 | No rake
Board: [4s 6h As Ac 3d]
Seat 1: Djograz (small blind) showed [5s 7s] and won 300 with Straight 7 high
Seat 2: GUINDI79 (big blind) showed [Js 8h] and lost with One pair : Aces
Seat 3: MathisKcr (button) showed [Kc 6c] and lost with Two pairs : Aces and 6


Winamax Poker - Tournament "Expresso" buyIn: 0.46€ + 0.04€ level: 1 - HandId: #4441644767075368961-2-1766148143 - Holdem no limit (10/20) - 2025/12/19 12:42:23 UTC
Table: 'Expresso(1034151010)#0' 3-max (real money) Seat #1 is the button
Seat 1: Djograz (700)
Seat 2: GUINDI79 (400)
Seat 3: MathisKcr (400)
*** ANTE/BLINDS ***
GUINDI79 posts small blind 10
MathisKcr posts big blind 20
Dealt to MathisKcr [8c 3d]
*** PRE-FLOP *** 
Djograz calls 20
GUINDI79 calls 10
MathisKcr checks
*** FLOP *** [5h 5c 7d]
GUINDI79 checks
MathisKcr bets 20
Djograz calls 20
GUINDI79 calls 20
*** TURN *** [5h 5c 7d][6d]
GUINDI79 bets 20
MathisKcr calls 20
Djograz raises 110 to 130
GUINDI79 folds
MathisKcr folds
Djograz collected 290 from pot
*** SUMMARY ***
Total pot 290 | No rake
Board: [5h 5c 7d 6d]
Seat 1: Djograz (button) won 290


Winamax Poker - Tournament "Expresso" buyIn: 0.46€ + 0.04€ level: 2 - HandId: #4441644767075368961-3-1766148186 - Holdem no limit (15/30) - 2025/12/19 12:43:06 UTC
Table: 'Expresso(1034151010)#0' 3-max (real money) Seat #2 is the button
Seat 1: Djograz (820)
Seat 2: GUINDI79 (340)
Seat 3: MathisKcr (340)
*** ANTE/BLINDS ***
MathisKcr posts small blind 15
Djograz posts big blind 30
Dealt to MathisKcr [3c 2d]
*** PRE-FLOP *** 
GUINDI79 calls 30
MathisKcr folds
Djograz checks
*** FLOP *** [Ad 6d 9s]
Djograz checks
GUINDI79 checks
*** TURN *** [Ad 6d 9s][Kd]
Djograz checks
GUINDI79 checks
*** RIVER *** [Ad 6d 9s Kd][Ah]
Djograz checks
GUINDI79 bets 75
Djograz folds
GUINDI79 collected 150 from pot
*** SUMMARY ***
Total pot 150 | No rake
Board: [Ad 6d 9s Kd Ah]
Seat 2: GUINDI79 (button) won 150


Winamax Poker - Tournament "Expresso" buyIn: 0.46€ + 0.04€ level: 2 - HandId: #4441644767075368961-4-1766148206 - Holdem no limit (15/30) - 2025/12/19 12:43:26 UTC
Table: 'Expresso(1034151010)#0' 3-max (real money) Seat #3 is the button
Seat 1: Djograz (790)
Seat 2: GUINDI79 (385)
Seat 3: MathisKcr (325)
*** ANTE/BLINDS ***
Djograz posts small blind 15
GUINDI79 posts big blind 30
Dealt to MathisKcr [3c 9d]
*** PRE-FLOP *** 
MathisKcr folds
Djograz calls 15
GUINDI79 raises 30 to 60
Djograz calls 30
*** FLOP *** [7h 2s 5s]
Djograz checks
GUINDI79 bets 30
Djograz calls 30
*** TURN *** [7h 2s 5s][Kc]
Djograz checks
GUINDI79 checks
*** RIVER *** [7h 2s 5s Kc][6h]
Djograz bets 63
GUINDI79 calls 63
*** SHOW DOWN ***
GUINDI79 shows [8d Ac] (High card : Ace)
Djograz shows [6d 8c] (One pair : 6)
Djograz collected 306 from pot
*** SUMMARY ***
Total pot 306 | No rake
Board: [7h 2s 5s Kc 6h]
Seat 1: Djograz (small blind) showed [6d 8c] and won 306 with One pair : 6
Seat 2: GUINDI79 (big blind) showed [8d Ac] and lost with High card : Ace


Winamax Poker - Tournament "Expresso" buyIn: 0.46€ + 0.04€ level: 2 - HandId: #4441644767075368961-5-1766148232 - Holdem no limit (15/30) - 2025/12/19 12:43:52 UTC
Table: 'Expresso(1034151010)#0' 3-max (real money) Seat #1 is the button
Seat 1: Djograz (943)
Seat 2: GUINDI79 (232)
Seat 3: MathisKcr (325)
*** ANTE/BLINDS ***
GUINDI79 posts small blind 15
MathisKcr posts big blind 30
Dealt to MathisKcr [7c Jh]
*** PRE-FLOP *** 
Djograz calls 30
GUINDI79 calls 15
MathisKcr checks
*** FLOP *** [4c Ac Ad]
GUINDI79 checks
MathisKcr checks
Djograz checks
*** TURN *** [4c Ac Ad][6d]
GUINDI79 checks
MathisKcr checks
Djograz bets 31
GUINDI79 folds
MathisKcr folds
Djograz collected 121 from pot
*** SUMMARY ***
Total pot 121 | No rake
Board: [4c Ac Ad 6d]
Seat 1: Djograz (button) won 121


Winamax Poker - Tournament "Expresso" buyIn: 0.46€ + 0.04€ level: 3 - HandId: #4441644767075368961-6-1766148272 - Holdem no limit (20/40) - 2025/12/19 12:44:32 UTC
Table: 'Expresso(1034151010)#0' 3-max (real money) Seat #2 is the button
Seat 1: Djograz (1003)
Seat 2: GUINDI79 (202)
Seat 3: MathisKcr (295)
*** ANTE/BLINDS ***
MathisKcr posts small blind 20
Djograz posts big blind 40
Dealt to MathisKcr [8d 5s]
*** PRE-FLOP *** 
GUINDI79 raises 40 to 80
MathisKcr calls 60
Djograz folds
*** FLOP *** [7c Tc Jh]
MathisKcr checks
GUINDI79 checks
*** TURN *** [7c Tc Jh][9s]
MathisKcr checks
GUINDI79 checks
*** RIVER *** [7c Tc Jh 9s][7h]
MathisKcr bets 80
GUINDI79 calls 80
*** SHOW DOWN ***
GUINDI79 shows [Jd 6c] (Two pairs : Jacks and 7)
MathisKcr shows [8d 5s] (Straight Jack high)
MathisKcr collected 360 from pot
*** SUMMARY ***
Total pot 360 | No rake
Board: [7c Tc Jh 9s 7h]
Seat 2: GUINDI79 (button) showed [Jd 6c] and lost with Two pairs : Jacks and 7
Seat 3: MathisKcr (small blind) showed [8d 5s] and won 360 with Straight Jack high


Winamax Poker - Tournament "Expresso" buyIn: 0.46€ + 0.04€ level: 3 - HandId: #4441644767075368961-7-1766148323 - Holdem no limit (20/40) - 2025/12/19 12:45:23 UTC
Table: 'Expresso(1034151010)#0' 3-max (real money) Seat #3 is the button
Seat 1: Djograz (963)
Seat 2: GUINDI79 (42)
Seat 3: MathisKcr (495)
*** ANTE/BLINDS ***
Djograz posts small blind 20
GUINDI79 posts big blind 40
Dealt to MathisKcr [4h As]
*** PRE-FLOP *** 
MathisKcr raises 40 to 80
Djograz folds
GUINDI79 calls 2 and is all-in
*** FLOP *** [Jc Qh 7d]
*** TURN *** [Jc Qh 7d][Th]
*** RIVER *** [Jc Qh 7d Th][2d]
*** SHOW DOWN ***
GUINDI79 shows [6c Ks] (High card : King)
MathisKcr shows [4h As] (High card : Ace)
MathisKcr collected 142 from pot
*** SUMMARY ***
Total pot 142 | No rake
Board: [Jc Qh 7d Th 2d]
Seat 2: GUINDI79 (big blind) showed [6c Ks] and lost with High card : King
Seat 3: MathisKcr (button) showed [4h As] and won 142 with High card : Ace


Winamax Poker - Tournament "Expresso" buyIn: 0.46€ + 0.04€ level: 3 - HandId: #4441644767075368961-8-1766148338 - Holdem no limit (20/40) - 2025/12/19 12:45:38 UTC
Table: 'Expresso(1034151010)#0' 3-max (real money) Seat #3 is the button
Seat 1: Djograz (943)
Seat 3: MathisKcr (557)
*** ANTE/BLINDS ***
MathisKcr posts small blind 20
Djograz posts big blind 40
Dealt to MathisKcr [8h 7h]
*** PRE-FLOP *** 
MathisKcr raises 40 to 80
Djograz calls 40
*** FLOP *** [4d 3c Tc]
Djograz checks
MathisKcr bets 80
Djograz calls 80
*** TURN *** [4d 3c Tc][5c]
Djograz checks
MathisKcr checks
*** RIVER *** [4d 3c Tc 5c][Ah]
Djograz bets 208
MathisKcr folds
Djograz collected 528 from pot
*** SUMMARY ***
Total pot 528 | No rake
Board: [4d 3c Tc 5c Ah]
Seat 1: Djograz (big blind) won 528


Winamax Poker - Tournament "Expresso" buyIn: 0.46€ + 0.04€ level: 4 - HandId: #4441644767075368961-9-1766148379 - Holdem no limit (30/60) - 2025/12/19 12:46:19 UTC
Table: 'Expresso(1034151010)#0' 3-max (real money) Seat #1 is the button
Seat 1: Djograz (1103)
Seat 3: MathisKcr (397)
*** ANTE/BLINDS ***
Djograz posts small blind 30
MathisKcr posts big blind 60
Dealt to MathisKcr [2c 7c]
*** PRE-FLOP *** 
Djograz calls 30
MathisKcr checks
*** FLOP *** [7d 9s 3d]
MathisKcr bets 120
Djograz calls 120
*** TURN *** [7d 9s 3d][Jc]
MathisKcr checks
Djograz checks
*** RIVER *** [7d 9s 3d Jc][3s]
MathisKcr bets 120
Djograz calls 120
*** SHOW DOWN ***
MathisKcr shows [2c 7c] (Two pairs : 7 and 3)
Djograz shows [Qd 9d] (Two pairs : 9 and 3)
Djograz collected 600 from pot
*** SUMMARY ***
Total pot 600 | No rake
Board: [7d 9s 3d Jc 3s]
Seat 1: Djograz (small blind) (button) showed [Qd 9d] and won 600 with Two pairs : 9 and 3
Seat 3: MathisKcr (big blind) showed [2c 7c] and lost with Two pairs : 7 and 3


Winamax Poker - Tournament "Expresso" buyIn: 0.46€ + 0.04€ level: 4 - HandId: #4441644767075368961-10-1766148408 - Holdem no limit (30/60) - 2025/12/19 12:46:48 UTC
Table: 'Expresso(1034151010)#0' 3-max (real money) Seat #3 is the button
Seat 1: Djograz (1403)
Seat 3: MathisKcr (97)
*** ANTE/BLINDS ***
MathisKcr posts small blind 30
Djograz posts big blind 60
Dealt to MathisKcr [4s 8d]
*** PRE-FLOP *** 
MathisKcr calls 30
Djograz checks
*** FLOP *** [Jh 5d 7c]
Djograz checks
MathisKcr bets 37 and is all-in
Djograz calls 37
*** TURN *** [Jh 5d 7c][Qh]
*** RIVER *** [Jh 5d 7c Qh][3h]
*** SHOW DOWN ***
MathisKcr shows [4s 8d] (High card : Queen)
Djograz shows [Td Ad] (High card : Ace)
Djograz collected 194 from pot
*** SUMMARY ***
Total pot 194 | No rake
Board: [Jh 5d 7c Qh 3h]
Seat 1: Djograz (big blind) showed [Td Ad] and won 194 with High card : Ace
Seat 3: MathisKcr (small blind) (button) showed [4s 8d] and lost with High card : Queen


