Winamax Poker - Tournament "Kill The Fish" buyIn: 0.90€ + 0.10€ level: 1 - HandId: #3970179184721920016-1-1746276738 - Holdem no limit (25/100/200) - 2025/05/03 12:52:18 UTC
Table: 'Kill The Fish(924379375)#015' 6-max (real money) Seat #6 is the button
Seat 1: LilaRobinson (20022, 0.45€ bounty)
Seat 3: MathisKcr (20000, 0.45€ bounty)
Seat 6: Cotch_ (20000, 0.45€ bounty)
*** ANTE/BLINDS ***
LilaRobinson posts ante 25
MathisKcr posts ante 25
Cotch_ posts ante 25
LilaRobinson posts small blind 100
MathisKcr posts big blind 200
Dealt to MathisKcr [4d 2s]
*** PRE-FLOP *** 
Cotch_ folds
LilaRobinson raises 300 to 500
MathisKcr folds
LilaRobinson collected 775 from pot
*** SUMMARY ***
Total pot 775 | No rake
Seat 1: LilaRobinson (small blind) won 775


Winamax Poker - Tournament "Kill The Fish" buyIn: 0.90€ + 0.10€ level: 1 - HandId: #3970179184721920016-2-1746276755 - Holdem no limit (25/100/200) - 2025/05/03 12:52:35 UTC
Table: 'Kill The Fish(924379375)#015' 6-max (real money) Seat #1 is the button
Seat 1: LilaRobinson (20272, 0.45€ bounty)
Seat 3: MathisKcr (19775, 0.45€ bounty)
Seat 4: W.Herzog (15159, 0.45€ bounty)
Seat 5: Moustik420 (20400, 0.45€ bounty)
Seat 6: Cotch_ (19975, 0.45€ bounty)
*** ANTE/BLINDS ***
MathisKcr posts ante 25
W.Herzog posts ante 25
LilaRobinson posts ante 25
Moustik420 posts ante 25
Cotch_ posts ante 25
MathisKcr posts small blind 100
W.Herzog posts big blind 200
Dealt to MathisKcr [8h Tc]
*** PRE-FLOP *** 
Moustik420 folds
Cotch_ raises 400 to 600
LilaRobinson folds
MathisKcr calls 500
W.Herzog folds
*** FLOP *** [As Jh 7d]
MathisKcr checks
Cotch_ bets 534
MathisKcr calls 534
*** TURN *** [As Jh 7d][2s]
MathisKcr checks
Cotch_ checks
*** RIVER *** [As Jh 7d 2s][5h]
MathisKcr checks
Cotch_ bets 1685
MathisKcr folds
Cotch_ collected 4278 from pot
*** SUMMARY ***
Total pot 4278 | No rake
Board: [As Jh 7d 2s 5h]
Seat 6: Cotch_ won 4278


Winamax Poker - Tournament "Kill The Fish" buyIn: 0.90€ + 0.10€ level: 1 - HandId: #3970179184721920016-3-1746276849 - Holdem no limit (25/100/200) - 2025/05/03 12:54:09 UTC
Table: 'Kill The Fish(924379375)#015' 6-max (real money) Seat #3 is the button
Seat 1: LilaRobinson (20247, 0.45€ bounty)
Seat 2: MohAwKK (20000, 0.45€ bounty)
Seat 3: MathisKcr (18616, 0.45€ bounty)
Seat 4: W.Herzog (14934, 0.45€ bounty)
Seat 5: Moustik420 (20375, 0.45€ bounty)
Seat 6: Cotch_ (21409, 0.45€ bounty)
*** ANTE/BLINDS ***
W.Herzog posts ante 25
Moustik420 posts ante 25
LilaRobinson posts ante 25
MohAwKK posts ante 25
MathisKcr posts ante 25
Cotch_ posts ante 25
W.Herzog posts small blind 100
Moustik420 posts big blind 200
Dealt to MathisKcr [Tc 2s]
*** PRE-FLOP *** 
Cotch_ folds
LilaRobinson folds
MohAwKK raises 300 to 500
MathisKcr folds
W.Herzog calls 400
Moustik420 folds
*** FLOP *** [4d 8h 2c]
W.Herzog checks
MohAwKK checks
*** TURN *** [4d 8h 2c][7c]
W.Herzog bets 675
MohAwKK calls 675
*** RIVER *** [4d 8h 2c 7c][7d]
W.Herzog bets 2160
MohAwKK calls 2160
*** SHOW DOWN ***
W.Herzog shows [Jd Qd] (One pair : 7)
MohAwKK shows [As Ac] (Two pairs : Aces and 7)
MohAwKK collected 7020 from pot
*** SUMMARY ***
Total pot 7020 | No rake
Board: [4d 8h 2c 7c 7d]
Seat 2: MohAwKK showed [As Ac] and won 7020 with Two pairs : Aces and 7
Seat 4: W.Herzog (small blind) showed [Jd Qd] and lost with One pair : 7


Winamax Poker - Tournament "Kill The Fish" buyIn: 0.90€ + 0.10€ level: 1 - HandId: #3970179184721920016-4-1746277261 - Holdem no limit (25/100/200) - 2025/05/03 13:01:01 UTC
Table: 'Kill The Fish(924379375)#015' 6-max (real money) Seat #4 is the button
Seat 1: LilaRobinson (20222, 0.45€ bounty)
Seat 2: MohAwKK (23660, 0.45€ bounty)
Seat 3: MathisKcr (18591, 0.45€ bounty)
Seat 4: W.Herzog (11574, 0.45€ bounty)
Seat 5: Moustik420 (20150, 0.45€ bounty)
Seat 6: Cotch_ (21384, 0.45€ bounty)
*** ANTE/BLINDS ***
Moustik420 posts ante 25
Cotch_ posts ante 25
LilaRobinson posts ante 25
MohAwKK posts ante 25
MathisKcr posts ante 25
W.Herzog posts ante 25
Moustik420 posts small blind 100
Cotch_ posts big blind 200
Dealt to MathisKcr [3c 8c]
*** PRE-FLOP *** 
LilaRobinson folds
MohAwKK calls 200
MathisKcr folds
W.Herzog folds
Moustik420 calls 100
Cotch_ checks
*** FLOP *** [Ts Th 8s]
Moustik420 checks
Cotch_ checks
MohAwKK checks
*** TURN *** [Ts Th 8s][8d]
Moustik420 bets 300
Cotch_ calls 300
MohAwKK folds
*** RIVER *** [Ts Th 8s 8d][2d]
Moustik420 bets 1100
Cotch_ folds
Moustik420 collected 2450 from pot
*** SUMMARY ***
Total pot 2450 | No rake
Board: [Ts Th 8s 8d 2d]
Seat 5: Moustik420 (small blind) won 2450


Winamax Poker - Tournament "Kill The Fish" buyIn: 0.90€ + 0.10€ level: 1 - HandId: #3970179184721920016-5-1746277325 - Holdem no limit (25/100/200) - 2025/05/03 13:02:05 UTC
Table: 'Kill The Fish(924379375)#015' 6-max (real money) Seat #5 is the button
Seat 1: LilaRobinson (20197, 0.45€ bounty)
Seat 2: MohAwKK (23435, 0.45€ bounty)
Seat 3: MathisKcr (18566, 0.45€ bounty)
Seat 4: W.Herzog (11549, 0.45€ bounty)
Seat 5: Moustik420 (20975, 0.45€ bounty)
Seat 6: Cotch_ (20859, 0.45€ bounty)
*** ANTE/BLINDS ***
Cotch_ posts ante 25
LilaRobinson posts ante 25
MohAwKK posts ante 25
MathisKcr posts ante 25
W.Herzog posts ante 25
Moustik420 posts ante 25
Cotch_ posts small blind 100
LilaRobinson posts big blind 200
Dealt to MathisKcr [9s 6d]
*** PRE-FLOP *** 
MohAwKK folds
MathisKcr calls 200
W.Herzog folds
Moustik420 folds
Cotch_ folds
LilaRobinson raises 400 to 600
MathisKcr calls 400
*** FLOP *** [5s Th Jc]
LilaRobinson bets 725
MathisKcr calls 725
*** TURN *** [5s Th Jc][7h]
LilaRobinson checks
MathisKcr checks
*** RIVER *** [5s Th Jc 7h][7c]
LilaRobinson bets 1015
MathisKcr folds
LilaRobinson collected 3915 from pot
*** SUMMARY ***
Total pot 3915 | No rake
Board: [5s Th Jc 7h 7c]
Seat 1: LilaRobinson (big blind) won 3915


Winamax Poker - Tournament "Kill The Fish" buyIn: 0.90€ + 0.10€ level: 1 - HandId: #3970179184721920016-6-1746277370 - Holdem no limit (25/100/200) - 2025/05/03 13:02:50 UTC
Table: 'Kill The Fish(924379375)#015' 6-max (real money) Seat #6 is the button
Seat 1: LilaRobinson (21747, 0.45€ bounty)
Seat 2: MohAwKK (23410, 0.45€ bounty)
Seat 3: MathisKcr (17216, 0.45€ bounty)
Seat 4: W.Herzog (11524, 0.45€ bounty)
Seat 5: Moustik420 (20950, 0.45€ bounty)
Seat 6: Cotch_ (20734, 0.45€ bounty)
*** ANTE/BLINDS ***
LilaRobinson posts ante 25
MohAwKK posts ante 25
MathisKcr posts ante 25
W.Herzog posts ante 25
Moustik420 posts ante 25
Cotch_ posts ante 25
LilaRobinson posts small blind 100
MohAwKK posts big blind 200
Dealt to MathisKcr [9h Qh]
*** PRE-FLOP *** 
MathisKcr raises 200 to 400
W.Herzog folds
Moustik420 folds
Cotch_ folds
LilaRobinson calls 300
MohAwKK folds
*** FLOP *** [Qd As 2h]
LilaRobinson checks
MathisKcr bets 575
LilaRobinson raises 863 to 1438
MathisKcr calls 863
*** TURN *** [Qd As 2h][Jh]
LilaRobinson checks
MathisKcr checks
*** RIVER *** [Qd As 2h Jh][6c]
LilaRobinson bets 2617
MathisKcr calls 2617
*** SHOW DOWN ***
MathisKcr shows [9h Qh] (One pair : Queens)
LilaRobinson shows [3d Ad] (One pair : Aces)
LilaRobinson collected 9260 from pot
*** SUMMARY ***
Total pot 9260 | No rake
Board: [Qd As 2h Jh 6c]
Seat 1: LilaRobinson (small blind) showed [3d Ad] and won 9260 with One pair : Aces
Seat 3: MathisKcr showed [9h Qh] and lost with One pair : Queens


Winamax Poker - Tournament "Kill The Fish" buyIn: 0.90€ + 0.10€ level: 1 - HandId: #3970179184721920016-7-1746277424 - Holdem no limit (25/100/200) - 2025/05/03 13:03:44 UTC
Table: 'Kill The Fish(924379375)#015' 6-max (real money) Seat #1 is the button
Seat 1: LilaRobinson (26527, 0.45€ bounty)
Seat 2: MohAwKK (23185, 0.45€ bounty)
Seat 3: MathisKcr (12736, 0.45€ bounty)
Seat 4: W.Herzog (11499, 0.45€ bounty)
Seat 5: Moustik420 (20925, 0.45€ bounty)
Seat 6: Cotch_ (20709, 0.45€ bounty)
*** ANTE/BLINDS ***
MohAwKK posts ante 25
MathisKcr posts ante 25
LilaRobinson posts ante 25
W.Herzog posts ante 25
Moustik420 posts ante 25
Cotch_ posts ante 25
MohAwKK posts small blind 100
MathisKcr posts big blind 200
Dealt to MathisKcr [9s 6c]
*** PRE-FLOP *** 
W.Herzog folds
Moustik420 folds
Cotch_ raises 400 to 600
LilaRobinson calls 600
MohAwKK folds
MathisKcr calls 400
*** FLOP *** [4h 7c 3h]
MathisKcr checks
Cotch_ checks
LilaRobinson bets 718
MathisKcr calls 718
Cotch_ folds
*** TURN *** [4h 7c 3h][4c]
MathisKcr checks
LilaRobinson checks
*** RIVER *** [4h 7c 3h 4c][As]
MathisKcr checks
LilaRobinson checks
*** SHOW DOWN ***
MathisKcr shows [9s 6c] (One pair : 4)
LilaRobinson shows [5s 5d] (Two pairs : 5 and 4)
LilaRobinson collected 3486 from pot
*** SUMMARY ***
Total pot 3486 | No rake
Board: [4h 7c 3h 4c As]
Seat 1: LilaRobinson (button) showed [5s 5d] and won 3486 with Two pairs : 5 and 4
Seat 3: MathisKcr (big blind) showed [9s 6c] and lost with One pair : 4


Winamax Poker - Tournament "Kill The Fish" buyIn: 0.90€ + 0.10€ level: 1 - HandId: #3970179184721920016-8-1746277503 - Holdem no limit (25/100/200) - 2025/05/03 13:05:03 UTC
Table: 'Kill The Fish(924379375)#015' 6-max (real money) Seat #2 is the button
Seat 1: LilaRobinson (28670, 0.45€ bounty)
Seat 2: MohAwKK (23060, 0.45€ bounty)
Seat 3: MathisKcr (11393, 0.45€ bounty)
Seat 4: W.Herzog (11474, 0.45€ bounty)
Seat 6: Cotch_ (20084, 0.45€ bounty)
*** ANTE/BLINDS ***
MathisKcr posts ante 25
W.Herzog posts ante 25
LilaRobinson posts ante 25
MohAwKK posts ante 25
Cotch_ posts ante 25
MathisKcr posts small blind 100
W.Herzog posts big blind 200
Dealt to MathisKcr [4h Jc]
*** PRE-FLOP *** 
Cotch_ folds
LilaRobinson raises 300 to 500
MohAwKK folds
MathisKcr raises 10868 to 11368 and is all-in
W.Herzog folds
LilaRobinson calls 10868
*** FLOP *** [Ah Kd 9h]
*** TURN *** [Ah Kd 9h][2d]
*** RIVER *** [Ah Kd 9h 2d][9d]
*** SHOW DOWN ***
MathisKcr shows [4h Jc] (One pair : 9)
LilaRobinson shows [Ac 9c] (Full of 9 and Aces)
LilaRobinson collected 23061 from pot
*** SUMMARY ***
Total pot 23061 | No rake
Board: [Ah Kd 9h 2d 9d]
Seat 1: LilaRobinson showed [Ac 9c] and won 23061 with Full of 9 and Aces
Seat 3: MathisKcr (small blind) showed [4h Jc] and lost with One pair : 9


