Winamax Poker - Tournament "Expresso" buyIn: 0.46€ + 0.04€ level: 1 - HandId: #4449987590723993601-1-1766511940 - Holdem no limit (10/20) - 2025/12/23 17:45:40 UTC
Table: 'Expresso(1036093475)#0' 3-max (real money) Seat #2 is the button
Seat 1: Win1maxX_ (500)
Seat 2: Mustafa9327z (500)
Seat 3: MathisKcr (500)
*** ANTE/BLINDS ***
MathisKcr posts small blind 10
Win1maxX_ posts big blind 20
Dealt to MathisKcr [5d Ah]
*** PRE-FLOP *** 
Mustafa9327z calls 20
MathisKcr raises 20 to 40
Win1maxX_ calls 20
Mustafa9327z calls 20
*** FLOP *** [Ac As Js]
MathisKcr bets 20
Win1maxX_ calls 20
Mustafa9327z folds
*** TURN *** [Ac As Js][3h]
MathisKcr bets 40
Win1maxX_ folds
MathisKcr collected 200 from pot
*** SUMMARY ***
Total pot 200 | No rake
Board: [Ac As Js 3h]
Seat 3: MathisKcr (small blind) won 200


Winamax Poker - Tournament "Expresso" buyIn: 0.46€ + 0.04€ level: 1 - HandId: #4449987590723993601-2-1766511973 - Holdem no limit (10/20) - 2025/12/23 17:46:13 UTC
Table: 'Expresso(1036093475)#0' 3-max (real money) Seat #3 is the button
Seat 1: Win1maxX_ (440)
Seat 2: Mustafa9327z (460)
Seat 3: MathisKcr (600)
*** ANTE/BLINDS ***
Win1maxX_ posts small blind 10
Mustafa9327z posts big blind 20
Dealt to MathisKcr [Th As]
*** PRE-FLOP *** 
MathisKcr raises 20 to 40
Win1maxX_ calls 30
Mustafa9327z calls 20
*** FLOP *** [9h 6c Js]
Win1maxX_ bets 30
Mustafa9327z folds
MathisKcr calls 30
*** TURN *** [9h 6c Js][2d]
Win1maxX_ bets 63
MathisKcr calls 63
*** RIVER *** [9h 6c Js 2d][Td]
Win1maxX_ bets 107
MathisKcr calls 107
*** SHOW DOWN ***
MathisKcr shows [Th As] (One pair : Tens)
Win1maxX_ shows [Jh Ks] (One pair : Jacks)
Win1maxX_ collected 520 from pot
*** SUMMARY ***
Total pot 520 | No rake
Board: [9h 6c Js 2d Td]
Seat 1: Win1maxX_ (small blind) showed [Jh Ks] and won 520 with One pair : Jacks
Seat 3: MathisKcr (button) showed [Th As] and lost with One pair : Tens


Winamax Poker - Tournament "Expresso" buyIn: 0.46€ + 0.04€ level: 1 - HandId: #4449987590723993601-3-1766512012 - Holdem no limit (10/20) - 2025/12/23 17:46:52 UTC
Table: 'Expresso(1036093475)#0' 3-max (real money) Seat #1 is the button
Seat 1: Win1maxX_ (720)
Seat 2: Mustafa9327z (420)
Seat 3: MathisKcr (360)
*** ANTE/BLINDS ***
Mustafa9327z posts small blind 10
MathisKcr posts big blind 20
Dealt to MathisKcr [Ad 4s]
*** PRE-FLOP *** 
Win1maxX_ folds
Mustafa9327z calls 10
MathisKcr raises 340 to 360 and is all-in
Mustafa9327z folds
MathisKcr collected 380 from pot
*** SUMMARY ***
Total pot 380 | No rake
Seat 3: MathisKcr (big blind) won 380


Winamax Poker - Tournament "Expresso" buyIn: 0.46€ + 0.04€ level: 1 - HandId: #4449987590723993601-4-1766512027 - Holdem no limit (10/20) - 2025/12/23 17:47:07 UTC
Table: 'Expresso(1036093475)#0' 3-max (real money) Seat #2 is the button
Seat 1: Win1maxX_ (720)
Seat 2: Mustafa9327z (400)
Seat 3: MathisKcr (380)
*** ANTE/BLINDS ***
MathisKcr posts small blind 10
Win1maxX_ posts big blind 20
Dealt to MathisKcr [8h Jc]
*** PRE-FLOP *** 
Mustafa9327z folds
MathisKcr raises 20 to 40
Win1maxX_ calls 20
*** FLOP *** [9h Qh 7h]
MathisKcr bets 40
Win1maxX_ folds
MathisKcr collected 120 from pot
*** SUMMARY ***
Total pot 120 | No rake
Board: [9h Qh 7h]
Seat 3: MathisKcr (small blind) won 120


Winamax Poker - Tournament "Expresso" buyIn: 0.46€ + 0.04€ level: 2 - HandId: #4449987590723993601-5-1766512048 - Holdem no limit (15/30) - 2025/12/23 17:47:28 UTC
Table: 'Expresso(1036093475)#0' 3-max (real money) Seat #3 is the button
Seat 1: Win1maxX_ (680)
Seat 2: Mustafa9327z (400)
Seat 3: MathisKcr (420)
*** ANTE/BLINDS ***
Win1maxX_ posts small blind 15
Mustafa9327z posts big blind 30
Dealt to MathisKcr [Td 4s]
*** PRE-FLOP *** 
MathisKcr folds
Win1maxX_ raises 45 to 75
Mustafa9327z calls 45
*** FLOP *** [4d 7s 3d]
Win1maxX_ checks
Mustafa9327z bets 325 and is all-in
Win1maxX_ folds
Mustafa9327z collected 475 from pot
*** SUMMARY ***
Total pot 475 | No rake
Board: [4d 7s 3d]
Seat 2: Mustafa9327z (big blind) won 475


Winamax Poker - Tournament "Expresso" buyIn: 0.46€ + 0.04€ level: 2 - HandId: #4449987590723993601-6-1766512068 - Holdem no limit (15/30) - 2025/12/23 17:47:48 UTC
Table: 'Expresso(1036093475)#0' 3-max (real money) Seat #1 is the button
Seat 1: Win1maxX_ (605)
Seat 2: Mustafa9327z (475)
Seat 3: MathisKcr (420)
*** ANTE/BLINDS ***
Mustafa9327z posts small blind 15
MathisKcr posts big blind 30
Dealt to MathisKcr [Kh 3d]
*** PRE-FLOP *** 
Win1maxX_ folds
Mustafa9327z calls 15
MathisKcr checks
*** FLOP *** [Qh Ac 8d]
Mustafa9327z checks
MathisKcr bets 30
Mustafa9327z folds
MathisKcr collected 90 from pot
*** SUMMARY ***
Total pot 90 | No rake
Board: [Qh Ac 8d]
Seat 3: MathisKcr (big blind) won 90


Winamax Poker - Tournament "Expresso" buyIn: 0.46€ + 0.04€ level: 2 - HandId: #4449987590723993601-7-1766512082 - Holdem no limit (15/30) - 2025/12/23 17:48:02 UTC
Table: 'Expresso(1036093475)#0' 3-max (real money) Seat #2 is the button
Seat 1: Win1maxX_ (605)
Seat 2: Mustafa9327z (445)
Seat 3: MathisKcr (450)
*** ANTE/BLINDS ***
MathisKcr posts small blind 15
Win1maxX_ posts big blind 30
Dealt to MathisKcr [Ad 5c]
*** PRE-FLOP *** 
Mustafa9327z calls 30
MathisKcr raises 30 to 60
Win1maxX_ folds
Mustafa9327z calls 30
*** FLOP *** [8h Jd As]
MathisKcr bets 60
Mustafa9327z calls 60
*** TURN *** [8h Jd As][8c]
MathisKcr bets 90
Mustafa9327z raises 235 to 325 and is all-in
MathisKcr calls 235
*** RIVER *** [8h Jd As 8c][Jh]
*** SHOW DOWN ***
MathisKcr shows [Ad 5c] (Two pairs : Aces and Jacks)
Mustafa9327z shows [4c 8d] (Full of 8 and Jacks)
Mustafa9327z collected 920 from pot
*** SUMMARY ***
Total pot 920 | No rake
Board: [8h Jd As 8c Jh]
Seat 2: Mustafa9327z (button) showed [4c 8d] and won 920 with Full of 8 and Jacks
Seat 3: MathisKcr (small blind) showed [Ad 5c] and lost with Two pairs : Aces and Jacks


Winamax Poker - Tournament "Expresso" buyIn: 0.46€ + 0.04€ level: 3 - HandId: #4449987590723993601-8-1766512119 - Holdem no limit (20/40) - 2025/12/23 17:48:39 UTC
Table: 'Expresso(1036093475)#0' 3-max (real money) Seat #3 is the button
Seat 1: Win1maxX_ (575)
Seat 2: Mustafa9327z (920)
Seat 3: MathisKcr (5)
*** ANTE/BLINDS ***
Win1maxX_ posts small blind 20
Mustafa9327z posts big blind 40
Dealt to MathisKcr [Ks 9h]
*** PRE-FLOP *** 
MathisKcr calls 5 and is all-in
Win1maxX_ raises 50 to 90
Mustafa9327z folds
*** FLOP *** [9d 6s 3s]
*** TURN *** [9d 6s 3s][Qc]
*** RIVER *** [9d 6s 3s Qc][2h]
*** SHOW DOWN ***
Win1maxX_ shows [5c Kh] (High card : King)
MathisKcr shows [Ks 9h] (One pair : 9)
MathisKcr collected 15 from main pot
Win1maxX_ collected 120 from side pot 1
*** SUMMARY ***
Total pot 135 | No rake
Board: [9d 6s 3s Qc 2h]
Seat 1: Win1maxX_ (small blind) showed [5c Kh] and won 120 with High card : King
Seat 3: MathisKcr (button) showed [Ks 9h] and won 15 with One pair : 9


Winamax Poker - Tournament "Expresso" buyIn: 0.46€ + 0.04€ level: 3 - HandId: #4449987590723993601-9-1766512136 - Holdem no limit (20/40) - 2025/12/23 17:48:56 UTC
Table: 'Expresso(1036093475)#0' 3-max (real money) Seat #1 is the button
Seat 1: Win1maxX_ (605)
Seat 2: Mustafa9327z (880)
Seat 3: MathisKcr (15)
*** ANTE/BLINDS ***
Mustafa9327z posts small blind 20
MathisKcr posts big blind 15 and is all-in
Dealt to MathisKcr [Jh 4d]
*** PRE-FLOP *** 
Win1maxX_ raises 60 to 80
Mustafa9327z calls 60
*** FLOP *** [Tc 9d 2h]
Mustafa9327z checks
Win1maxX_ checks
*** TURN *** [Tc 9d 2h][4h]
Mustafa9327z bets 40
Win1maxX_ calls 40
*** RIVER *** [Tc 9d 2h 4h][Js]
Mustafa9327z bets 255
Win1maxX_ raises 230 to 485 and is all-in
Mustafa9327z calls 230
*** SHOW DOWN ***
MathisKcr shows [Jh 4d] (Two pairs : Jacks and 4)
Win1maxX_ shows [7s 8s] (Straight Jack high)
Mustafa9327z shows [7c 8c] (Straight Jack high)
Mustafa9327z collected 613 from pot
Win1maxX_ collected 612 from pot
*** SUMMARY ***
Total pot 1225 | No rake
Board: [Tc 9d 2h 4h Js]
Seat 1: Win1maxX_ (button) showed [7s 8s] and won 612 with Straight Jack high
Seat 2: Mustafa9327z (small blind) showed [7c 8c] and won 613 with Straight Jack high
Seat 3: MathisKcr (big blind) showed [Jh 4d] and lost with Two pairs : Jacks and 4


