Winamax Poker - Tournament "Expresso" buyIn: 0.46€ + 0.04€ level: 1 - HandId: #4334456088607850497-1-1761395749 - Holdem no limit (10/20) - 2025/10/25 12:35:49 UTC
Table: 'Expresso(1009194201)#0' 3-max (real money) Seat #2 is the button
Seat 1: MathisKcr (500)
Seat 2: Analu (500)
Seat 3: Isof0ld (500)
*** ANTE/BLINDS ***
Isof0ld posts small blind 10
MathisKcr posts big blind 20
Dealt to MathisKcr [9d 9s]
*** PRE-FLOP *** 
Analu raises 50 to 70
Isof0ld folds
MathisKcr raises 50 to 120
Analu calls 50
*** FLOP *** [3h 9c Jh]
MathisKcr checks
Analu bets 380 and is all-in
MathisKcr calls 380 and is all-in
*** TURN *** [3h 9c Jh][5s]
*** RIVER *** [3h 9c Jh 5s][6s]
*** SHOW DOWN ***
Analu shows [Jc 3s] (Two pairs : Jacks and 3)
MathisKcr shows [9d 9s] (Trips of 9)
MathisKcr collected 1010 from pot
*** SUMMARY ***
Total pot 1010 | No rake
Board: [3h 9c Jh 5s 6s]
Seat 1: MathisKcr (big blind) showed [9d 9s] and won 1010 with Trips of 9
Seat 2: Analu (button) showed [Jc 3s] and lost with Two pairs : Jacks and 3


Winamax Poker - Tournament "Expresso" buyIn: 0.46€ + 0.04€ level: 1 - HandId: #4334456088607850497-2-1761395785 - Holdem no limit (10/20) - 2025/10/25 12:36:25 UTC
Table: 'Expresso(1009194201)#0' 3-max (real money) Seat #1 is the button
Seat 1: MathisKcr (1010)
Seat 3: Isof0ld (490)
*** ANTE/BLINDS ***
MathisKcr posts small blind 10
Isof0ld posts big blind 20
Dealt to MathisKcr [2s Jd]
*** PRE-FLOP *** 
MathisKcr calls 10
Isof0ld checks
*** FLOP *** [Qd 8c Qs]
Isof0ld checks
MathisKcr checks
*** TURN *** [Qd 8c Qs][Ah]
Isof0ld checks
MathisKcr bets 40
Isof0ld folds
MathisKcr collected 80 from pot
*** SUMMARY ***
Total pot 80 | No rake
Board: [Qd 8c Qs Ah]
Seat 1: MathisKcr (small blind) (button) won 80


Winamax Poker - Tournament "Expresso" buyIn: 0.46€ + 0.04€ level: 1 - HandId: #4334456088607850497-3-1761395803 - Holdem no limit (10/20) - 2025/10/25 12:36:43 UTC
Table: 'Expresso(1009194201)#0' 3-max (real money) Seat #3 is the button
Seat 1: MathisKcr (1030)
Seat 3: Isof0ld (470)
*** ANTE/BLINDS ***
Isof0ld posts small blind 10
MathisKcr posts big blind 20
Dealt to MathisKcr [8d 9s]
*** PRE-FLOP *** 
Isof0ld folds
MathisKcr collected 30 from pot
*** SUMMARY ***
Total pot 30 | No rake
Seat 1: MathisKcr (big blind) won 30


Winamax Poker - Tournament "Expresso" buyIn: 0.46€ + 0.04€ level: 1 - HandId: #4334456088607850497-4-1761395810 - Holdem no limit (10/20) - 2025/10/25 12:36:50 UTC
Table: 'Expresso(1009194201)#0' 3-max (real money) Seat #1 is the button
Seat 1: MathisKcr (1040)
Seat 3: Isof0ld (460)
*** ANTE/BLINDS ***
MathisKcr posts small blind 10
Isof0ld posts big blind 20
Dealt to MathisKcr [5s Th]
*** PRE-FLOP *** 
MathisKcr calls 10
Isof0ld raises 40 to 60
MathisKcr calls 40
*** FLOP *** [3d 7h 7d]
Isof0ld checks
MathisKcr bets 60
Isof0ld calls 60
*** TURN *** [3d 7h 7d][9s]
Isof0ld checks
MathisKcr checks
*** RIVER *** [3d 7h 7d 9s][Jd]
Isof0ld checks
MathisKcr checks
*** SHOW DOWN ***
MathisKcr shows [5s Th] (One pair : 7)
Isof0ld shows [Kh Jc] (Two pairs : Jacks and 7)
Isof0ld collected 240 from pot
*** SUMMARY ***
Total pot 240 | No rake
Board: [3d 7h 7d 9s Jd]
Seat 1: MathisKcr (small blind) (button) showed [5s Th] and lost with One pair : 7
Seat 3: Isof0ld (big blind) showed [Kh Jc] and won 240 with Two pairs : Jacks and 7


Winamax Poker - Tournament "Expresso" buyIn: 0.46€ + 0.04€ level: 2 - HandId: #4334456088607850497-5-1761395842 - Holdem no limit (15/30) - 2025/10/25 12:37:22 UTC
Table: 'Expresso(1009194201)#0' 3-max (real money) Seat #3 is the button
Seat 1: MathisKcr (920)
Seat 3: Isof0ld (580)
*** ANTE/BLINDS ***
Isof0ld posts small blind 15
MathisKcr posts big blind 30
Dealt to MathisKcr [Ks 5d]
*** PRE-FLOP *** 
Isof0ld folds
MathisKcr collected 45 from pot
*** SUMMARY ***
Total pot 45 | No rake
Seat 1: MathisKcr (big blind) won 45


Winamax Poker - Tournament "Expresso" buyIn: 0.46€ + 0.04€ level: 2 - HandId: #4334456088607850497-6-1761395849 - Holdem no limit (15/30) - 2025/10/25 12:37:29 UTC
Table: 'Expresso(1009194201)#0' 3-max (real money) Seat #1 is the button
Seat 1: MathisKcr (935)
Seat 3: Isof0ld (565)
*** ANTE/BLINDS ***
MathisKcr posts small blind 15
Isof0ld posts big blind 30
Dealt to MathisKcr [3d 9c]
*** PRE-FLOP *** 
MathisKcr calls 15
Isof0ld checks
*** FLOP *** [7c Ad 4d]
Isof0ld checks
MathisKcr bets 60
Isof0ld folds
MathisKcr collected 120 from pot
*** SUMMARY ***
Total pot 120 | No rake
Board: [7c Ad 4d]
Seat 1: MathisKcr (small blind) (button) won 120


Winamax Poker - Tournament "Expresso" buyIn: 0.46€ + 0.04€ level: 2 - HandId: #4334456088607850497-7-1761395868 - Holdem no limit (15/30) - 2025/10/25 12:37:48 UTC
Table: 'Expresso(1009194201)#0' 3-max (real money) Seat #3 is the button
Seat 1: MathisKcr (965)
Seat 3: Isof0ld (535)
*** ANTE/BLINDS ***
Isof0ld posts small blind 15
MathisKcr posts big blind 30
Dealt to MathisKcr [Th Ks]
*** PRE-FLOP *** 
Isof0ld calls 15
MathisKcr raises 60 to 90
Isof0ld folds
MathisKcr collected 120 from pot
*** SUMMARY ***
Total pot 120 | No rake
Seat 1: MathisKcr (big blind) won 120


Winamax Poker - Tournament "Expresso" buyIn: 0.46€ + 0.04€ level: 2 - HandId: #4334456088607850497-8-1761395877 - Holdem no limit (15/30) - 2025/10/25 12:37:57 UTC
Table: 'Expresso(1009194201)#0' 3-max (real money) Seat #1 is the button
Seat 1: MathisKcr (995)
Seat 3: Isof0ld (505)
*** ANTE/BLINDS ***
MathisKcr posts small blind 15
Isof0ld posts big blind 30
Dealt to MathisKcr [Kh 6s]
*** PRE-FLOP *** 
MathisKcr raises 60 to 90
Isof0ld raises 415 to 505 and is all-in
MathisKcr folds
Isof0ld collected 595 from pot
*** SUMMARY ***
Total pot 595 | No rake
Seat 3: Isof0ld (big blind) won 595


Winamax Poker - Tournament "Expresso" buyIn: 0.46€ + 0.04€ level: 2 - HandId: #4334456088607850497-9-1761395890 - Holdem no limit (15/30) - 2025/10/25 12:38:10 UTC
Table: 'Expresso(1009194201)#0' 3-max (real money) Seat #3 is the button
Seat 1: MathisKcr (905)
Seat 3: Isof0ld (595)
*** ANTE/BLINDS ***
Isof0ld posts small blind 15
MathisKcr posts big blind 30
Dealt to MathisKcr [Jc 4h]
*** PRE-FLOP *** 
Isof0ld calls 15
MathisKcr checks
*** FLOP *** [6s 5h Qd]
MathisKcr checks
Isof0ld bets 30
MathisKcr calls 30
*** TURN *** [6s 5h Qd][Qs]
MathisKcr checks
Isof0ld checks
*** RIVER *** [6s 5h Qd Qs][Ts]
MathisKcr checks
Isof0ld bets 60
MathisKcr folds
Isof0ld collected 180 from pot
*** SUMMARY ***
Total pot 180 | No rake
Board: [6s 5h Qd Qs Ts]
Seat 3: Isof0ld (small blind) (button) won 180


Winamax Poker - Tournament "Expresso" buyIn: 0.46€ + 0.04€ level: 2 - HandId: #4334456088607850497-10-1761395914 - Holdem no limit (15/30) - 2025/10/25 12:38:34 UTC
Table: 'Expresso(1009194201)#0' 3-max (real money) Seat #1 is the button
Seat 1: MathisKcr (845)
Seat 3: Isof0ld (655)
*** ANTE/BLINDS ***
MathisKcr posts small blind 15
Isof0ld posts big blind 30
Dealt to MathisKcr [Qs 5s]
*** PRE-FLOP *** 
MathisKcr raises 60 to 90
Isof0ld calls 60
*** FLOP *** [7h Ad 8h]
Isof0ld checks
MathisKcr checks
*** TURN *** [7h Ad 8h][Jc]
Isof0ld checks
MathisKcr bets 90
Isof0ld calls 90
*** RIVER *** [7h Ad 8h Jc][7c]
Isof0ld checks
MathisKcr checks
*** SHOW DOWN ***
MathisKcr shows [Qs 5s] (One pair : 7)
Isof0ld shows [Jh Kd] (Two pairs : Jacks and 7)
Isof0ld collected 360 from pot
*** SUMMARY ***
Total pot 360 | No rake
Board: [7h Ad 8h Jc 7c]
Seat 1: MathisKcr (small blind) (button) showed [Qs 5s] and lost with One pair : 7
Seat 3: Isof0ld (big blind) showed [Jh Kd] and won 360 with Two pairs : Jacks and 7


Winamax Poker - Tournament "Expresso" buyIn: 0.46€ + 0.04€ level: 3 - HandId: #4334456088607850497-11-1761395938 - Holdem no limit (20/40) - 2025/10/25 12:38:58 UTC
Table: 'Expresso(1009194201)#0' 3-max (real money) Seat #3 is the button
Seat 1: MathisKcr (665)
Seat 3: Isof0ld (835)
*** ANTE/BLINDS ***
Isof0ld posts small blind 20
MathisKcr posts big blind 40
Dealt to MathisKcr [Ah Ac]
*** PRE-FLOP *** 
Isof0ld calls 20
MathisKcr checks
*** FLOP *** [As 8c Jh]
MathisKcr checks
Isof0ld bets 40
MathisKcr raises 40 to 80
Isof0ld raises 60 to 140
MathisKcr raises 60 to 200
Isof0ld raises 595 to 795 and is all-in
MathisKcr calls 425 and is all-in
*** TURN *** [As 8c Jh][5c]
*** RIVER *** [As 8c Jh 5c][Tc]
*** SHOW DOWN ***
MathisKcr shows [Ah Ac] (Trips of Aces)
Isof0ld shows [Jd 8s] (Two pairs : Jacks and 8)
Isof0ld collected 170 from side pot 1
MathisKcr collected 1330 from main pot
*** SUMMARY ***
Total pot 1500 | No rake
Board: [As 8c Jh 5c Tc]
Seat 1: MathisKcr (big blind) showed [Ah Ac] and won 1330 with Trips of Aces
Seat 3: Isof0ld (small blind) (button) showed [Jd 8s] and won 170 with Two pairs : Jacks and 8


Winamax Poker - Tournament "Expresso" buyIn: 0.46€ + 0.04€ level: 3 - HandId: #4334456088607850497-12-1761395964 - Holdem no limit (20/40) - 2025/10/25 12:39:24 UTC
Table: 'Expresso(1009194201)#0' 3-max (real money) Seat #1 is the button
Seat 1: MathisKcr (1330)
Seat 3: Isof0ld (170)
*** ANTE/BLINDS ***
MathisKcr posts small blind 20
Isof0ld posts big blind 40
Dealt to MathisKcr [9d 2s]
*** PRE-FLOP *** 
MathisKcr calls 20
Isof0ld checks
*** FLOP *** [Kh Qs Ks]
Isof0ld checks
MathisKcr checks
*** TURN *** [Kh Qs Ks][4s]
Isof0ld checks
MathisKcr bets 80
Isof0ld folds
MathisKcr collected 160 from pot
*** SUMMARY ***
Total pot 160 | No rake
Board: [Kh Qs Ks 4s]
Seat 1: MathisKcr (small blind) (button) won 160


Winamax Poker - Tournament "Expresso" buyIn: 0.46€ + 0.04€ level: 3 - HandId: #4334456088607850497-13-1761395980 - Holdem no limit (20/40) - 2025/10/25 12:39:40 UTC
Table: 'Expresso(1009194201)#0' 3-max (real money) Seat #3 is the button
Seat 1: MathisKcr (1370)
Seat 3: Isof0ld (130)
*** ANTE/BLINDS ***
Isof0ld posts small blind 20
MathisKcr posts big blind 40
Dealt to MathisKcr [Jc 6h]
*** PRE-FLOP *** 
Isof0ld folds
MathisKcr collected 60 from pot
*** SUMMARY ***
Total pot 60 | No rake
Seat 1: MathisKcr (big blind) won 60


Winamax Poker - Tournament "Expresso" buyIn: 0.46€ + 0.04€ level: 3 - HandId: #4334456088607850497-14-1761395987 - Holdem no limit (20/40) - 2025/10/25 12:39:47 UTC
Table: 'Expresso(1009194201)#0' 3-max (real money) Seat #1 is the button
Seat 1: MathisKcr (1390)
Seat 3: Isof0ld (110)
*** ANTE/BLINDS ***
MathisKcr posts small blind 20
Isof0ld posts big blind 40
Dealt to MathisKcr [2s 8h]
*** PRE-FLOP *** 
MathisKcr raises 80 to 120
Isof0ld calls 70 and is all-in
*** FLOP *** [5s Jh Ah]
*** TURN *** [5s Jh Ah][7c]
*** RIVER *** [5s Jh Ah 7c][Jd]
*** SHOW DOWN ***
MathisKcr shows [2s 8h] (One pair : Jacks)
Isof0ld shows [Td 3h] (One pair : Jacks)
Isof0ld collected 220 from main pot
MathisKcr collected 10 from side pot 1
*** SUMMARY ***
Total pot 230 | No rake
Board: [5s Jh Ah 7c Jd]
Seat 1: MathisKcr (small blind) (button) showed [2s 8h] and won 10 with One pair : Jacks
Seat 3: Isof0ld (big blind) showed [Td 3h] and won 220 with One pair : Jacks


Winamax Poker - Tournament "Expresso" buyIn: 0.46€ + 0.04€ level: 3 - HandId: #4334456088607850497-15-1761396003 - Holdem no limit (20/40) - 2025/10/25 12:40:03 UTC
Table: 'Expresso(1009194201)#0' 3-max (real money) Seat #3 is the button
Seat 1: MathisKcr (1280)
Seat 3: Isof0ld (220)
*** ANTE/BLINDS ***
Isof0ld posts small blind 20
MathisKcr posts big blind 40
Dealt to MathisKcr [Kd Qd]
*** PRE-FLOP *** 
Isof0ld folds
MathisKcr collected 60 from pot
*** SUMMARY ***
Total pot 60 | No rake
Seat 1: MathisKcr (big blind) won 60


Winamax Poker - Tournament "Expresso" buyIn: 0.46€ + 0.04€ level: 3 - HandId: #4334456088607850497-16-1761396010 - Holdem no limit (20/40) - 2025/10/25 12:40:10 UTC
Table: 'Expresso(1009194201)#0' 3-max (real money) Seat #1 is the button
Seat 1: MathisKcr (1300)
Seat 3: Isof0ld (200)
*** ANTE/BLINDS ***
MathisKcr posts small blind 20
Isof0ld posts big blind 40
Dealt to MathisKcr [Ks Tc]
*** PRE-FLOP *** 
MathisKcr raises 80 to 120
Isof0ld raises 80 to 200 and is all-in
MathisKcr raises 80 to 280
*** FLOP *** [Qd 3c 4d]
*** TURN *** [Qd 3c 4d][Th]
*** RIVER *** [Qd 3c 4d Th][4h]
*** SHOW DOWN ***
Isof0ld shows [Kh Js] (One pair : 4)
MathisKcr shows [Ks Tc] (Two pairs : Tens and 4)
MathisKcr collected 480 from pot
*** SUMMARY ***
Total pot 480 | No rake
Board: [Qd 3c 4d Th 4h]
Seat 1: MathisKcr (small blind) (button) showed [Ks Tc] and won 480 with Two pairs : Tens and 4
Seat 3: Isof0ld (big blind) showed [Kh Js] and lost with One pair : 4


