Winamax Poker - Tournament "Expresso" buyIn: 0.46€ + 0.04€ level: 1 - HandId: #4110048363833982977-1-1750791848 - Holdem no limit (10/20) - 2025/06/24 19:04:08 UTC
Table: 'Expresso(956945206)#0' 3-max (real money) Seat #3 is the button
Seat 1: MathisKcr (500)
Seat 2: Saofeng (500)
Seat 3: muchkin (500)
*** ANTE/BLINDS ***
MathisKcr posts small blind 10
Saofeng posts big blind 20
Dealt to MathisKcr [3h 2d]
*** PRE-FLOP *** 
muchkin folds
MathisKcr calls 10
Saofeng raises 40 to 60
MathisKcr calls 40
*** FLOP *** [2c 5h Jh]
MathisKcr checks
Saofeng bets 60
MathisKcr folds
Saofeng collected 180 from pot
*** SUMMARY ***
Total pot 180 | No rake
Board: [2c 5h Jh]
Seat 2: Saofeng (big blind) won 180


Winamax Poker - Tournament "Expresso" buyIn: 0.46€ + 0.04€ level: 1 - HandId: #4110048363833982977-2-1750791879 - Holdem no limit (10/20) - 2025/06/24 19:04:39 UTC
Table: 'Expresso(956945206)#0' 3-max (real money) Seat #1 is the button
Seat 1: MathisKcr (440)
Seat 2: Saofeng (560)
Seat 3: muchkin (500)
*** ANTE/BLINDS ***
Saofeng posts small blind 10
muchkin posts big blind 20
Dealt to MathisKcr [4h Qs]
*** PRE-FLOP *** 
MathisKcr calls 20
Saofeng calls 10
muchkin checks
*** FLOP *** [As 5h Jh]
Saofeng checks
muchkin checks
MathisKcr checks
*** TURN *** [As 5h Jh][5c]
Saofeng bets 20
muchkin folds
MathisKcr raises 20 to 40
Saofeng folds
MathisKcr collected 120 from pot
*** SUMMARY ***
Total pot 120 | No rake
Board: [As 5h Jh 5c]
Seat 1: MathisKcr (button) won 120


Winamax Poker - Tournament "Expresso" buyIn: 0.46€ + 0.04€ level: 1 - HandId: #4110048363833982977-3-1750791907 - Holdem no limit (10/20) - 2025/06/24 19:05:07 UTC
Table: 'Expresso(956945206)#0' 3-max (real money) Seat #2 is the button
Seat 1: MathisKcr (500)
Seat 2: Saofeng (520)
Seat 3: muchkin (480)
*** ANTE/BLINDS ***
muchkin posts small blind 10
MathisKcr posts big blind 20
Dealt to MathisKcr [3c 5h]
*** PRE-FLOP *** 
Saofeng raises 20 to 40
muchkin folds
MathisKcr calls 20
*** FLOP *** [3d Ah 4d]
MathisKcr bets 60
Saofeng folds
MathisKcr collected 150 from pot
*** SUMMARY ***
Total pot 150 | No rake
Board: [3d Ah 4d]
Seat 1: MathisKcr (big blind) won 150


Winamax Poker - Tournament "Expresso" buyIn: 0.46€ + 0.04€ level: 1 - HandId: #4110048363833982977-4-1750791925 - Holdem no limit (10/20) - 2025/06/24 19:05:25 UTC
Table: 'Expresso(956945206)#0' 3-max (real money) Seat #3 is the button
Seat 1: MathisKcr (550)
Seat 2: Saofeng (480)
Seat 3: muchkin (470)
*** ANTE/BLINDS ***
MathisKcr posts small blind 10
Saofeng posts big blind 20
Dealt to MathisKcr [Th 7s]
*** PRE-FLOP *** 
muchkin calls 20
MathisKcr calls 10
Saofeng checks
*** FLOP *** [7d 8s 8d]
MathisKcr bets 40
Saofeng folds
muchkin calls 40
*** TURN *** [7d 8s 8d][As]
MathisKcr checks
muchkin checks
*** RIVER *** [7d 8s 8d As][9c]
MathisKcr checks
muchkin bets 140
MathisKcr folds
muchkin collected 280 from pot
*** SUMMARY ***
Total pot 280 | No rake
Board: [7d 8s 8d As 9c]
Seat 3: muchkin (button) won 280


Winamax Poker - Tournament "Expresso" buyIn: 0.46€ + 0.04€ level: 2 - HandId: #4110048363833982977-5-1750791973 - Holdem no limit (15/30) - 2025/06/24 19:06:13 UTC
Table: 'Expresso(956945206)#0' 3-max (real money) Seat #1 is the button
Seat 1: MathisKcr (490)
Seat 2: Saofeng (460)
Seat 3: muchkin (550)
*** ANTE/BLINDS ***
Saofeng posts small blind 15
muchkin posts big blind 30
Dealt to MathisKcr [Qh 8d]
*** PRE-FLOP *** 
MathisKcr calls 30
Saofeng folds
muchkin checks
*** FLOP *** [2s Kd Ah]
muchkin bets 30
MathisKcr calls 30
*** TURN *** [2s Kd Ah][Ts]
muchkin checks
MathisKcr checks
*** RIVER *** [2s Kd Ah Ts][5d]
muchkin checks
MathisKcr checks
*** SHOW DOWN ***
MathisKcr shows [Qh 8d] (High card : Ace)
muchkin shows [2c 3d] (One pair : 2)
muchkin collected 135 from pot
*** SUMMARY ***
Total pot 135 | No rake
Board: [2s Kd Ah Ts 5d]
Seat 1: MathisKcr (button) showed [Qh 8d] and lost with High card : Ace
Seat 3: muchkin (big blind) showed [2c 3d] and won 135 with One pair : 2


Winamax Poker - Tournament "Expresso" buyIn: 0.46€ + 0.04€ level: 2 - HandId: #4110048363833982977-6-1750792005 - Holdem no limit (15/30) - 2025/06/24 19:06:45 UTC
Table: 'Expresso(956945206)#0' 3-max (real money) Seat #2 is the button
Seat 1: MathisKcr (430)
Seat 2: Saofeng (445)
Seat 3: muchkin (625)
*** ANTE/BLINDS ***
muchkin posts small blind 15
MathisKcr posts big blind 30
Dealt to MathisKcr [4c Ad]
*** PRE-FLOP *** 
Saofeng folds
muchkin calls 15
MathisKcr checks
*** FLOP *** [Jh Qd 9d]
muchkin checks
MathisKcr checks
*** TURN *** [Jh Qd 9d][9h]
muchkin checks
MathisKcr checks
*** RIVER *** [Jh Qd 9d 9h][5d]
muchkin checks
MathisKcr checks
*** SHOW DOWN ***
muchkin shows [4s Tc] (One pair : 9)
MathisKcr shows [4c Ad] (One pair : 9)
MathisKcr collected 60 from pot
*** SUMMARY ***
Total pot 60 | No rake
Board: [Jh Qd 9d 9h 5d]
Seat 1: MathisKcr (big blind) showed [4c Ad] and won 60 with One pair : 9
Seat 3: muchkin (small blind) showed [4s Tc] and lost with One pair : 9


Winamax Poker - Tournament "Expresso" buyIn: 0.46€ + 0.04€ level: 3 - HandId: #4110048363833982977-7-1750792047 - Holdem no limit (20/40) - 2025/06/24 19:07:27 UTC
Table: 'Expresso(956945206)#0' 3-max (real money) Seat #3 is the button
Seat 1: MathisKcr (460)
Seat 2: Saofeng (445)
Seat 3: muchkin (595)
*** ANTE/BLINDS ***
MathisKcr posts small blind 20
Saofeng posts big blind 40
Dealt to MathisKcr [6c Qc]
*** PRE-FLOP *** 
muchkin calls 40
MathisKcr calls 20
Saofeng checks
*** FLOP *** [6h Kh Tc]
MathisKcr checks
Saofeng checks
muchkin checks
*** TURN *** [6h Kh Tc][4d]
MathisKcr checks
Saofeng checks
muchkin bets 42
MathisKcr calls 42
Saofeng calls 42
*** RIVER *** [6h Kh Tc 4d][5s]
MathisKcr checks
Saofeng bets 160
muchkin folds
MathisKcr raises 218 to 378 and is all-in
Saofeng calls 203 and is all-in
*** SHOW DOWN ***
MathisKcr shows [6c Qc] (One pair : 6)
Saofeng shows [8d 7s] (Straight 8 high)
Saofeng collected 972 from main pot
MathisKcr collected 15 from side pot 1
*** SUMMARY ***
Total pot 987 | No rake
Board: [6h Kh Tc 4d 5s]
Seat 1: MathisKcr (small blind) showed [6c Qc] and won 15 with One pair : 6
Seat 2: Saofeng (big blind) showed [8d 7s] and won 972 with Straight 8 high


