Winamax Poker - Tournament "Expresso" buyIn: 0.46€ + 0.04€ level: 1 - HandId: #4334349878361587713-1-1761391110 - Holdem no limit (10/20) - 2025/10/25 11:18:30 UTC
Table: 'Expresso(1009169472)#0' 3-max (real money) Seat #1 is the button
Seat 1: MathisKcr (500)
Seat 2: Alvaropom04 (500)
Seat 3: itotoch (500)
*** ANTE/BLINDS ***
Alvaropom04 posts small blind 10
itotoch posts big blind 20
Dealt to MathisKcr [6s 2h]
*** PRE-FLOP *** 
MathisKcr folds
Alvaropom04 raises 20 to 40
itotoch raises 80 to 120
Alvaropom04 calls 80
*** FLOP *** [9s 3s 5c]
Alvaropom04 checks
itotoch bets 84
Alvaropom04 folds
itotoch collected 324 from pot
*** SUMMARY ***
Total pot 324 | No rake
Board: [9s 3s 5c]
Seat 3: itotoch (big blind) won 324


Winamax Poker - Tournament "Expresso" buyIn: 0.46€ + 0.04€ level: 1 - HandId: #4334349878361587713-2-1761391136 - Holdem no limit (10/20) - 2025/10/25 11:18:56 UTC
Table: 'Expresso(1009169472)#0' 3-max (real money) Seat #2 is the button
Seat 1: MathisKcr (500)
Seat 2: Alvaropom04 (380)
Seat 3: itotoch (620)
*** ANTE/BLINDS ***
itotoch posts small blind 10
MathisKcr posts big blind 20
Dealt to MathisKcr [9c 6c]
*** PRE-FLOP *** 
Alvaropom04 folds
itotoch calls 10
MathisKcr checks
*** FLOP *** [Td Th 5s]
itotoch checks
MathisKcr checks
*** TURN *** [Td Th 5s][8c]
itotoch checks
MathisKcr checks
*** RIVER *** [Td Th 5s 8c][Jh]
itotoch bets 40
MathisKcr folds
itotoch collected 80 from pot
*** SUMMARY ***
Total pot 80 | No rake
Board: [Td Th 5s 8c Jh]
Seat 3: itotoch (small blind) won 80


Winamax Poker - Tournament "Expresso" buyIn: 0.46€ + 0.04€ level: 1 - HandId: #4334349878361587713-3-1761391161 - Holdem no limit (10/20) - 2025/10/25 11:19:21 UTC
Table: 'Expresso(1009169472)#0' 3-max (real money) Seat #3 is the button
Seat 1: MathisKcr (480)
Seat 2: Alvaropom04 (380)
Seat 3: itotoch (640)
*** ANTE/BLINDS ***
MathisKcr posts small blind 10
Alvaropom04 posts big blind 20
Dealt to MathisKcr [7d 3d]
*** PRE-FLOP *** 
itotoch calls 20
MathisKcr calls 10
Alvaropom04 raises 20 to 40
itotoch calls 20
MathisKcr calls 20
*** FLOP *** [8h 3h 7s]
MathisKcr checks
Alvaropom04 checks
itotoch bets 60
MathisKcr raises 60 to 120
Alvaropom04 folds
itotoch calls 60
*** TURN *** [8h 3h 7s][7c]
MathisKcr checks
itotoch checks
*** RIVER *** [8h 3h 7s 7c][6c]
MathisKcr bets 180
itotoch calls 180
*** SHOW DOWN ***
itotoch shows [5h 6d] (Two pairs : 7 and 6)
MathisKcr shows [7d 3d] (Full of 7 and 3)
MathisKcr collected 720 from pot
*** SUMMARY ***
Total pot 720 | No rake
Board: [8h 3h 7s 7c 6c]
Seat 1: MathisKcr (small blind) showed [7d 3d] and won 720 with Full of 7 and 3
Seat 3: itotoch (button) showed [5h 6d] and lost with Two pairs : 7 and 6


Winamax Poker - Tournament "Expresso" buyIn: 0.46€ + 0.04€ level: 2 - HandId: #4334349878361587713-4-1761391205 - Holdem no limit (15/30) - 2025/10/25 11:20:05 UTC
Table: 'Expresso(1009169472)#0' 3-max (real money) Seat #1 is the button
Seat 1: MathisKcr (860)
Seat 2: Alvaropom04 (340)
Seat 3: itotoch (300)
*** ANTE/BLINDS ***
Alvaropom04 posts small blind 15
itotoch posts big blind 30
Dealt to MathisKcr [5d 9s]
*** PRE-FLOP *** 
MathisKcr folds
Alvaropom04 calls 15
itotoch checks
*** FLOP *** [Jc 5s 6c]
Alvaropom04 bets 39
itotoch folds
Alvaropom04 collected 99 from pot
*** SUMMARY ***
Total pot 99 | No rake
Board: [Jc 5s 6c]
Seat 2: Alvaropom04 (small blind) won 99


Winamax Poker - Tournament "Expresso" buyIn: 0.46€ + 0.04€ level: 2 - HandId: #4334349878361587713-5-1761391222 - Holdem no limit (15/30) - 2025/10/25 11:20:22 UTC
Table: 'Expresso(1009169472)#0' 3-max (real money) Seat #2 is the button
Seat 1: MathisKcr (860)
Seat 2: Alvaropom04 (370)
Seat 3: itotoch (270)
*** ANTE/BLINDS ***
itotoch posts small blind 15
MathisKcr posts big blind 30
Dealt to MathisKcr [6s 7h]
*** PRE-FLOP *** 
Alvaropom04 calls 30
itotoch calls 15
MathisKcr checks
*** FLOP *** [Ad Jd 6c]
itotoch checks
MathisKcr bets 60
Alvaropom04 calls 60
itotoch folds
*** TURN *** [Ad Jd 6c][4d]
MathisKcr checks
Alvaropom04 bets 30
MathisKcr calls 30
*** RIVER *** [Ad Jd 6c 4d][Qs]
MathisKcr bets 740 and is all-in
Alvaropom04 calls 250 and is all-in
*** SHOW DOWN ***
MathisKcr shows [6s 7h] (One pair : 6)
Alvaropom04 shows [Qd 5d] (Flush Ace high)
Alvaropom04 collected 770 from main pot
MathisKcr collected 490 from side pot 1
*** SUMMARY ***
Total pot 1260 | No rake
Board: [Ad Jd 6c 4d Qs]
Seat 1: MathisKcr (big blind) showed [6s 7h] and won 490 with One pair : 6
Seat 2: Alvaropom04 (button) showed [Qd 5d] and won 770 with Flush Ace high


Winamax Poker - Tournament "Expresso" buyIn: 0.46€ + 0.04€ level: 2 - HandId: #4334349878361587713-6-1761391253 - Holdem no limit (15/30) - 2025/10/25 11:20:53 UTC
Table: 'Expresso(1009169472)#0' 3-max (real money) Seat #3 is the button
Seat 1: MathisKcr (490)
Seat 2: Alvaropom04 (770)
Seat 3: itotoch (240)
*** ANTE/BLINDS ***
MathisKcr posts small blind 15
Alvaropom04 posts big blind 30
Dealt to MathisKcr [4c 8h]
*** PRE-FLOP *** 
itotoch raises 30 to 60
MathisKcr folds
Alvaropom04 folds
itotoch collected 105 from pot
*** SUMMARY ***
Total pot 105 | No rake
Seat 3: itotoch (button) won 105


Winamax Poker - Tournament "Expresso" buyIn: 0.46€ + 0.04€ level: 2 - HandId: #4334349878361587713-7-1761391268 - Holdem no limit (15/30) - 2025/10/25 11:21:08 UTC
Table: 'Expresso(1009169472)#0' 3-max (real money) Seat #1 is the button
Seat 1: MathisKcr (475)
Seat 2: Alvaropom04 (740)
Seat 3: itotoch (285)
*** ANTE/BLINDS ***
Alvaropom04 posts small blind 15
itotoch posts big blind 30
Dealt to MathisKcr [9s Jh]
*** PRE-FLOP *** 
MathisKcr raises 30 to 60
Alvaropom04 folds
itotoch calls 30
*** FLOP *** [Qd 6d Tc]
itotoch checks
MathisKcr bets 90
itotoch folds
MathisKcr collected 225 from pot
*** SUMMARY ***
Total pot 225 | No rake
Board: [Qd 6d Tc]
Seat 1: MathisKcr (button) won 225


Winamax Poker - Tournament "Expresso" buyIn: 0.46€ + 0.04€ level: 3 - HandId: #4334349878361587713-8-1761391298 - Holdem no limit (20/40) - 2025/10/25 11:21:38 UTC
Table: 'Expresso(1009169472)#0' 3-max (real money) Seat #2 is the button
Seat 1: MathisKcr (550)
Seat 2: Alvaropom04 (725)
Seat 3: itotoch (225)
*** ANTE/BLINDS ***
itotoch posts small blind 20
MathisKcr posts big blind 40
Dealt to MathisKcr [Qs 5d]
*** PRE-FLOP *** 
Alvaropom04 folds
itotoch folds
MathisKcr collected 60 from pot
*** SUMMARY ***
Total pot 60 | No rake
Seat 1: MathisKcr (big blind) won 60


Winamax Poker - Tournament "Expresso" buyIn: 0.46€ + 0.04€ level: 3 - HandId: #4334349878361587713-9-1761391312 - Holdem no limit (20/40) - 2025/10/25 11:21:52 UTC
Table: 'Expresso(1009169472)#0' 3-max (real money) Seat #3 is the button
Seat 1: MathisKcr (570)
Seat 2: Alvaropom04 (725)
Seat 3: itotoch (205)
*** ANTE/BLINDS ***
MathisKcr posts small blind 20
Alvaropom04 posts big blind 40
Dealt to MathisKcr [3s 4c]
*** PRE-FLOP *** 
itotoch calls 40
MathisKcr folds
Alvaropom04 checks
*** FLOP *** [7s 4s 7d]
Alvaropom04 checks
itotoch checks
*** TURN *** [7s 4s 7d][2s]
Alvaropom04 checks
itotoch checks
*** RIVER *** [7s 4s 7d 2s][9c]
Alvaropom04 bets 40
itotoch folds
Alvaropom04 collected 140 from pot
*** SUMMARY ***
Total pot 140 | No rake
Board: [7s 4s 7d 2s 9c]
Seat 2: Alvaropom04 (big blind) won 140


Winamax Poker - Tournament "Expresso" buyIn: 0.46€ + 0.04€ level: 3 - HandId: #4334349878361587713-10-1761391341 - Holdem no limit (20/40) - 2025/10/25 11:22:21 UTC
Table: 'Expresso(1009169472)#0' 3-max (real money) Seat #1 is the button
Seat 1: MathisKcr (550)
Seat 2: Alvaropom04 (785)
Seat 3: itotoch (165)
*** ANTE/BLINDS ***
Alvaropom04 posts small blind 20
itotoch posts big blind 40
Dealt to MathisKcr [8s 2h]
*** PRE-FLOP *** 
MathisKcr folds
Alvaropom04 calls 20
itotoch raises 40 to 80
Alvaropom04 calls 40
*** FLOP *** [3h 8h Ks]
Alvaropom04 checks
itotoch bets 40
Alvaropom04 folds
itotoch collected 200 from pot
*** SUMMARY ***
Total pot 200 | No rake
Board: [3h 8h Ks]
Seat 3: itotoch (big blind) won 200


Winamax Poker - Tournament "Expresso" buyIn: 0.46€ + 0.04€ level: 3 - HandId: #4334349878361587713-11-1761391356 - Holdem no limit (20/40) - 2025/10/25 11:22:36 UTC
Table: 'Expresso(1009169472)#0' 3-max (real money) Seat #2 is the button
Seat 1: MathisKcr (550)
Seat 2: Alvaropom04 (705)
Seat 3: itotoch (245)
*** ANTE/BLINDS ***
itotoch posts small blind 20
MathisKcr posts big blind 40
Dealt to MathisKcr [5c 9c]
*** PRE-FLOP *** 
Alvaropom04 calls 40
itotoch raises 80 to 120
MathisKcr folds
Alvaropom04 calls 80
*** FLOP *** [5h Jd As]
itotoch bets 40
Alvaropom04 folds
itotoch collected 320 from pot
*** SUMMARY ***
Total pot 320 | No rake
Board: [5h Jd As]
Seat 3: itotoch (small blind) won 320


Winamax Poker - Tournament "Expresso" buyIn: 0.46€ + 0.04€ level: 3 - HandId: #4334349878361587713-12-1761391375 - Holdem no limit (20/40) - 2025/10/25 11:22:55 UTC
Table: 'Expresso(1009169472)#0' 3-max (real money) Seat #3 is the button
Seat 1: MathisKcr (510)
Seat 2: Alvaropom04 (585)
Seat 3: itotoch (405)
*** ANTE/BLINDS ***
MathisKcr posts small blind 20
Alvaropom04 posts big blind 40
Dealt to MathisKcr [8h 4d]
*** PRE-FLOP *** 
itotoch folds
MathisKcr calls 20
Alvaropom04 checks
*** FLOP *** [Ah 2c 3s]
MathisKcr checks
Alvaropom04 bets 40
MathisKcr calls 40
*** TURN *** [Ah 2c 3s][2d]
MathisKcr checks
Alvaropom04 bets 40
MathisKcr calls 40
*** RIVER *** [Ah 2c 3s 2d][2h]
MathisKcr checks
Alvaropom04 bets 40
MathisKcr calls 40
*** SHOW DOWN ***
MathisKcr shows [8h 4d] (Trips of 2)
Alvaropom04 shows [Ac 9h] (Full of 2 and Aces)
Alvaropom04 collected 320 from pot
*** SUMMARY ***
Total pot 320 | No rake
Board: [Ah 2c 3s 2d 2h]
Seat 1: MathisKcr (small blind) showed [8h 4d] and lost with Trips of 2
Seat 2: Alvaropom04 (big blind) showed [Ac 9h] and won 320 with Full of 2 and Aces


Winamax Poker - Tournament "Expresso" buyIn: 0.46€ + 0.04€ level: 4 - HandId: #4334349878361587713-13-1761391407 - Holdem no limit (30/60) - 2025/10/25 11:23:27 UTC
Table: 'Expresso(1009169472)#0' 3-max (real money) Seat #1 is the button
Seat 1: MathisKcr (350)
Seat 2: Alvaropom04 (745)
Seat 3: itotoch (405)
*** ANTE/BLINDS ***
Alvaropom04 posts small blind 30
itotoch posts big blind 60
Dealt to MathisKcr [8c 7d]
*** PRE-FLOP *** 
MathisKcr folds
Alvaropom04 calls 30
itotoch checks
*** FLOP *** [8s Qd 6c]
Alvaropom04 checks
itotoch checks
*** TURN *** [8s Qd 6c][3d]
Alvaropom04 bets 60
itotoch folds
Alvaropom04 collected 180 from pot
*** SUMMARY ***
Total pot 180 | No rake
Board: [8s Qd 6c 3d]
Seat 2: Alvaropom04 (small blind) won 180


Winamax Poker - Tournament "Expresso" buyIn: 0.46€ + 0.04€ level: 4 - HandId: #4334349878361587713-14-1761391435 - Holdem no limit (30/60) - 2025/10/25 11:23:55 UTC
Table: 'Expresso(1009169472)#0' 3-max (real money) Seat #2 is the button
Seat 1: MathisKcr (350)
Seat 2: Alvaropom04 (805)
Seat 3: itotoch (345)
*** ANTE/BLINDS ***
itotoch posts small blind 30
MathisKcr posts big blind 60
Dealt to MathisKcr [3c 4h]
*** PRE-FLOP *** 
Alvaropom04 folds
itotoch raises 60 to 120
MathisKcr folds
itotoch collected 180 from pot
*** SUMMARY ***
Total pot 180 | No rake
Seat 3: itotoch (small blind) won 180


Winamax Poker - Tournament "Expresso" buyIn: 0.46€ + 0.04€ level: 4 - HandId: #4334349878361587713-15-1761391451 - Holdem no limit (30/60) - 2025/10/25 11:24:11 UTC
Table: 'Expresso(1009169472)#0' 3-max (real money) Seat #3 is the button
Seat 1: MathisKcr (290)
Seat 2: Alvaropom04 (805)
Seat 3: itotoch (405)
*** ANTE/BLINDS ***
MathisKcr posts small blind 30
Alvaropom04 posts big blind 60
Dealt to MathisKcr [Qc 2c]
*** PRE-FLOP *** 
itotoch raises 60 to 120
MathisKcr calls 90
Alvaropom04 calls 60
*** FLOP *** [3s Ac 3c]
MathisKcr bets 170 and is all-in
Alvaropom04 folds
itotoch folds
MathisKcr collected 530 from pot
*** SUMMARY ***
Total pot 530 | No rake
Board: [3s Ac 3c]
Seat 1: MathisKcr (small blind) won 530


Winamax Poker - Tournament "Expresso" buyIn: 0.46€ + 0.04€ level: 5 - HandId: #4334349878361587713-16-1761391482 - Holdem no limit (40/80) - 2025/10/25 11:24:42 UTC
Table: 'Expresso(1009169472)#0' 3-max (real money) Seat #1 is the button
Seat 1: MathisKcr (530)
Seat 2: Alvaropom04 (685)
Seat 3: itotoch (285)
*** ANTE/BLINDS ***
Alvaropom04 posts small blind 40
itotoch posts big blind 80
Dealt to MathisKcr [Qd 7s]
*** PRE-FLOP *** 
MathisKcr calls 80
Alvaropom04 calls 40
itotoch checks
*** FLOP *** [As Qs 3h]
Alvaropom04 checks
itotoch checks
MathisKcr bets 240
Alvaropom04 folds
itotoch folds
MathisKcr collected 480 from pot
*** SUMMARY ***
Total pot 480 | No rake
Board: [As Qs 3h]
Seat 1: MathisKcr (button) won 480


Winamax Poker - Tournament "Expresso" buyIn: 0.46€ + 0.04€ level: 5 - HandId: #4334349878361587713-17-1761391503 - Holdem no limit (40/80) - 2025/10/25 11:25:03 UTC
Table: 'Expresso(1009169472)#0' 3-max (real money) Seat #2 is the button
Seat 1: MathisKcr (690)
Seat 2: Alvaropom04 (605)
Seat 3: itotoch (205)
*** ANTE/BLINDS ***
itotoch posts small blind 40
MathisKcr posts big blind 80
Dealt to MathisKcr [Ah 6c]
*** PRE-FLOP *** 
Alvaropom04 folds
itotoch calls 40
MathisKcr raises 80 to 160
itotoch calls 80
*** FLOP *** [Tc 4d 5s]
itotoch checks
MathisKcr bets 80
itotoch calls 45 and is all-in
*** TURN *** [Tc 4d 5s][6d]
*** RIVER *** [Tc 4d 5s 6d][Jh]
*** SHOW DOWN ***
MathisKcr shows [Ah 6c] (One pair : 6)
itotoch shows [8d Jd] (One pair : Jacks)
itotoch collected 410 from main pot
MathisKcr collected 35 from side pot 1
*** SUMMARY ***
Total pot 445 | No rake
Board: [Tc 4d 5s 6d Jh]
Seat 1: MathisKcr (big blind) showed [Ah 6c] and won 35 with One pair : 6
Seat 3: itotoch (small blind) showed [8d Jd] and won 410 with One pair : Jacks


Winamax Poker - Tournament "Expresso" buyIn: 0.46€ + 0.04€ level: 5 - HandId: #4334349878361587713-18-1761391539 - Holdem no limit (40/80) - 2025/10/25 11:25:39 UTC
Table: 'Expresso(1009169472)#0' 3-max (real money) Seat #3 is the button
Seat 1: MathisKcr (485)
Seat 2: Alvaropom04 (605)
Seat 3: itotoch (410)
*** ANTE/BLINDS ***
MathisKcr posts small blind 40
Alvaropom04 posts big blind 80
Dealt to MathisKcr [Td Ah]
*** PRE-FLOP *** 
itotoch calls 80
MathisKcr raises 160 to 240
Alvaropom04 folds
itotoch calls 160
*** FLOP *** [9c As 2h]
MathisKcr bets 245 and is all-in
itotoch folds
MathisKcr collected 805 from pot
*** SUMMARY ***
Total pot 805 | No rake
Board: [9c As 2h]
Seat 1: MathisKcr (small blind) won 805


Winamax Poker - Tournament "Expresso" buyIn: 0.46€ + 0.04€ level: 6 - HandId: #4334349878361587713-19-1761391577 - Holdem no limit (50/100) - 2025/10/25 11:26:17 UTC
Table: 'Expresso(1009169472)#0' 3-max (real money) Seat #1 is the button
Seat 1: MathisKcr (805)
Seat 2: Alvaropom04 (525)
Seat 3: itotoch (170)
*** ANTE/BLINDS ***
Alvaropom04 posts small blind 50
itotoch posts big blind 100
Dealt to MathisKcr [3c Js]
*** PRE-FLOP *** 
MathisKcr folds
Alvaropom04 folds
itotoch collected 150 from pot
*** SUMMARY ***
Total pot 150 | No rake
Seat 3: itotoch (big blind) won 150


Winamax Poker - Tournament "Expresso" buyIn: 0.46€ + 0.04€ level: 6 - HandId: #4334349878361587713-20-1761391591 - Holdem no limit (50/100) - 2025/10/25 11:26:31 UTC
Table: 'Expresso(1009169472)#0' 3-max (real money) Seat #2 is the button
Seat 1: MathisKcr (805)
Seat 2: Alvaropom04 (475)
Seat 3: itotoch (220)
*** ANTE/BLINDS ***
itotoch posts small blind 50
MathisKcr posts big blind 100
Dealt to MathisKcr [3c 3s]
*** PRE-FLOP *** 
Alvaropom04 folds
itotoch calls 50
MathisKcr raises 705 to 805 and is all-in
itotoch calls 120 and is all-in
*** FLOP *** [5s Jc 8d]
*** TURN *** [5s Jc 8d][As]
*** RIVER *** [5s Jc 8d As][4c]
*** SHOW DOWN ***
MathisKcr shows [3c 3s] (One pair : 3)
itotoch shows [Qh 5c] (One pair : 5)
itotoch collected 440 from main pot
MathisKcr collected 585 from side pot 1
*** SUMMARY ***
Total pot 1025 | No rake
Board: [5s Jc 8d As 4c]
Seat 1: MathisKcr (big blind) showed [3c 3s] and won 585 with One pair : 3
Seat 3: itotoch (small blind) showed [Qh 5c] and won 440 with One pair : 5


Winamax Poker - Tournament "Expresso" buyIn: 0.46€ + 0.04€ level: 6 - HandId: #4334349878361587713-21-1761391629 - Holdem no limit (50/100) - 2025/10/25 11:27:09 UTC
Table: 'Expresso(1009169472)#0' 3-max (real money) Seat #3 is the button
Seat 1: MathisKcr (585)
Seat 2: Alvaropom04 (475)
Seat 3: itotoch (440)
*** ANTE/BLINDS ***
MathisKcr posts small blind 50
Alvaropom04 posts big blind 100
Dealt to MathisKcr [Qd Ac]
*** PRE-FLOP *** 
itotoch calls 100
MathisKcr raises 485 to 585 and is all-in
Alvaropom04 folds
itotoch calls 340 and is all-in
*** FLOP *** [9d 7h Qc]
*** TURN *** [9d 7h Qc][2c]
*** RIVER *** [9d 7h Qc 2c][3d]
*** SHOW DOWN ***
itotoch shows [4d 4c] (One pair : 4)
MathisKcr shows [Qd Ac] (One pair : Queens)
MathisKcr collected 1125 from pot
*** SUMMARY ***
Total pot 1125 | No rake
Board: [9d 7h Qc 2c 3d]
Seat 1: MathisKcr (small blind) showed [Qd Ac] and won 1125 with One pair : Queens
Seat 3: itotoch (button) showed [4d 4c] and lost with One pair : 4


Winamax Poker - Tournament "Expresso" buyIn: 0.46€ + 0.04€ level: 7 - HandId: #4334349878361587713-22-1761391650 - Holdem no limit (60/120) - 2025/10/25 11:27:30 UTC
Table: 'Expresso(1009169472)#0' 3-max (real money) Seat #2 is the button
Seat 1: MathisKcr (1125)
Seat 2: Alvaropom04 (375)
*** ANTE/BLINDS ***
Alvaropom04 posts small blind 60
MathisKcr posts big blind 120
Dealt to MathisKcr [6s Ts]
*** PRE-FLOP *** 
Alvaropom04 folds
MathisKcr collected 180 from pot
*** SUMMARY ***
Total pot 180 | No rake
Seat 1: MathisKcr (big blind) won 180


Winamax Poker - Tournament "Expresso" buyIn: 0.46€ + 0.04€ level: 7 - HandId: #4334349878361587713-23-1761391657 - Holdem no limit (60/120) - 2025/10/25 11:27:37 UTC
Table: 'Expresso(1009169472)#0' 3-max (real money) Seat #1 is the button
Seat 1: MathisKcr (1185)
Seat 2: Alvaropom04 (315)
*** ANTE/BLINDS ***
MathisKcr posts small blind 60
Alvaropom04 posts big blind 120
Dealt to MathisKcr [Jd 7d]
*** PRE-FLOP *** 
MathisKcr raises 120 to 240
Alvaropom04 folds
MathisKcr collected 360 from pot
*** SUMMARY ***
Total pot 360 | No rake
Seat 1: MathisKcr (small blind) (button) won 360


Winamax Poker - Tournament "Expresso" buyIn: 0.46€ + 0.04€ level: 7 - HandId: #4334349878361587713-24-1761391665 - Holdem no limit (60/120) - 2025/10/25 11:27:45 UTC
Table: 'Expresso(1009169472)#0' 3-max (real money) Seat #2 is the button
Seat 1: MathisKcr (1305)
Seat 2: Alvaropom04 (195)
*** ANTE/BLINDS ***
Alvaropom04 posts small blind 60
MathisKcr posts big blind 120
Dealt to MathisKcr [Qh Kd]
*** PRE-FLOP *** 
Alvaropom04 folds
MathisKcr collected 180 from pot
*** SUMMARY ***
Total pot 180 | No rake
Seat 1: MathisKcr (big blind) won 180


Winamax Poker - Tournament "Expresso" buyIn: 0.46€ + 0.04€ level: 7 - HandId: #4334349878361587713-25-1761391670 - Holdem no limit (60/120) - 2025/10/25 11:27:50 UTC
Table: 'Expresso(1009169472)#0' 3-max (real money) Seat #1 is the button
Seat 1: MathisKcr (1365)
Seat 2: Alvaropom04 (135)
*** ANTE/BLINDS ***
MathisKcr posts small blind 60
Alvaropom04 posts big blind 120
Dealt to MathisKcr [Ac 4c]
*** PRE-FLOP *** 
MathisKcr raises 120 to 240
Alvaropom04 calls 15 and is all-in
*** FLOP *** [5c 6s Ts]
*** TURN *** [5c 6s Ts][4d]
*** RIVER *** [5c 6s Ts 4d][7s]
*** SHOW DOWN ***
MathisKcr shows [Ac 4c] (One pair : 4)
Alvaropom04 shows [8d Th] (Straight 8 high)
Alvaropom04 collected 270 from main pot
MathisKcr collected 105 from side pot 1
*** SUMMARY ***
Total pot 375 | No rake
Board: [5c 6s Ts 4d 7s]
Seat 1: MathisKcr (small blind) (button) showed [Ac 4c] and won 105 with One pair : 4
Seat 2: Alvaropom04 (big blind) showed [8d Th] and won 270 with Straight 8 high


Winamax Poker - Tournament "Expresso" buyIn: 0.46€ + 0.04€ level: 7 - HandId: #4334349878361587713-26-1761391683 - Holdem no limit (60/120) - 2025/10/25 11:28:03 UTC
Table: 'Expresso(1009169472)#0' 3-max (real money) Seat #2 is the button
Seat 1: MathisKcr (1230)
Seat 2: Alvaropom04 (270)
*** ANTE/BLINDS ***
Alvaropom04 posts small blind 60
MathisKcr posts big blind 120
Dealt to MathisKcr [As Qc]
*** PRE-FLOP *** 
Alvaropom04 raises 150 to 270 and is all-in
MathisKcr calls 150
*** FLOP *** [7d Jc 3s]
*** TURN *** [7d Jc 3s][5h]
*** RIVER *** [7d Jc 3s 5h][8s]
*** SHOW DOWN ***
Alvaropom04 shows [Qd 9c] (High card : Queen)
MathisKcr shows [As Qc] (High card : Ace)
MathisKcr collected 540 from pot
*** SUMMARY ***
Total pot 540 | No rake
Board: [7d Jc 3s 5h 8s]
Seat 1: MathisKcr (big blind) showed [As Qc] and won 540 with High card : Ace
Seat 2: Alvaropom04 (small blind) (button) showed [Qd 9c] and lost with High card : Queen


