Winamax Poker - Tournament "Expresso Nitro" buyIn: 0.46€ + 0.04€ level: 1 - HandId: #4349547624433451009-1-1762099605 - Holdem no limit (10/20) - 2025/11/02 16:06:45 UTC
Table: 'Expresso Nitro(1012707973)#0' 3-max (real money) Seat #2 is the button
Seat 1: MathisKcr (300)
Seat 2: sosorx (300)
Seat 3: KingIrving11 (300)
*** ANTE/BLINDS ***
KingIrving11 posts small blind 10
MathisKcr posts big blind 20
Dealt to MathisKcr [Qs Kh]
*** PRE-FLOP *** 
sosorx raises 280 to 300 and is all-in
KingIrving11 folds
MathisKcr calls 280 and is all-in
*** FLOP *** [Kd As 7d]
*** TURN *** [Kd As 7d][9s]
*** RIVER *** [Kd As 7d 9s][Qd]
*** SHOW DOWN ***
sosorx shows [5c Tc] (High card : Ace)
MathisKcr shows [Qs Kh] (Two pairs : Kings and Queens)
MathisKcr collected 610 from pot
*** SUMMARY ***
Total pot 610 | No rake
Board: [Kd As 7d 9s Qd]
Seat 1: MathisKcr (big blind) showed [Qs Kh] and won 610 with Two pairs : Kings and Queens
Seat 2: sosorx (button) showed [5c Tc] and lost with High card : Ace


Winamax Poker - Tournament "Expresso Nitro" buyIn: 0.46€ + 0.04€ level: 1 - HandId: #4349547624433451009-2-1762099619 - Holdem no limit (10/20) - 2025/11/02 16:06:59 UTC
Table: 'Expresso Nitro(1012707973)#0' 3-max (real money) Seat #1 is the button
Seat 1: MathisKcr (610)
Seat 3: KingIrving11 (290)
*** ANTE/BLINDS ***
MathisKcr posts small blind 10
KingIrving11 posts big blind 20
Dealt to MathisKcr [Qh Ah]
*** PRE-FLOP *** 
MathisKcr raises 20 to 40
KingIrving11 calls 20
*** FLOP *** [7d 8s 9h]
KingIrving11 bets 80
MathisKcr raises 490 to 570 and is all-in
KingIrving11 calls 170 and is all-in
*** TURN *** [7d 8s 9h][Jc]
*** RIVER *** [7d 8s 9h Jc][5d]
*** SHOW DOWN ***
MathisKcr shows [Qh Ah] (High card : Ace)
KingIrving11 shows [5c Td] (Straight Jack high)
KingIrving11 collected 580 from main pot
MathisKcr collected 320 from side pot 1
*** SUMMARY ***
Total pot 900 | No rake
Board: [7d 8s 9h Jc 5d]
Seat 1: MathisKcr (small blind) (button) showed [Qh Ah] and won 320 with High card : Ace
Seat 3: KingIrving11 (big blind) showed [5c Td] and won 580 with Straight Jack high


Winamax Poker - Tournament "Expresso Nitro" buyIn: 0.46€ + 0.04€ level: 1 - HandId: #4349547624433451009-3-1762099636 - Holdem no limit (10/20) - 2025/11/02 16:07:16 UTC
Table: 'Expresso Nitro(1012707973)#0' 3-max (real money) Seat #3 is the button
Seat 1: MathisKcr (320)
Seat 3: KingIrving11 (580)
*** ANTE/BLINDS ***
KingIrving11 posts small blind 10
MathisKcr posts big blind 20
Dealt to MathisKcr [Ah Ad]
*** PRE-FLOP *** 
KingIrving11 raises 40 to 60
MathisKcr calls 40
*** FLOP *** [9d 5s 4h]
MathisKcr checks
KingIrving11 bets 120
MathisKcr calls 120
*** TURN *** [9d 5s 4h][3d]
MathisKcr checks
KingIrving11 checks
*** RIVER *** [9d 5s 4h 3d][Th]
MathisKcr bets 140 and is all-in
KingIrving11 calls 140
*** SHOW DOWN ***
KingIrving11 shows [4c As] (One pair : 4)
MathisKcr shows [Ah Ad] (One pair : Aces)
MathisKcr collected 640 from pot
*** SUMMARY ***
Total pot 640 | No rake
Board: [9d 5s 4h 3d Th]
Seat 1: MathisKcr (big blind) showed [Ah Ad] and won 640 with One pair : Aces
Seat 3: KingIrving11 (small blind) (button) showed [4c As] and lost with One pair : 4


Winamax Poker - Tournament "Expresso Nitro" buyIn: 0.46€ + 0.04€ level: 1 - HandId: #4349547624433451009-4-1762099656 - Holdem no limit (10/20) - 2025/11/02 16:07:36 UTC
Table: 'Expresso Nitro(1012707973)#0' 3-max (real money) Seat #1 is the button
Seat 1: MathisKcr (640)
Seat 3: KingIrving11 (260)
*** ANTE/BLINDS ***
MathisKcr posts small blind 10
KingIrving11 posts big blind 20
Dealt to MathisKcr [7s Ah]
*** PRE-FLOP *** 
MathisKcr calls 10
KingIrving11 checks
*** FLOP *** [6h 5s 5c]
KingIrving11 checks
MathisKcr bets 20
KingIrving11 folds
MathisKcr collected 60 from pot
*** SUMMARY ***
Total pot 60 | No rake
Board: [6h 5s 5c]
Seat 1: MathisKcr (small blind) (button) won 60


Winamax Poker - Tournament "Expresso Nitro" buyIn: 0.46€ + 0.04€ level: 2 - HandId: #4349547624433451009-5-1762099670 - Holdem no limit (15/30) - 2025/11/02 16:07:50 UTC
Table: 'Expresso Nitro(1012707973)#0' 3-max (real money) Seat #3 is the button
Seat 1: MathisKcr (660)
Seat 3: KingIrving11 (240)
*** ANTE/BLINDS ***
KingIrving11 posts small blind 15
MathisKcr posts big blind 30
Dealt to MathisKcr [Ah Qc]
*** PRE-FLOP *** 
KingIrving11 raises 210 to 240 and is all-in
MathisKcr calls 210
*** FLOP *** [Jh Td 3h]
*** TURN *** [Jh Td 3h][Kd]
*** RIVER *** [Jh Td 3h Kd][7h]
*** SHOW DOWN ***
KingIrving11 shows [Ac 2s] (High card : Ace)
MathisKcr shows [Ah Qc] (Straight Ace high)
MathisKcr collected 480 from pot
*** SUMMARY ***
Total pot 480 | No rake
Board: [Jh Td 3h Kd 7h]
Seat 1: MathisKcr (big blind) showed [Ah Qc] and won 480 with Straight Ace high
Seat 3: KingIrving11 (small blind) (button) showed [Ac 2s] and lost with High card : Ace


