Winamax Poker - Tournament "Expresso" buyIn: 0.46€ + 0.04€ level: 1 - HandId: #4340607345064148993-1-1761683584 - Holdem no limit (10/20) - 2025/10/28 20:33:04 UTC
Table: 'Expresso(1010626402)#0' 3-max (real money) Seat #1 is the button
Seat 1: MathisKcr (500)
Seat 2: tatou450 (500)
Seat 3: PJ-Titan3299 (500)
*** ANTE/BLINDS ***
tatou450 posts small blind 10
PJ-Titan3299 posts big blind 20
Dealt to MathisKcr [Tc 9h]
*** PRE-FLOP *** 
MathisKcr calls 20
tatou450 calls 10
PJ-Titan3299 raises 60 to 80
MathisKcr folds
tatou450 calls 60
*** FLOP *** [Ts Th 6d]
tatou450 checks
PJ-Titan3299 bets 180
tatou450 folds
PJ-Titan3299 collected 360 from pot
*** SUMMARY ***
Total pot 360 | No rake
Board: [Ts Th 6d]
Seat 3: PJ-Titan3299 (big blind) won 360


Winamax Poker - Tournament "Expresso" buyIn: 0.46€ + 0.04€ level: 1 - HandId: #4340607345064148993-2-1761683609 - Holdem no limit (10/20) - 2025/10/28 20:33:29 UTC
Table: 'Expresso(1010626402)#0' 3-max (real money) Seat #2 is the button
Seat 1: MathisKcr (480)
Seat 2: tatou450 (420)
Seat 3: PJ-Titan3299 (600)
*** ANTE/BLINDS ***
PJ-Titan3299 posts small blind 10
MathisKcr posts big blind 20
Dealt to MathisKcr [9s 4c]
*** PRE-FLOP *** 
tatou450 raises 20 to 40
PJ-Titan3299 raises 560 to 600 and is all-in
MathisKcr folds
tatou450 calls 380 and is all-in
*** FLOP *** [7d 2s 6c]
*** TURN *** [7d 2s 6c][Jd]
*** RIVER *** [7d 2s 6c Jd][6d]
*** SHOW DOWN ***
tatou450 shows [8h As] (One pair : 6)
PJ-Titan3299 shows [Ah Jc] (Two pairs : Jacks and 6)
PJ-Titan3299 collected 1040 from pot
*** SUMMARY ***
Total pot 1040 | No rake
Board: [7d 2s 6c Jd 6d]
Seat 2: tatou450 (button) showed [8h As] and lost with One pair : 6
Seat 3: PJ-Titan3299 (small blind) showed [Ah Jc] and won 1040 with Two pairs : Jacks and 6


Winamax Poker - Tournament "Expresso" buyIn: 0.46€ + 0.04€ level: 1 - HandId: #4340607345064148993-3-1761683634 - Holdem no limit (10/20) - 2025/10/28 20:33:54 UTC
Table: 'Expresso(1010626402)#0' 3-max (real money) Seat #1 is the button
Seat 1: MathisKcr (460)
Seat 3: PJ-Titan3299 (1040)
*** ANTE/BLINDS ***
MathisKcr posts small blind 10
PJ-Titan3299 posts big blind 20
Dealt to MathisKcr [Qs 5h]
*** PRE-FLOP *** 
MathisKcr calls 10
PJ-Titan3299 raises 40 to 60
MathisKcr calls 40
*** FLOP *** [8s 3h 6s]
PJ-Titan3299 checks
MathisKcr bets 400 and is all-in
PJ-Titan3299 folds
MathisKcr collected 520 from pot
*** SUMMARY ***
Total pot 520 | No rake
Board: [8s 3h 6s]
Seat 1: MathisKcr (small blind) (button) won 520


Winamax Poker - Tournament "Expresso" buyIn: 0.46€ + 0.04€ level: 1 - HandId: #4340607345064148993-4-1761683650 - Holdem no limit (10/20) - 2025/10/28 20:34:10 UTC
Table: 'Expresso(1010626402)#0' 3-max (real money) Seat #3 is the button
Seat 1: MathisKcr (520)
Seat 3: PJ-Titan3299 (980)
*** ANTE/BLINDS ***
PJ-Titan3299 posts small blind 10
MathisKcr posts big blind 20
Dealt to MathisKcr [Kc Kd]
*** PRE-FLOP *** 
PJ-Titan3299 calls 10
MathisKcr checks
*** FLOP *** [4d As 9h]
MathisKcr checks
PJ-Titan3299 bets 40
MathisKcr calls 40
*** TURN *** [4d As 9h][7d]
MathisKcr checks
PJ-Titan3299 bets 120
MathisKcr raises 120 to 240
PJ-Titan3299 folds
MathisKcr collected 480 from pot
*** SUMMARY ***
Total pot 480 | No rake
Board: [4d As 9h 7d]
Seat 1: MathisKcr (big blind) won 480


Winamax Poker - Tournament "Expresso" buyIn: 0.46€ + 0.04€ level: 2 - HandId: #4340607345064148993-5-1761683678 - Holdem no limit (15/30) - 2025/10/28 20:34:38 UTC
Table: 'Expresso(1010626402)#0' 3-max (real money) Seat #1 is the button
Seat 1: MathisKcr (700)
Seat 3: PJ-Titan3299 (800)
*** ANTE/BLINDS ***
MathisKcr posts small blind 15
PJ-Titan3299 posts big blind 30
Dealt to MathisKcr [7c 5s]
*** PRE-FLOP *** 
MathisKcr folds
PJ-Titan3299 collected 45 from pot
*** SUMMARY ***
Total pot 45 | No rake
Seat 3: PJ-Titan3299 (big blind) won 45


Winamax Poker - Tournament "Expresso" buyIn: 0.46€ + 0.04€ level: 2 - HandId: #4340607345064148993-6-1761683683 - Holdem no limit (15/30) - 2025/10/28 20:34:43 UTC
Table: 'Expresso(1010626402)#0' 3-max (real money) Seat #3 is the button
Seat 1: MathisKcr (685)
Seat 3: PJ-Titan3299 (815)
*** ANTE/BLINDS ***
PJ-Titan3299 posts small blind 15
MathisKcr posts big blind 30
Dealt to MathisKcr [4c Qc]
*** PRE-FLOP *** 
PJ-Titan3299 calls 15
MathisKcr checks
*** FLOP *** [Js Kd 7d]
MathisKcr checks
PJ-Titan3299 checks
*** TURN *** [Js Kd 7d][Qs]
MathisKcr bets 60
PJ-Titan3299 folds
MathisKcr collected 120 from pot
*** SUMMARY ***
Total pot 120 | No rake
Board: [Js Kd 7d Qs]
Seat 1: MathisKcr (big blind) won 120


Winamax Poker - Tournament "Expresso" buyIn: 0.46€ + 0.04€ level: 2 - HandId: #4340607345064148993-7-1761683720 - Holdem no limit (15/30) - 2025/10/28 20:35:20 UTC
Table: 'Expresso(1010626402)#0' 3-max (real money) Seat #1 is the button
Seat 1: MathisKcr (715)
Seat 3: PJ-Titan3299 (785)
*** ANTE/BLINDS ***
MathisKcr posts small blind 15
PJ-Titan3299 posts big blind 30
Dealt to MathisKcr [Tc Jd]
*** PRE-FLOP *** 
MathisKcr raises 30 to 60
PJ-Titan3299 calls 30
*** FLOP *** [4h 3c 6c]
PJ-Titan3299 bets 120
MathisKcr folds
PJ-Titan3299 collected 240 from pot
*** SUMMARY ***
Total pot 240 | No rake
Board: [4h 3c 6c]
Seat 3: PJ-Titan3299 (big blind) won 240


Winamax Poker - Tournament "Expresso" buyIn: 0.46€ + 0.04€ level: 2 - HandId: #4340607345064148993-8-1761683731 - Holdem no limit (15/30) - 2025/10/28 20:35:31 UTC
Table: 'Expresso(1010626402)#0' 3-max (real money) Seat #3 is the button
Seat 1: MathisKcr (655)
Seat 3: PJ-Titan3299 (845)
*** ANTE/BLINDS ***
PJ-Titan3299 posts small blind 15
MathisKcr posts big blind 30
Dealt to MathisKcr [7s Jh]
*** PRE-FLOP *** 
PJ-Titan3299 raises 60 to 90
MathisKcr folds
PJ-Titan3299 collected 120 from pot
*** SUMMARY ***
Total pot 120 | No rake
Seat 3: PJ-Titan3299 (small blind) (button) won 120


Winamax Poker - Tournament "Expresso" buyIn: 0.46€ + 0.04€ level: 2 - HandId: #4340607345064148993-9-1761683738 - Holdem no limit (15/30) - 2025/10/28 20:35:38 UTC
Table: 'Expresso(1010626402)#0' 3-max (real money) Seat #1 is the button
Seat 1: MathisKcr (625)
Seat 3: PJ-Titan3299 (875)
*** ANTE/BLINDS ***
MathisKcr posts small blind 15
PJ-Titan3299 posts big blind 30
Dealt to MathisKcr [Qd Th]
*** PRE-FLOP *** 
MathisKcr raises 60 to 90
PJ-Titan3299 calls 60
*** FLOP *** [3h 4d 5c]
PJ-Titan3299 bets 180
MathisKcr raises 355 to 535 and is all-in
PJ-Titan3299 calls 355
*** TURN *** [3h 4d 5c][Kc]
*** RIVER *** [3h 4d 5c Kc][2c]
*** SHOW DOWN ***
MathisKcr shows [Qd Th] (High card : King)
PJ-Titan3299 shows [Qc 6c] (Flush King high)
PJ-Titan3299 collected 1250 from pot
*** SUMMARY ***
Total pot 1250 | No rake
Board: [3h 4d 5c Kc 2c]
Seat 1: MathisKcr (small blind) (button) showed [Qd Th] and lost with High card : King
Seat 3: PJ-Titan3299 (big blind) showed [Qc 6c] and won 1250 with Flush King high


