Winamax Poker - Tournament "Expresso" buyIn: 0.46€ + 0.04€ level: 1 - HandId: #4216290551768547329-1-1756280553 - Holdem no limit (10/20) - 2025/08/27 07:42:33 UTC
Table: 'Expresso(981681643)#0' 3-max (real money) Seat #2 is the button
Seat 1: MathisKcr (500)
Seat 2: JA-Fenomeno0 (500)
Seat 3: CHAV42 (500)
*** ANTE/BLINDS ***
CHAV42 posts small blind 10
MathisKcr posts big blind 20
Dealt to MathisKcr [Jd 7s]
*** PRE-FLOP *** 
JA-Fenomeno0 calls 20
CHAV42 raises 20 to 40
MathisKcr calls 20
JA-Fenomeno0 calls 20
*** FLOP *** [Qs 8h 2h]
CHAV42 checks
MathisKcr checks
JA-Fenomeno0 checks
*** TURN *** [Qs 8h 2h][8d]
CHAV42 checks
MathisKcr checks
JA-Fenomeno0 checks
*** RIVER *** [Qs 8h 2h 8d][5s]
CHAV42 checks
MathisKcr bets 40
JA-Fenomeno0 calls 40
CHAV42 folds
*** SHOW DOWN ***
MathisKcr shows [Jd 7s] (One pair : 8)
JA-Fenomeno0 shows [Jh 5h] (Two pairs : 8 and 5)
JA-Fenomeno0 collected 200 from pot
*** SUMMARY ***
Total pot 200 | No rake
Board: [Qs 8h 2h 8d 5s]
Seat 1: MathisKcr (big blind) showed [Jd 7s] and lost with One pair : 8
Seat 2: JA-Fenomeno0 (button) showed [Jh 5h] and won 200 with Two pairs : 8 and 5


Winamax Poker - Tournament "Expresso" buyIn: 0.46€ + 0.04€ level: 1 - HandId: #4216290551768547329-2-1756280597 - Holdem no limit (10/20) - 2025/08/27 07:43:17 UTC
Table: 'Expresso(981681643)#0' 3-max (real money) Seat #3 is the button
Seat 1: MathisKcr (420)
Seat 2: JA-Fenomeno0 (620)
Seat 3: CHAV42 (460)
*** ANTE/BLINDS ***
MathisKcr posts small blind 10
JA-Fenomeno0 posts big blind 20
Dealt to MathisKcr [3s 4h]
*** PRE-FLOP *** 
CHAV42 folds
MathisKcr calls 10
JA-Fenomeno0 checks
*** FLOP *** [6s 4c 9c]
MathisKcr checks
JA-Fenomeno0 checks
*** TURN *** [6s 4c 9c][7d]
MathisKcr checks
JA-Fenomeno0 checks
*** RIVER *** [6s 4c 9c 7d][Ks]
MathisKcr checks
JA-Fenomeno0 checks
*** SHOW DOWN ***
JA-Fenomeno0 shows [Jh 5s] (High card : King)
MathisKcr shows [3s 4h] (One pair : 4)
MathisKcr collected 40 from pot
*** SUMMARY ***
Total pot 40 | No rake
Board: [6s 4c 9c 7d Ks]
Seat 1: MathisKcr (small blind) showed [3s 4h] and won 40 with One pair : 4
Seat 2: JA-Fenomeno0 (big blind) showed [Jh 5s] and lost with High card : King


Winamax Poker - Tournament "Expresso" buyIn: 0.46€ + 0.04€ level: 2 - HandId: #4216290551768547329-3-1756280644 - Holdem no limit (15/30) - 2025/08/27 07:44:04 UTC
Table: 'Expresso(981681643)#0' 3-max (real money) Seat #1 is the button
Seat 1: MathisKcr (440)
Seat 2: JA-Fenomeno0 (600)
Seat 3: CHAV42 (460)
*** ANTE/BLINDS ***
JA-Fenomeno0 posts small blind 15
CHAV42 posts big blind 30
Dealt to MathisKcr [8c 5h]
*** PRE-FLOP *** 
MathisKcr folds
JA-Fenomeno0 calls 15
CHAV42 checks
*** FLOP *** [4s 8s Kh]
JA-Fenomeno0 bets 570 and is all-in
CHAV42 folds
JA-Fenomeno0 collected 630 from pot
*** SUMMARY ***
Total pot 630 | No rake
Board: [4s 8s Kh]
Seat 2: JA-Fenomeno0 (small blind) won 630


Winamax Poker - Tournament "Expresso" buyIn: 0.46€ + 0.04€ level: 2 - HandId: #4216290551768547329-4-1756280662 - Holdem no limit (15/30) - 2025/08/27 07:44:22 UTC
Table: 'Expresso(981681643)#0' 3-max (real money) Seat #2 is the button
Seat 1: MathisKcr (440)
Seat 2: JA-Fenomeno0 (630)
Seat 3: CHAV42 (430)
*** ANTE/BLINDS ***
CHAV42 posts small blind 15
MathisKcr posts big blind 30
Dealt to MathisKcr [Th 3s]
*** PRE-FLOP *** 
JA-Fenomeno0 folds
CHAV42 folds
MathisKcr collected 45 from pot
*** SUMMARY ***
Total pot 45 | No rake
Seat 1: MathisKcr (big blind) won 45


Winamax Poker - Tournament "Expresso" buyIn: 0.46€ + 0.04€ level: 2 - HandId: #4216290551768547329-5-1756280669 - Holdem no limit (15/30) - 2025/08/27 07:44:29 UTC
Table: 'Expresso(981681643)#0' 3-max (real money) Seat #3 is the button
Seat 1: MathisKcr (455)
Seat 2: JA-Fenomeno0 (630)
Seat 3: CHAV42 (415)
*** ANTE/BLINDS ***
MathisKcr posts small blind 15
JA-Fenomeno0 posts big blind 30
Dealt to MathisKcr [8h 6d]
*** PRE-FLOP *** 
CHAV42 folds
MathisKcr calls 15
JA-Fenomeno0 checks
*** FLOP *** [Td 3c Js]
MathisKcr checks
JA-Fenomeno0 checks
*** TURN *** [Td 3c Js][3d]
MathisKcr bets 60
JA-Fenomeno0 calls 60
*** RIVER *** [Td 3c Js 3d][2s]
MathisKcr checks
JA-Fenomeno0 checks
*** SHOW DOWN ***
JA-Fenomeno0 shows [4s 6h] (One pair : 3)
MathisKcr shows [8h 6d] (One pair : 3)
MathisKcr collected 180 from pot
*** SUMMARY ***
Total pot 180 | No rake
Board: [Td 3c Js 3d 2s]
Seat 1: MathisKcr (small blind) showed [8h 6d] and won 180 with One pair : 3
Seat 2: JA-Fenomeno0 (big blind) showed [4s 6h] and lost with One pair : 3


Winamax Poker - Tournament "Expresso" buyIn: 0.46€ + 0.04€ level: 2 - HandId: #4216290551768547329-6-1756280700 - Holdem no limit (15/30) - 2025/08/27 07:45:00 UTC
Table: 'Expresso(981681643)#0' 3-max (real money) Seat #1 is the button
Seat 1: MathisKcr (545)
Seat 2: JA-Fenomeno0 (540)
Seat 3: CHAV42 (415)
*** ANTE/BLINDS ***
JA-Fenomeno0 posts small blind 15
CHAV42 posts big blind 30
Dealt to MathisKcr [6h 8s]
*** PRE-FLOP *** 
MathisKcr calls 30
JA-Fenomeno0 calls 15
CHAV42 checks
*** FLOP *** [9d Jd Qs]
JA-Fenomeno0 checks
CHAV42 bets 30
MathisKcr calls 30
JA-Fenomeno0 calls 30
*** TURN *** [9d Jd Qs][Jh]
JA-Fenomeno0 checks
CHAV42 bets 30
MathisKcr calls 30
JA-Fenomeno0 calls 30
*** RIVER *** [9d Jd Qs Jh][5d]
JA-Fenomeno0 checks
CHAV42 bets 30
MathisKcr folds
JA-Fenomeno0 folds
CHAV42 collected 300 from pot
*** SUMMARY ***
Total pot 300 | No rake
Board: [9d Jd Qs Jh 5d]
Seat 3: CHAV42 (big blind) won 300


Winamax Poker - Tournament "Expresso" buyIn: 0.46€ + 0.04€ level: 3 - HandId: #4216290551768547329-7-1756280750 - Holdem no limit (20/40) - 2025/08/27 07:45:50 UTC
Table: 'Expresso(981681643)#0' 3-max (real money) Seat #2 is the button
Seat 1: MathisKcr (455)
Seat 2: JA-Fenomeno0 (450)
Seat 3: CHAV42 (595)
*** ANTE/BLINDS ***
CHAV42 posts small blind 20
MathisKcr posts big blind 40
Dealt to MathisKcr [Kd 6c]
*** PRE-FLOP *** 
JA-Fenomeno0 folds
CHAV42 folds
MathisKcr collected 60 from pot
*** SUMMARY ***
Total pot 60 | No rake
Seat 1: MathisKcr (big blind) won 60


Winamax Poker - Tournament "Expresso" buyIn: 0.46€ + 0.04€ level: 3 - HandId: #4216290551768547329-8-1756280760 - Holdem no limit (20/40) - 2025/08/27 07:46:00 UTC
Table: 'Expresso(981681643)#0' 3-max (real money) Seat #3 is the button
Seat 1: MathisKcr (475)
Seat 2: JA-Fenomeno0 (450)
Seat 3: CHAV42 (575)
*** ANTE/BLINDS ***
MathisKcr posts small blind 20
JA-Fenomeno0 posts big blind 40
Dealt to MathisKcr [8d 5s]
*** PRE-FLOP *** 
CHAV42 folds
MathisKcr calls 20
JA-Fenomeno0 raises 80 to 120
MathisKcr folds
JA-Fenomeno0 collected 160 from pot
*** SUMMARY ***
Total pot 160 | No rake
Seat 2: JA-Fenomeno0 (big blind) won 160


Winamax Poker - Tournament "Expresso" buyIn: 0.46€ + 0.04€ level: 3 - HandId: #4216290551768547329-9-1756280774 - Holdem no limit (20/40) - 2025/08/27 07:46:14 UTC
Table: 'Expresso(981681643)#0' 3-max (real money) Seat #1 is the button
Seat 1: MathisKcr (435)
Seat 2: JA-Fenomeno0 (490)
Seat 3: CHAV42 (575)
*** ANTE/BLINDS ***
JA-Fenomeno0 posts small blind 20
CHAV42 posts big blind 40
Dealt to MathisKcr [7h Qc]
*** PRE-FLOP *** 
MathisKcr calls 40
JA-Fenomeno0 raises 120 to 160
CHAV42 calls 120
MathisKcr folds
*** FLOP *** [As Th 6d]
JA-Fenomeno0 bets 330 and is all-in
CHAV42 folds
JA-Fenomeno0 collected 690 from pot
*** SUMMARY ***
Total pot 690 | No rake
Board: [As Th 6d]
Seat 2: JA-Fenomeno0 (small blind) won 690


Winamax Poker - Tournament "Expresso" buyIn: 0.46€ + 0.04€ level: 3 - HandId: #4216290551768547329-10-1756280785 - Holdem no limit (20/40) - 2025/08/27 07:46:25 UTC
Table: 'Expresso(981681643)#0' 3-max (real money) Seat #2 is the button
Seat 1: MathisKcr (395)
Seat 2: JA-Fenomeno0 (690)
Seat 3: CHAV42 (415)
*** ANTE/BLINDS ***
CHAV42 posts small blind 20
MathisKcr posts big blind 40
Dealt to MathisKcr [Ts 2s]
*** PRE-FLOP *** 
JA-Fenomeno0 raises 650 to 690 and is all-in
CHAV42 folds
MathisKcr folds
JA-Fenomeno0 collected 750 from pot
*** SUMMARY ***
Total pot 750 | No rake
Seat 2: JA-Fenomeno0 (button) won 750


Winamax Poker - Tournament "Expresso" buyIn: 0.46€ + 0.04€ level: 3 - HandId: #4216290551768547329-11-1756280795 - Holdem no limit (20/40) - 2025/08/27 07:46:35 UTC
Table: 'Expresso(981681643)#0' 3-max (real money) Seat #3 is the button
Seat 1: MathisKcr (355)
Seat 2: JA-Fenomeno0 (750)
Seat 3: CHAV42 (395)
*** ANTE/BLINDS ***
MathisKcr posts small blind 20
JA-Fenomeno0 posts big blind 40
Dealt to MathisKcr [6c Ks]
*** PRE-FLOP *** 
CHAV42 raises 40 to 80
MathisKcr calls 60
JA-Fenomeno0 calls 40
*** FLOP *** [Js Kc 8s]
MathisKcr bets 120
JA-Fenomeno0 raises 550 to 670 and is all-in
CHAV42 folds
MathisKcr calls 155 and is all-in
*** TURN *** [Js Kc 8s][4d]
*** RIVER *** [Js Kc 8s 4d][Qh]
*** SHOW DOWN ***
MathisKcr shows [6c Ks] (One pair : Kings)
JA-Fenomeno0 shows [8c Ts] (One pair : 8)
JA-Fenomeno0 collected 395 from side pot 1
MathisKcr collected 790 from main pot
*** SUMMARY ***
Total pot 1185 | No rake
Board: [Js Kc 8s 4d Qh]
Seat 1: MathisKcr (small blind) showed [6c Ks] and won 790 with One pair : Kings
Seat 2: JA-Fenomeno0 (big blind) showed [8c Ts] and won 395 with One pair : 8


Winamax Poker - Tournament "Expresso" buyIn: 0.46€ + 0.04€ level: 4 - HandId: #4216290551768547329-12-1756280833 - Holdem no limit (30/60) - 2025/08/27 07:47:13 UTC
Table: 'Expresso(981681643)#0' 3-max (real money) Seat #1 is the button
Seat 1: MathisKcr (790)
Seat 2: JA-Fenomeno0 (395)
Seat 3: CHAV42 (315)
*** ANTE/BLINDS ***
JA-Fenomeno0 posts small blind 30
CHAV42 posts big blind 60
Dealt to MathisKcr [Kc 6s]
*** PRE-FLOP *** 
MathisKcr raises 60 to 120
JA-Fenomeno0 raises 275 to 395 and is all-in
CHAV42 folds
MathisKcr calls 275
*** FLOP *** [4h 7h Qh]
*** TURN *** [4h 7h Qh][Ad]
*** RIVER *** [4h 7h Qh Ad][Tc]
*** SHOW DOWN ***
MathisKcr shows [Kc 6s] (High card : Ace)
JA-Fenomeno0 shows [4c 7s] (Two pairs : 7 and 4)
JA-Fenomeno0 collected 850 from pot
*** SUMMARY ***
Total pot 850 | No rake
Board: [4h 7h Qh Ad Tc]
Seat 1: MathisKcr (button) showed [Kc 6s] and lost with High card : Ace
Seat 2: JA-Fenomeno0 (small blind) showed [4c 7s] and won 850 with Two pairs : 7 and 4


Winamax Poker - Tournament "Expresso" buyIn: 0.46€ + 0.04€ level: 4 - HandId: #4216290551768547329-13-1756280854 - Holdem no limit (30/60) - 2025/08/27 07:47:34 UTC
Table: 'Expresso(981681643)#0' 3-max (real money) Seat #2 is the button
Seat 1: MathisKcr (395)
Seat 2: JA-Fenomeno0 (850)
Seat 3: CHAV42 (255)
*** ANTE/BLINDS ***
CHAV42 posts small blind 30
MathisKcr posts big blind 60
Dealt to MathisKcr [2d 6s]
*** PRE-FLOP *** 
JA-Fenomeno0 raises 790 to 850 and is all-in
CHAV42 calls 225 and is all-in
MathisKcr folds
*** FLOP *** [5d Js Ac]
*** TURN *** [5d Js Ac][Qh]
*** RIVER *** [5d Js Ac Qh][7c]
*** SHOW DOWN ***
JA-Fenomeno0 shows [4d 6d] (High card : Ace)
CHAV42 shows [Jh Qc] (Two pairs : Queens and Jacks)
CHAV42 collected 570 from main pot
JA-Fenomeno0 collected 595 from side pot 1
*** SUMMARY ***
Total pot 1165 | No rake
Board: [5d Js Ac Qh 7c]
Seat 2: JA-Fenomeno0 (button) showed [4d 6d] and won 595 with High card : Ace
Seat 3: CHAV42 (small blind) showed [Jh Qc] and won 570 with Two pairs : Queens and Jacks


Winamax Poker - Tournament "Expresso" buyIn: 0.46€ + 0.04€ level: 4 - HandId: #4216290551768547329-14-1756280873 - Holdem no limit (30/60) - 2025/08/27 07:47:53 UTC
Table: 'Expresso(981681643)#0' 3-max (real money) Seat #3 is the button
Seat 1: MathisKcr (335)
Seat 2: JA-Fenomeno0 (595)
Seat 3: CHAV42 (570)
*** ANTE/BLINDS ***
MathisKcr posts small blind 30
JA-Fenomeno0 posts big blind 60
Dealt to MathisKcr [Qd 5s]
*** PRE-FLOP *** 
CHAV42 raises 90 to 150
MathisKcr raises 185 to 335 and is all-in
JA-Fenomeno0 raises 260 to 595 and is all-in
CHAV42 calls 420 and is all-in
*** FLOP *** [5c 9h 8h]
*** TURN *** [5c 9h 8h][Js]
*** RIVER *** [5c 9h 8h Js][7h]
*** SHOW DOWN ***
MathisKcr shows [Qd 5s] (One pair : 5)
CHAV42 shows [6c 6d] (Straight 9 high)
JA-Fenomeno0 shows [Kc Th] (Straight Jack high)
JA-Fenomeno0 collected 1500 from pot
*** SUMMARY ***
Total pot 1500 | No rake
Board: [5c 9h 8h Js 7h]
Seat 1: MathisKcr (small blind) showed [Qd 5s] and lost with One pair : 5
Seat 2: JA-Fenomeno0 (big blind) showed [Kc Th] and won 1500 with Straight Jack high
Seat 3: CHAV42 (button) showed [6c 6d] and lost with Straight 9 high


