Winamax Poker - Tournament "Expresso Nitro" buyIn: 0.46€ + 0.04€ level: 1 - HandId: #4351299945320415233-1-1762178415 - Holdem no limit (10/20) - 2025/11/03 14:00:15 UTC
Table: 'Expresso Nitro(1013115967)#0' 3-max (real money) Seat #1 is the button
Seat 1: 10102626 (300)
Seat 2: Cuenya (300)
Seat 3: MathisKcr (300)
*** ANTE/BLINDS ***
Cuenya posts small blind 10
MathisKcr posts big blind 20
Dealt to MathisKcr [3s 4c]
*** PRE-FLOP *** 
10102626 calls 20
Cuenya calls 10
MathisKcr checks
*** FLOP *** [6c Qd Jc]
Cuenya checks
MathisKcr checks
10102626 checks
*** TURN *** [6c Qd Jc][4d]
Cuenya checks
MathisKcr bets 40
10102626 calls 40
Cuenya folds
*** RIVER *** [6c Qd Jc 4d][7d]
MathisKcr checks
10102626 checks
*** SHOW DOWN ***
MathisKcr shows [3s 4c] (One pair : 4)
10102626 shows [5h 5d] (One pair : 5)
10102626 collected 140 from pot
*** SUMMARY ***
Total pot 140 | No rake
Board: [6c Qd Jc 4d 7d]
Seat 1: 10102626 (button) showed [5h 5d] and won 140 with One pair : 5
Seat 3: MathisKcr (big blind) showed [3s 4c] and lost with One pair : 4


Winamax Poker - Tournament "Expresso Nitro" buyIn: 0.46€ + 0.04€ level: 1 - HandId: #4351299945320415233-2-1762178443 - Holdem no limit (10/20) - 2025/11/03 14:00:43 UTC
Table: 'Expresso Nitro(1013115967)#0' 3-max (real money) Seat #2 is the button
Seat 1: 10102626 (380)
Seat 2: Cuenya (280)
Seat 3: MathisKcr (240)
*** ANTE/BLINDS ***
MathisKcr posts small blind 10
10102626 posts big blind 20
Dealt to MathisKcr [9c Qc]
*** PRE-FLOP *** 
Cuenya raises 20 to 40
MathisKcr calls 30
10102626 calls 20
*** FLOP *** [6d Kd Th]
MathisKcr checks
10102626 checks
Cuenya bets 42
MathisKcr folds
10102626 calls 42
*** TURN *** [6d Kd Th][5d]
10102626 checks
Cuenya bets 71
10102626 calls 71
*** RIVER *** [6d Kd Th 5d][Ks]
10102626 checks
Cuenya bets 127 and is all-in
10102626 calls 127
*** SHOW DOWN ***
10102626 shows [Ad Qs] (One pair : Kings)
Cuenya shows [As Kc] (Trips of Kings)
Cuenya collected 600 from pot
*** SUMMARY ***
Total pot 600 | No rake
Board: [6d Kd Th 5d Ks]
Seat 1: 10102626 (big blind) showed [Ad Qs] and lost with One pair : Kings
Seat 2: Cuenya (button) showed [As Kc] and won 600 with Trips of Kings


Winamax Poker - Tournament "Expresso Nitro" buyIn: 0.46€ + 0.04€ level: 2 - HandId: #4351299945320415233-3-1762178477 - Holdem no limit (15/30) - 2025/11/03 14:01:17 UTC
Table: 'Expresso Nitro(1013115967)#0' 3-max (real money) Seat #3 is the button
Seat 1: 10102626 (100)
Seat 2: Cuenya (600)
Seat 3: MathisKcr (200)
*** ANTE/BLINDS ***
10102626 posts small blind 15
Cuenya posts big blind 30
Dealt to MathisKcr [Kh 3s]
*** PRE-FLOP *** 
MathisKcr calls 30
10102626 raises 70 to 100 and is all-in
Cuenya calls 70
MathisKcr folds
*** FLOP *** [8s 5h 4s]
*** TURN *** [8s 5h 4s][Qs]
*** RIVER *** [8s 5h 4s Qs][Tc]
*** SHOW DOWN ***
10102626 shows [5c 2d] (One pair : 5)
Cuenya shows [Ah 8d] (One pair : 8)
Cuenya collected 230 from pot
*** SUMMARY ***
Total pot 230 | No rake
Board: [8s 5h 4s Qs Tc]
Seat 1: 10102626 (small blind) showed [5c 2d] and lost with One pair : 5
Seat 2: Cuenya (big blind) showed [Ah 8d] and won 230 with One pair : 8


Winamax Poker - Tournament "Expresso Nitro" buyIn: 0.46€ + 0.04€ level: 2 - HandId: #4351299945320415233-4-1762178493 - Holdem no limit (15/30) - 2025/11/03 14:01:33 UTC
Table: 'Expresso Nitro(1013115967)#0' 3-max (real money) Seat #2 is the button
Seat 2: Cuenya (730)
Seat 3: MathisKcr (170)
*** ANTE/BLINDS ***
Cuenya posts small blind 15
MathisKcr posts big blind 30
Dealt to MathisKcr [Tc 2h]
*** PRE-FLOP *** 
Cuenya calls 15
MathisKcr checks
*** FLOP *** [Kc 3c Jc]
MathisKcr checks
Cuenya checks
*** TURN *** [Kc 3c Jc][Ts]
MathisKcr bets 60
Cuenya folds
MathisKcr collected 120 from pot
*** SUMMARY ***
Total pot 120 | No rake
Board: [Kc 3c Jc Ts]
Seat 3: MathisKcr (big blind) won 120


Winamax Poker - Tournament "Expresso Nitro" buyIn: 0.46€ + 0.04€ level: 2 - HandId: #4351299945320415233-5-1762178509 - Holdem no limit (15/30) - 2025/11/03 14:01:49 UTC
Table: 'Expresso Nitro(1013115967)#0' 3-max (real money) Seat #3 is the button
Seat 2: Cuenya (700)
Seat 3: MathisKcr (200)
*** ANTE/BLINDS ***
MathisKcr posts small blind 15
Cuenya posts big blind 30
Dealt to MathisKcr [Js 3c]
*** PRE-FLOP *** 
MathisKcr calls 15
Cuenya raises 30 to 60
MathisKcr folds
Cuenya collected 90 from pot
*** SUMMARY ***
Total pot 90 | No rake
Seat 2: Cuenya (big blind) won 90


Winamax Poker - Tournament "Expresso Nitro" buyIn: 0.46€ + 0.04€ level: 2 - HandId: #4351299945320415233-6-1762178517 - Holdem no limit (15/30) - 2025/11/03 14:01:57 UTC
Table: 'Expresso Nitro(1013115967)#0' 3-max (real money) Seat #2 is the button
Seat 2: Cuenya (730)
Seat 3: MathisKcr (170)
*** ANTE/BLINDS ***
Cuenya posts small blind 15
MathisKcr posts big blind 30
Dealt to MathisKcr [As 2d]
*** PRE-FLOP *** 
Cuenya raises 30 to 60
MathisKcr calls 30
*** FLOP *** [7s 4c 5c]
MathisKcr checks
Cuenya bets 42
MathisKcr calls 42
*** TURN *** [7s 4c 5c][5d]
MathisKcr checks
Cuenya bets 75
MathisKcr folds
Cuenya collected 279 from pot
*** SUMMARY ***
Total pot 279 | No rake
Board: [7s 4c 5c 5d]
Seat 2: Cuenya (small blind) (button) won 279


Winamax Poker - Tournament "Expresso Nitro" buyIn: 0.46€ + 0.04€ level: 3 - HandId: #4351299945320415233-7-1762178535 - Holdem no limit (20/40) - 2025/11/03 14:02:15 UTC
Table: 'Expresso Nitro(1013115967)#0' 3-max (real money) Seat #3 is the button
Seat 2: Cuenya (832)
Seat 3: MathisKcr (68)
*** ANTE/BLINDS ***
MathisKcr posts small blind 20
Cuenya posts big blind 40
Dealt to MathisKcr [5c 6d]
*** PRE-FLOP *** 
MathisKcr folds
Cuenya collected 60 from pot
*** SUMMARY ***
Total pot 60 | No rake
Seat 2: Cuenya (big blind) won 60


Winamax Poker - Tournament "Expresso Nitro" buyIn: 0.46€ + 0.04€ level: 3 - HandId: #4351299945320415233-8-1762178539 - Holdem no limit (20/40) - 2025/11/03 14:02:19 UTC
Table: 'Expresso Nitro(1013115967)#0' 3-max (real money) Seat #2 is the button
Seat 2: Cuenya (852)
Seat 3: MathisKcr (48)
*** ANTE/BLINDS ***
Cuenya posts small blind 20
MathisKcr posts big blind 40
Dealt to MathisKcr [4h 5d]
*** PRE-FLOP *** 
Cuenya calls 20
MathisKcr checks
*** FLOP *** [4c 7s 4d]
MathisKcr checks
Cuenya bets 40
MathisKcr calls 8 and is all-in
*** TURN *** [4c 7s 4d][Js]
*** RIVER *** [4c 7s 4d Js][7d]
*** SHOW DOWN ***
Cuenya shows [Jc 8h] (Two pairs : Jacks and 7)
MathisKcr shows [4h 5d] (Full of 4 and 7)
MathisKcr collected 96 from main pot
Cuenya collected 32 from side pot 1
*** SUMMARY ***
Total pot 128 | No rake
Board: [4c 7s 4d Js 7d]
Seat 2: Cuenya (small blind) (button) showed [Jc 8h] and won 32 with Two pairs : Jacks and 7
Seat 3: MathisKcr (big blind) showed [4h 5d] and won 96 with Full of 4 and 7


Winamax Poker - Tournament "Expresso Nitro" buyIn: 0.46€ + 0.04€ level: 3 - HandId: #4351299945320415233-9-1762178556 - Holdem no limit (20/40) - 2025/11/03 14:02:36 UTC
Table: 'Expresso Nitro(1013115967)#0' 3-max (real money) Seat #3 is the button
Seat 2: Cuenya (804)
Seat 3: MathisKcr (96)
*** ANTE/BLINDS ***
MathisKcr posts small blind 20
Cuenya posts big blind 40
Dealt to MathisKcr [Kd Td]
*** PRE-FLOP *** 
MathisKcr raises 56 to 96 and is all-in
Cuenya calls 56
*** FLOP *** [Tc Qd 8c]
*** TURN *** [Tc Qd 8c][3h]
*** RIVER *** [Tc Qd 8c 3h][Qs]
*** SHOW DOWN ***
Cuenya shows [5s Js] (One pair : Queens)
MathisKcr shows [Kd Td] (Two pairs : Queens and Tens)
MathisKcr collected 192 from pot
*** SUMMARY ***
Total pot 192 | No rake
Board: [Tc Qd 8c 3h Qs]
Seat 2: Cuenya (big blind) showed [5s Js] and lost with One pair : Queens
Seat 3: MathisKcr (small blind) (button) showed [Kd Td] and won 192 with Two pairs : Queens and Tens


Winamax Poker - Tournament "Expresso Nitro" buyIn: 0.46€ + 0.04€ level: 3 - HandId: #4351299945320415233-10-1762178568 - Holdem no limit (20/40) - 2025/11/03 14:02:48 UTC
Table: 'Expresso Nitro(1013115967)#0' 3-max (real money) Seat #2 is the button
Seat 2: Cuenya (708)
Seat 3: MathisKcr (192)
*** ANTE/BLINDS ***
Cuenya posts small blind 20
MathisKcr posts big blind 40
Dealt to MathisKcr [2c Kh]
*** PRE-FLOP *** 
Cuenya folds
MathisKcr collected 60 from pot
*** SUMMARY ***
Total pot 60 | No rake
Seat 3: MathisKcr (big blind) won 60


Winamax Poker - Tournament "Expresso Nitro" buyIn: 0.46€ + 0.04€ level: 3 - HandId: #4351299945320415233-11-1762178574 - Holdem no limit (20/40) - 2025/11/03 14:02:54 UTC
Table: 'Expresso Nitro(1013115967)#0' 3-max (real money) Seat #3 is the button
Seat 2: Cuenya (688)
Seat 3: MathisKcr (212)
*** ANTE/BLINDS ***
MathisKcr posts small blind 20
Cuenya posts big blind 40
Dealt to MathisKcr [Th Kh]
*** PRE-FLOP *** 
MathisKcr raises 172 to 212 and is all-in
Cuenya folds
MathisKcr collected 252 from pot
*** SUMMARY ***
Total pot 252 | No rake
Seat 3: MathisKcr (small blind) (button) won 252


Winamax Poker - Tournament "Expresso Nitro" buyIn: 0.46€ + 0.04€ level: 3 - HandId: #4351299945320415233-12-1762178584 - Holdem no limit (20/40) - 2025/11/03 14:03:04 UTC
Table: 'Expresso Nitro(1013115967)#0' 3-max (real money) Seat #2 is the button
Seat 2: Cuenya (648)
Seat 3: MathisKcr (252)
*** ANTE/BLINDS ***
Cuenya posts small blind 20
MathisKcr posts big blind 40
Dealt to MathisKcr [Ts 7c]
*** PRE-FLOP *** 
Cuenya raises 40 to 80
MathisKcr folds
Cuenya collected 120 from pot
*** SUMMARY ***
Total pot 120 | No rake
Seat 2: Cuenya (small blind) (button) won 120


Winamax Poker - Tournament "Expresso Nitro" buyIn: 0.46€ + 0.04€ level: 3 - HandId: #4351299945320415233-13-1762178590 - Holdem no limit (20/40) - 2025/11/03 14:03:10 UTC
Table: 'Expresso Nitro(1013115967)#0' 3-max (real money) Seat #3 is the button
Seat 2: Cuenya (688)
Seat 3: MathisKcr (212)
*** ANTE/BLINDS ***
MathisKcr posts small blind 20
Cuenya posts big blind 40
Dealt to MathisKcr [2c 4s]
*** PRE-FLOP *** 
MathisKcr folds
Cuenya collected 60 from pot
*** SUMMARY ***
Total pot 60 | No rake
Seat 2: Cuenya (big blind) won 60


Winamax Poker - Tournament "Expresso Nitro" buyIn: 0.46€ + 0.04€ level: 4 - HandId: #4351299945320415233-14-1762178594 - Holdem no limit (30/60) - 2025/11/03 14:03:14 UTC
Table: 'Expresso Nitro(1013115967)#0' 3-max (real money) Seat #2 is the button
Seat 2: Cuenya (708)
Seat 3: MathisKcr (192)
*** ANTE/BLINDS ***
Cuenya posts small blind 30
MathisKcr posts big blind 60
Dealt to MathisKcr [5d 3s]
*** PRE-FLOP *** 
Cuenya calls 30
MathisKcr checks
*** FLOP *** [8c Jd 8d]
MathisKcr checks
Cuenya checks
*** TURN *** [8c Jd 8d][Ks]
MathisKcr checks
Cuenya bets 60
MathisKcr folds
Cuenya collected 180 from pot
*** SUMMARY ***
Total pot 180 | No rake
Board: [8c Jd 8d Ks]
Seat 2: Cuenya (small blind) (button) won 180


Winamax Poker - Tournament "Expresso Nitro" buyIn: 0.46€ + 0.04€ level: 4 - HandId: #4351299945320415233-15-1762178607 - Holdem no limit (30/60) - 2025/11/03 14:03:27 UTC
Table: 'Expresso Nitro(1013115967)#0' 3-max (real money) Seat #3 is the button
Seat 2: Cuenya (768)
Seat 3: MathisKcr (132)
*** ANTE/BLINDS ***
MathisKcr posts small blind 30
Cuenya posts big blind 60
Dealt to MathisKcr [4d Ad]
*** PRE-FLOP *** 
MathisKcr raises 72 to 132 and is all-in
Cuenya calls 72
*** FLOP *** [3s Jh 2s]
*** TURN *** [3s Jh 2s][5c]
*** RIVER *** [3s Jh 2s 5c][2c]
*** SHOW DOWN ***
Cuenya shows [Kh 8h] (One pair : 2)
MathisKcr shows [4d Ad] (Straight 5 high)
MathisKcr collected 264 from pot
*** SUMMARY ***
Total pot 264 | No rake
Board: [3s Jh 2s 5c 2c]
Seat 2: Cuenya (big blind) showed [Kh 8h] and lost with One pair : 2
Seat 3: MathisKcr (small blind) (button) showed [4d Ad] and won 264 with Straight 5 high


Winamax Poker - Tournament "Expresso Nitro" buyIn: 0.46€ + 0.04€ level: 4 - HandId: #4351299945320415233-16-1762178619 - Holdem no limit (30/60) - 2025/11/03 14:03:39 UTC
Table: 'Expresso Nitro(1013115967)#0' 3-max (real money) Seat #2 is the button
Seat 2: Cuenya (636)
Seat 3: MathisKcr (264)
*** ANTE/BLINDS ***
Cuenya posts small blind 30
MathisKcr posts big blind 60
Dealt to MathisKcr [5c 5d]
*** PRE-FLOP *** 
Cuenya raises 120 to 180
MathisKcr raises 84 to 264 and is all-in
Cuenya calls 84
*** FLOP *** [Td 9h Ah]
*** TURN *** [Td 9h Ah][Ac]
*** RIVER *** [Td 9h Ah Ac][3h]
*** SHOW DOWN ***
Cuenya shows [3d Jd] (Two pairs : Aces and 3)
MathisKcr shows [5c 5d] (Two pairs : Aces and 5)
MathisKcr collected 528 from pot
*** SUMMARY ***
Total pot 528 | No rake
Board: [Td 9h Ah Ac 3h]
Seat 2: Cuenya (small blind) (button) showed [3d Jd] and lost with Two pairs : Aces and 3
Seat 3: MathisKcr (big blind) showed [5c 5d] and won 528 with Two pairs : Aces and 5


Winamax Poker - Tournament "Expresso Nitro" buyIn: 0.46€ + 0.04€ level: 4 - HandId: #4351299945320415233-17-1762178632 - Holdem no limit (30/60) - 2025/11/03 14:03:52 UTC
Table: 'Expresso Nitro(1013115967)#0' 3-max (real money) Seat #3 is the button
Seat 2: Cuenya (372)
Seat 3: MathisKcr (528)
*** ANTE/BLINDS ***
MathisKcr posts small blind 30
Cuenya posts big blind 60
Dealt to MathisKcr [7s 8s]
*** PRE-FLOP *** 
MathisKcr raises 468 to 528 and is all-in
Cuenya folds
MathisKcr collected 588 from pot
*** SUMMARY ***
Total pot 588 | No rake
Seat 3: MathisKcr (small blind) (button) won 588


Winamax Poker - Tournament "Expresso Nitro" buyIn: 0.46€ + 0.04€ level: 4 - HandId: #4351299945320415233-18-1762178642 - Holdem no limit (30/60) - 2025/11/03 14:04:02 UTC
Table: 'Expresso Nitro(1013115967)#0' 3-max (real money) Seat #2 is the button
Seat 2: Cuenya (312)
Seat 3: MathisKcr (588)
*** ANTE/BLINDS ***
Cuenya posts small blind 30
MathisKcr posts big blind 60
Dealt to MathisKcr [7c 9s]
*** PRE-FLOP *** 
Cuenya folds
MathisKcr collected 90 from pot
*** SUMMARY ***
Total pot 90 | No rake
Seat 3: MathisKcr (big blind) won 90


Winamax Poker - Tournament "Expresso Nitro" buyIn: 0.46€ + 0.04€ level: 4 - HandId: #4351299945320415233-19-1762178648 - Holdem no limit (30/60) - 2025/11/03 14:04:08 UTC
Table: 'Expresso Nitro(1013115967)#0' 3-max (real money) Seat #3 is the button
Seat 2: Cuenya (282)
Seat 3: MathisKcr (618)
*** ANTE/BLINDS ***
MathisKcr posts small blind 30
Cuenya posts big blind 60
Dealt to MathisKcr [7s 5d]
*** PRE-FLOP *** 
MathisKcr calls 30
Cuenya raises 222 to 282 and is all-in
MathisKcr folds
Cuenya collected 342 from pot
*** SUMMARY ***
Total pot 342 | No rake
Seat 2: Cuenya (big blind) won 342


Winamax Poker - Tournament "Expresso Nitro" buyIn: 0.46€ + 0.04€ level: 5 - HandId: #4351299945320415233-20-1762178655 - Holdem no limit (40/80) - 2025/11/03 14:04:15 UTC
Table: 'Expresso Nitro(1013115967)#0' 3-max (real money) Seat #2 is the button
Seat 2: Cuenya (342)
Seat 3: MathisKcr (558)
*** ANTE/BLINDS ***
Cuenya posts small blind 40
MathisKcr posts big blind 80
Dealt to MathisKcr [9h 7s]
*** PRE-FLOP *** 
Cuenya raises 262 to 342 and is all-in
MathisKcr folds
Cuenya collected 422 from pot
*** SUMMARY ***
Total pot 422 | No rake
Seat 2: Cuenya (small blind) (button) won 422


Winamax Poker - Tournament "Expresso Nitro" buyIn: 0.46€ + 0.04€ level: 5 - HandId: #4351299945320415233-21-1762178663 - Holdem no limit (40/80) - 2025/11/03 14:04:23 UTC
Table: 'Expresso Nitro(1013115967)#0' 3-max (real money) Seat #3 is the button
Seat 2: Cuenya (422)
Seat 3: MathisKcr (478)
*** ANTE/BLINDS ***
MathisKcr posts small blind 40
Cuenya posts big blind 80
Dealt to MathisKcr [3d As]
*** PRE-FLOP *** 
MathisKcr raises 398 to 478 and is all-in
Cuenya folds
MathisKcr collected 558 from pot
*** SUMMARY ***
Total pot 558 | No rake
Seat 3: MathisKcr (small blind) (button) won 558


Winamax Poker - Tournament "Expresso Nitro" buyIn: 0.46€ + 0.04€ level: 5 - HandId: #4351299945320415233-22-1762178670 - Holdem no limit (40/80) - 2025/11/03 14:04:30 UTC
Table: 'Expresso Nitro(1013115967)#0' 3-max (real money) Seat #2 is the button
Seat 2: Cuenya (342)
Seat 3: MathisKcr (558)
*** ANTE/BLINDS ***
Cuenya posts small blind 40
MathisKcr posts big blind 80
Dealt to MathisKcr [Ac Ks]
*** PRE-FLOP *** 
Cuenya raises 262 to 342 and is all-in
MathisKcr calls 262
*** FLOP *** [3s Jc 7d]
*** TURN *** [3s Jc 7d][6c]
*** RIVER *** [3s Jc 7d 6c][8h]
*** SHOW DOWN ***
Cuenya shows [9s Kd] (High card : King)
MathisKcr shows [Ac Ks] (High card : Ace)
MathisKcr collected 684 from pot
*** SUMMARY ***
Total pot 684 | No rake
Board: [3s Jc 7d 6c 8h]
Seat 2: Cuenya (small blind) (button) showed [9s Kd] and lost with High card : King
Seat 3: MathisKcr (big blind) showed [Ac Ks] and won 684 with High card : Ace


