Winamax Poker - Tournament "Expresso" buyIn: 0.46€ + 0.04€ level: 1 - HandId: #4349328748605079553-1-1762091292 - Holdem no limit (10/20) - 2025/11/02 13:48:12 UTC
Table: 'Expresso(1012657012)#0' 3-max (real money) Seat #1 is the button
Seat 1: ForeverBroke (500)
Seat 2: MathisKcr (500)
Seat 3: ixodida (500)
*** ANTE/BLINDS ***
MathisKcr posts small blind 10
ixodida posts big blind 20
Dealt to MathisKcr [9d Jc]
*** PRE-FLOP *** 
ForeverBroke folds
MathisKcr raises 20 to 40
ixodida calls 20
*** FLOP *** [9s 5d 2d]
MathisKcr bets 40
ixodida calls 40
*** TURN *** [9s 5d 2d][6c]
MathisKcr bets 80
ixodida calls 80
*** RIVER *** [9s 5d 2d 6c][5c]
MathisKcr bets 208
ixodida raises 132 to 340 and is all-in
MathisKcr calls 132 and is all-in
*** SHOW DOWN ***
MathisKcr shows [9d Jc] (Two pairs : 9 and 5)
ixodida shows [8h 7c] (Straight 9 high)
ixodida collected 1000 from pot
*** SUMMARY ***
Total pot 1000 | No rake
Board: [9s 5d 2d 6c 5c]
Seat 2: MathisKcr (small blind) showed [9d Jc] and lost with Two pairs : 9 and 5
Seat 3: ixodida (big blind) showed [8h 7c] and won 1000 with Straight 9 high


