Winamax Poker - Tournament "SPACE KO" buyIn: 1.80€ + 0.20€ level: 1 - HandId: #4282669365817507846-1-1759690810 - Holdem no limit (25/100/200) - 2025/10/05 19:00:10 UTC
Table: 'SPACE KO(997136665)#005' 8-max (real money) Seat #4 is the button
Seat 1: .inflex. (20000, 1€ bounty)
Seat 2: Conan59140 (20000, 1€ bounty)
Seat 3: Vi-DaH62 (20000, 1€ bounty)
Seat 4: Merrving (20000, 1€ bounty)
Seat 5: WishImLucky (20000, 1€ bounty)
Seat 6: Woalemec (20000, 1€ bounty)
Seat 7: Julien_67 (20000, 1€ bounty)
Seat 8: MathisKcr (20000, 1€ bounty)
*** ANTE/BLINDS ***
WishImLucky posts ante 25
Woalemec posts ante 25
.inflex. posts ante 25
Conan59140 posts ante 25
Vi-DaH62 posts ante 25
Merrving posts ante 25
Julien_67 posts ante 25
MathisKcr posts ante 25
WishImLucky posts small blind 100
Woalemec posts big blind 200
Dealt to MathisKcr [4c 6d]
*** PRE-FLOP *** 
Julien_67 folds
MathisKcr folds
.inflex. folds
Conan59140 folds
Vi-DaH62 calls 200
Merrving folds
WishImLucky folds
Woalemec checks
*** FLOP *** [5s Td Qh]
Woalemec checks
Vi-DaH62 checks
*** TURN *** [5s Td Qh][Qs]
Woalemec checks
Vi-DaH62 bets 455
Woalemec folds
Vi-DaH62 collected 1155 from pot
*** SUMMARY ***
Total pot 1155 | No rake
Board: [5s Td Qh Qs]
Seat 3: Vi-DaH62 won 1155


Winamax Poker - Tournament "SPACE KO" buyIn: 1.80€ + 0.20€ level: 1 - HandId: #4282669365817507882-2-1759690939 - Holdem no limit (25/100/200) - 2025/10/05 19:02:19 UTC
Table: 'SPACE KO(997136665)#041' 8-max (real money) Seat #8 is the button
Seat 1: vinceall (19750, 1€ bounty)
Seat 2: MathisKcr (19975, 1€ bounty)
Seat 3: Grillo53432 (20000, 1€ bounty)
Seat 4: Botche82 (20000, 1€ bounty)
Seat 5: Vinicio Galo (20350, 1€ bounty)
Seat 6: ChacalFort2 (20000, 1€ bounty)
Seat 7: 05121617 (18475, 1€ bounty)
Seat 8: -TrouNoir- (20325, 1€ bounty)
*** ANTE/BLINDS ***
vinceall posts ante 25
MathisKcr posts ante 25
Grillo53432 posts ante 25
Botche82 posts ante 25
Vinicio Galo posts ante 25
ChacalFort2 posts ante 25
05121617 posts ante 25
-TrouNoir- posts ante 25
vinceall posts small blind 100
MathisKcr posts big blind 200
Dealt to MathisKcr [7d 5d]
*** PRE-FLOP *** 
Grillo53432 folds
Botche82 calls 200
Vinicio Galo folds
ChacalFort2 folds
05121617 folds
-TrouNoir- folds
vinceall folds
MathisKcr checks
*** FLOP *** [9d As Jh]
MathisKcr checks
Botche82 checks
*** TURN *** [9d As Jh][Js]
MathisKcr checks
Botche82 checks
*** RIVER *** [9d As Jh Js][Jc]
MathisKcr checks
Botche82 bets 700
MathisKcr folds
Botche82 collected 1400 from pot
*** SUMMARY ***
Total pot 1400 | No rake
Board: [9d As Jh Js Jc]
Seat 4: Botche82 won 1400


Winamax Poker - Tournament "SPACE KO" buyIn: 1.80€ + 0.20€ level: 1 - HandId: #4282669365817507882-3-1759690995 - Holdem no limit (25/100/200) - 2025/10/05 19:03:15 UTC
Table: 'SPACE KO(997136665)#041' 8-max (real money) Seat #1 is the button
Seat 1: vinceall (19625, 1€ bounty)
Seat 2: MathisKcr (19750, 1€ bounty)
Seat 3: Grillo53432 (19975, 1€ bounty)
Seat 4: Botche82 (20475, 1€ bounty)
Seat 5: Vinicio Galo (20325, 1€ bounty)
Seat 6: ChacalFort2 (19975, 1€ bounty)
Seat 7: 05121617 (18450, 1€ bounty)
Seat 8: -TrouNoir- (20300, 1€ bounty)
*** ANTE/BLINDS ***
MathisKcr posts ante 25
Grillo53432 posts ante 25
vinceall posts ante 25
Botche82 posts ante 25
Vinicio Galo posts ante 25
ChacalFort2 posts ante 25
05121617 posts ante 25
-TrouNoir- posts ante 25
MathisKcr posts small blind 100
Grillo53432 posts big blind 200
Dealt to MathisKcr [6c 7c]
*** PRE-FLOP *** 
Botche82 raises 700 to 900
Vinicio Galo folds
ChacalFort2 folds
05121617 calls 900
-TrouNoir- folds
vinceall folds
MathisKcr folds
Grillo53432 folds
*** FLOP *** [Ah 3c Ac]
Botche82 checks
05121617 bets 805
Botche82 calls 805
*** TURN *** [Ah 3c Ac][Jc]
Botche82 bets 3910
05121617 calls 3910
*** RIVER *** [Ah 3c Ac Jc][8s]
Botche82 bets 14835 and is all-in
05121617 calls 12810 and is all-in
*** SHOW DOWN ***
05121617 shows [4s As] (Trips of Aces)
Botche82 shows [8c Ad] (Full of Aces and 8)
Botche82 collected 39375 from pot
*** SUMMARY ***
Total pot 39375 | No rake
Board: [Ah 3c Ac Jc 8s]
Seat 4: Botche82 showed [8c Ad] and won 39375 with Full of Aces and 8
Seat 7: 05121617 showed [4s As] and lost with Trips of Aces


Winamax Poker - Tournament "SPACE KO" buyIn: 1.80€ + 0.20€ level: 1 - HandId: #4282669365817507882-4-1759691070 - Holdem no limit (25/100/200) - 2025/10/05 19:04:30 UTC
Table: 'SPACE KO(997136665)#041' 8-max (real money) Seat #2 is the button
Seat 1: vinceall (19600, 1€ bounty)
Seat 2: MathisKcr (19625, 1€ bounty)
Seat 3: Grillo53432 (19750, 1€ bounty)
Seat 4: Botche82 (39375, 1.50€ bounty)
Seat 5: Vinicio Galo (20300, 1€ bounty)
Seat 6: ChacalFort2 (19950, 1€ bounty)
Seat 8: -TrouNoir- (20275, 1€ bounty)
*** ANTE/BLINDS ***
Grillo53432 posts ante 25
Botche82 posts ante 25
vinceall posts ante 25
MathisKcr posts ante 25
Vinicio Galo posts ante 25
ChacalFort2 posts ante 25
-TrouNoir- posts ante 25
Grillo53432 posts small blind 100
Botche82 posts big blind 200
Dealt to MathisKcr [6d 9s]
*** PRE-FLOP *** 
Vinicio Galo folds
ChacalFort2 raises 300 to 500
-TrouNoir- folds
vinceall calls 500
MathisKcr folds
Grillo53432 calls 400
Botche82 calls 300
*** FLOP *** [5d Kc 4s]
Grillo53432 checks
Botche82 checks
ChacalFort2 bets 900
vinceall folds
Grillo53432 calls 900
Botche82 raises 2854 to 3754
ChacalFort2 calls 2854
Grillo53432 calls 2854
*** TURN *** [5d Kc 4s][5h]
Grillo53432 checks
Botche82 bets 4703
ChacalFort2 calls 4703
Grillo53432 calls 4703
*** RIVER *** [5d Kc 4s 5h][8d]
Grillo53432 checks
Botche82 bets 30393 and is all-in
ChacalFort2 calls 10968 and is all-in
Grillo53432 folds
*** SHOW DOWN ***
Botche82 shows [Kd Qc] (Two pairs : Kings and 5)
ChacalFort2 shows [6c 7c] (Straight 8 high)
ChacalFort2 collected 49482 from main pot
Botche82 collected 19425 from side pot 1
*** SUMMARY ***
Total pot 68907 | No rake
Board: [5d Kc 4s 5h 8d]
Seat 4: Botche82 (big blind) showed [Kd Qc] and won 19425 with Two pairs : Kings and 5
Seat 6: ChacalFort2 showed [6c 7c] and won 49482 with Straight 8 high


Winamax Poker - Tournament "SPACE KO" buyIn: 1.80€ + 0.20€ level: 1 - HandId: #4282669365817507882-5-1759691126 - Holdem no limit (25/100/200) - 2025/10/05 19:05:26 UTC
Table: 'SPACE KO(997136665)#041' 8-max (real money) Seat #3 is the button
Seat 1: vinceall (19075, 1€ bounty)
Seat 2: MathisKcr (19600, 1€ bounty)
Seat 3: Grillo53432 (10768, 1€ bounty)
Seat 4: Botche82 (19425, 1.50€ bounty)
Seat 5: Vinicio Galo (20275, 1€ bounty)
Seat 7: Don-Don (20000, 1€ bounty)
Seat 8: -TrouNoir- (20250, 1€ bounty)
*** ANTE/BLINDS ***
Botche82 posts ante 25
Vinicio Galo posts ante 25
vinceall posts ante 25
MathisKcr posts ante 25
Grillo53432 posts ante 25
Don-Don posts ante 25
-TrouNoir- posts ante 25
Botche82 posts small blind 100
Vinicio Galo posts big blind 200
Dealt to MathisKcr [Kh Ks]
*** PRE-FLOP *** 
Don-Don raises 400 to 600
-TrouNoir- folds
vinceall folds
MathisKcr raises 400 to 1000
Grillo53432 calls 1000
Botche82 calls 900
Vinicio Galo folds
Don-Don raises 4375 to 5375
MathisKcr raises 14200 to 19575 and is all-in
Grillo53432 folds
Botche82 folds
Don-Don raises 400 to 19975 and is all-in
*** FLOP *** [2c 7c 8c]
*** TURN *** [2c 7c 8c][7s]
*** RIVER *** [2c 7c 8c 7s][7h]
*** SHOW DOWN ***
MathisKcr shows [Kh Ks] (Full of 7 and Kings)
Don-Don shows [Td Th] (Full of 7 and Tens)
Don-Don collected 400 from side pot 1
MathisKcr collected 41525 from main pot
*** SUMMARY ***
Total pot 41925 | No rake
Board: [2c 7c 8c 7s 7h]
Seat 2: MathisKcr showed [Kh Ks] and won 41525 with Full of 7 and Kings
Seat 7: Don-Don showed [Td Th] and won 400 with Full of 7 and Tens


Winamax Poker - Tournament "SPACE KO" buyIn: 1.80€ + 0.20€ level: 1 - HandId: #4282669365817507882-6-1759691182 - Holdem no limit (25/100/200) - 2025/10/05 19:06:22 UTC
Table: 'SPACE KO(997136665)#041' 8-max (real money) Seat #4 is the button
Seat 1: vinceall (19050, 1€ bounty)
Seat 2: MathisKcr (41525, 1€ bounty)
Seat 3: Grillo53432 (9743, 1€ bounty)
Seat 4: Botche82 (18400, 1.50€ bounty)
Seat 5: Vinicio Galo (20050, 1€ bounty)
Seat 6: bAAd PriTT (20000, 1€ bounty)
Seat 7: Don-Don (400, 1€ bounty)
Seat 8: -TrouNoir- (20225, 1€ bounty)
*** ANTE/BLINDS ***
Vinicio Galo posts ante 25
bAAd PriTT posts ante 25
vinceall posts ante 25
MathisKcr posts ante 25
Grillo53432 posts ante 25
Botche82 posts ante 25
Don-Don posts ante 25
-TrouNoir- posts ante 25
Vinicio Galo posts small blind 100
bAAd PriTT posts big blind 200
Dealt to MathisKcr [8c Td]
*** PRE-FLOP *** 
Don-Don raises 175 to 375 and is all-in
-TrouNoir- folds
vinceall folds
MathisKcr folds
Grillo53432 folds
Botche82 folds
Vinicio Galo raises 1150 to 1525
bAAd PriTT folds
*** FLOP *** [8s 2h Jc]
*** TURN *** [8s 2h Jc][Kh]
*** RIVER *** [8s 2h Jc Kh][Ts]
*** SHOW DOWN ***
Don-Don shows [Jd Kc] (Two pairs : Kings and Jacks)
Vinicio Galo shows [Qd As] (Straight Ace high)
Vinicio Galo collected 2300 from pot
*** SUMMARY ***
Total pot 2300 | No rake
Board: [8s 2h Jc Kh Ts]
Seat 5: Vinicio Galo (small blind) showed [Qd As] and won 2300 with Straight Ace high
Seat 7: Don-Don showed [Jd Kc] and lost with Two pairs : Kings and Jacks


Winamax Poker - Tournament "SPACE KO" buyIn: 1.80€ + 0.20€ level: 1 - HandId: #4282669365817507882-7-1759691227 - Holdem no limit (25/100/200) - 2025/10/05 19:07:07 UTC
Table: 'SPACE KO(997136665)#041' 8-max (real money) Seat #5 is the button
Seat 1: vinceall (19025, 1€ bounty)
Seat 2: MathisKcr (41500, 1€ bounty)
Seat 3: Grillo53432 (9718, 1€ bounty)
Seat 4: Botche82 (18375, 1.50€ bounty)
Seat 5: Vinicio Galo (20800, 1.20€ bounty)
Seat 6: bAAd PriTT (19775, 1€ bounty)
Seat 8: -TrouNoir- (20200, 1€ bounty)
*** ANTE/BLINDS ***
bAAd PriTT posts ante 25
-TrouNoir- posts ante 25
vinceall posts ante 25
MathisKcr posts ante 25
Grillo53432 posts ante 25
Botche82 posts ante 25
Vinicio Galo posts ante 25
bAAd PriTT posts small blind 100
-TrouNoir- posts big blind 200
Dealt to MathisKcr [8s Jc]
*** PRE-FLOP *** 
vinceall raises 200 to 400
MathisKcr calls 400
Grillo53432 folds
Botche82 raises 200 to 600
Vinicio Galo calls 600
bAAd PriTT folds
-TrouNoir- calls 400
vinceall calls 200
MathisKcr calls 200
*** FLOP *** [6s 8d Ac]
-TrouNoir- checks
vinceall checks
MathisKcr checks
Botche82 bets 3275
Vinicio Galo folds
-TrouNoir- folds
vinceall folds
MathisKcr folds
Botche82 collected 6550 from pot
*** SUMMARY ***
Total pot 6550 | No rake
Board: [6s 8d Ac]
Seat 4: Botche82 won 6550


Winamax Poker - Tournament "SPACE KO" buyIn: 1.80€ + 0.20€ level: 1 - HandId: #4282669365817507882-8-1759691264 - Holdem no limit (25/100/200) - 2025/10/05 19:07:44 UTC
Table: 'SPACE KO(997136665)#041' 8-max (real money) Seat #6 is the button
Seat 2: MathisKcr (40875, 1€ bounty)
Seat 3: Grillo53432 (9693, 1€ bounty)
Seat 4: Botche82 (21025, 1.50€ bounty)
Seat 5: Vinicio Galo (20175, 1.20€ bounty)
Seat 6: bAAd PriTT (19650, 1€ bounty)
Seat 7: supert6464 (20000, 1€ bounty)
Seat 8: -TrouNoir- (19575, 1€ bounty)
*** ANTE/BLINDS ***
-TrouNoir- posts ante 25
MathisKcr posts ante 25
Grillo53432 posts ante 25
Botche82 posts ante 25
Vinicio Galo posts ante 25
bAAd PriTT posts ante 25
-TrouNoir- posts small blind 100
MathisKcr posts big blind 200
Dealt to MathisKcr [2d Kc]
*** PRE-FLOP *** 
Grillo53432 raises 9468 to 9668 and is all-in
Botche82 folds
Vinicio Galo folds
bAAd PriTT folds
-TrouNoir- folds
MathisKcr folds
Grillo53432 collected 10118 from pot
*** SUMMARY ***
Total pot 10118 | No rake
Seat 3: Grillo53432 won 10118


Winamax Poker - Tournament "SPACE KO" buyIn: 1.80€ + 0.20€ level: 1 - HandId: #4282669365817507882-9-1759691301 - Holdem no limit (25/100/200) - 2025/10/05 19:08:21 UTC
Table: 'SPACE KO(997136665)#041' 8-max (real money) Seat #8 is the button
Seat 1: Wabro (20000, 1€ bounty)
Seat 2: MathisKcr (40650, 1€ bounty)
Seat 3: Grillo53432 (10118, 1€ bounty)
Seat 4: Botche82 (21000, 1.50€ bounty)
Seat 5: Vinicio Galo (20150, 1.20€ bounty)
Seat 6: bAAd PriTT (19625, 1€ bounty)
Seat 7: supert6464 (20000, 1€ bounty)
Seat 8: -TrouNoir- (19450, 1€ bounty)
*** ANTE/BLINDS ***
MathisKcr posts ante 25
Grillo53432 posts ante 25
Botche82 posts ante 25
Vinicio Galo posts ante 25
bAAd PriTT posts ante 25
supert6464 posts ante 25
-TrouNoir- posts ante 25
MathisKcr posts small blind 100
Grillo53432 posts big blind 200
Dealt to MathisKcr [8d 4d]
*** PRE-FLOP *** 
Botche82 raises 675 to 875
Vinicio Galo folds
bAAd PriTT folds
supert6464 folds
-TrouNoir- folds
MathisKcr folds
Grillo53432 calls 675
*** FLOP *** [9c Kh 4h]
Grillo53432 checks
Botche82 checks
*** TURN *** [9c Kh 4h][6d]
Grillo53432 checks
Botche82 checks
*** RIVER *** [9c Kh 4h 6d][Qc]
Grillo53432 checks
Botche82 bets 1316
Grillo53432 folds
Botche82 collected 3341 from pot
*** SUMMARY ***
Total pot 3341 | No rake
Board: [9c Kh 4h 6d Qc]
Seat 4: Botche82 won 3341


Winamax Poker - Tournament "SPACE KO" buyIn: 1.80€ + 0.20€ level: 1 - HandId: #4282669365817507882-10-1759691353 - Holdem no limit (25/100/200) - 2025/10/05 19:09:13 UTC
Table: 'SPACE KO(997136665)#041' 8-max (real money) Seat #2 is the button
Seat 1: Wabro (20000, 1€ bounty)
Seat 2: MathisKcr (40525, 1€ bounty)
Seat 3: Grillo53432 (9218, 1€ bounty)
Seat 4: Botche82 (22125, 1.50€ bounty)
Seat 5: Vinicio Galo (20125, 1.20€ bounty)
Seat 6: bAAd PriTT (19600, 1€ bounty)
Seat 7: supert6464 (19975, 1€ bounty)
Seat 8: -TrouNoir- (19425, 1€ bounty)
*** ANTE/BLINDS ***
Grillo53432 posts ante 25
Botche82 posts ante 25
Wabro posts ante 25
MathisKcr posts ante 25
Vinicio Galo posts ante 25
bAAd PriTT posts ante 25
supert6464 posts ante 25
-TrouNoir- posts ante 25
Grillo53432 posts small blind 100
Botche82 posts big blind 200
Dealt to MathisKcr [Ad 2d]
*** PRE-FLOP *** 
Vinicio Galo calls 200
bAAd PriTT calls 200
supert6464 folds
-TrouNoir- folds
Wabro folds
MathisKcr calls 200
Grillo53432 calls 100
Botche82 checks
*** FLOP *** [8c 6h 7d]
Grillo53432 checks
Botche82 checks
Vinicio Galo checks
bAAd PriTT checks
MathisKcr checks
*** TURN *** [8c 6h 7d][Kd]
Grillo53432 checks
Botche82 checks
Vinicio Galo checks
bAAd PriTT bets 855
MathisKcr calls 855
Grillo53432 folds
Botche82 folds
Vinicio Galo folds
*** RIVER *** [8c 6h 7d Kd][6s]
bAAd PriTT checks
MathisKcr checks
*** SHOW DOWN ***
MathisKcr shows [Ad 2d] (One pair : 6)
bAAd PriTT shows [Jd Ks] (Two pairs : Kings and 6)
bAAd PriTT collected 2910 from pot
*** SUMMARY ***
Total pot 2910 | No rake
Board: [8c 6h 7d Kd 6s]
Seat 2: MathisKcr (button) showed [Ad 2d] and lost with One pair : 6
Seat 6: bAAd PriTT showed [Jd Ks] and won 2910 with Two pairs : Kings and 6


Winamax Poker - Tournament "SPACE KO" buyIn: 1.80€ + 0.20€ level: 1 - HandId: #4282669365817507882-11-1759691430 - Holdem no limit (25/100/200) - 2025/10/05 19:10:30 UTC
Table: 'SPACE KO(997136665)#041' 8-max (real money) Seat #3 is the button
Seat 1: Wabro (19975, 1€ bounty)
Seat 2: MathisKcr (39445, 1€ bounty)
Seat 3: Grillo53432 (8993, 1€ bounty)
Seat 4: Botche82 (21900, 1.50€ bounty)
Seat 5: Vinicio Galo (19900, 1.20€ bounty)
Seat 6: bAAd PriTT (21430, 1€ bounty)
Seat 7: supert6464 (19950, 1€ bounty)
Seat 8: -TrouNoir- (19400, 1€ bounty)
*** ANTE/BLINDS ***
Botche82 posts ante 25
Vinicio Galo posts ante 25
Wabro posts ante 25
MathisKcr posts ante 25
Grillo53432 posts ante 25
bAAd PriTT posts ante 25
supert6464 posts ante 25
-TrouNoir- posts ante 25
Botche82 posts small blind 100
Vinicio Galo posts big blind 200
Dealt to MathisKcr [As 8h]
*** PRE-FLOP *** 
bAAd PriTT calls 200
supert6464 raises 19725 to 19925 and is all-in
-TrouNoir- folds
Wabro folds
MathisKcr calls 19925
Grillo53432 folds
Botche82 folds
Vinicio Galo folds
bAAd PriTT folds
*** FLOP *** [2c Ad Td]
*** TURN *** [2c Ad Td][Ks]
*** RIVER *** [2c Ad Td Ks][Qc]
*** SHOW DOWN ***
MathisKcr shows [As 8h] (One pair : Aces)
supert6464 shows [Ah Kd] (Two pairs : Aces and Kings)
supert6464 collected 40550 from pot
*** SUMMARY ***
Total pot 40550 | No rake
Board: [2c Ad Td Ks Qc]
Seat 2: MathisKcr showed [As 8h] and lost with One pair : Aces
Seat 7: supert6464 showed [Ah Kd] and won 40550 with Two pairs : Aces and Kings


Winamax Poker - Tournament "SPACE KO" buyIn: 1.80€ + 0.20€ level: 1 - HandId: #4282669365817507882-12-1759691455 - Holdem no limit (25/100/200) - 2025/10/05 19:10:55 UTC
Table: 'SPACE KO(997136665)#041' 8-max (real money) Seat #4 is the button
Seat 1: Wabro (19950, 1€ bounty)
Seat 2: MathisKcr (19495, 1€ bounty)
Seat 3: Grillo53432 (8968, 1€ bounty)
Seat 4: Botche82 (21775, 1.50€ bounty)
Seat 5: Vinicio Galo (19675, 1.20€ bounty)
Seat 6: bAAd PriTT (21205, 1€ bounty)
Seat 7: supert6464 (40550, 1€ bounty)
Seat 8: -TrouNoir- (19375, 1€ bounty)
*** ANTE/BLINDS ***
Vinicio Galo posts ante 25
bAAd PriTT posts ante 25
Wabro posts ante 25
MathisKcr posts ante 25
Grillo53432 posts ante 25
Botche82 posts ante 25
supert6464 posts ante 25
-TrouNoir- posts ante 25
Vinicio Galo posts small blind 100
bAAd PriTT posts big blind 200
Dealt to MathisKcr [8c 7d]
*** PRE-FLOP *** 
supert6464 folds
-TrouNoir- raises 200 to 400
Wabro raises 1200 to 1600
MathisKcr folds
Grillo53432 calls 1600
Botche82 folds
Vinicio Galo folds
bAAd PriTT folds
-TrouNoir- calls 1200
*** FLOP *** [Td 2h 4s]
-TrouNoir- checks
Wabro checks
Grillo53432 checks
*** TURN *** [Td 2h 4s][5c]
-TrouNoir- checks
Wabro checks
Grillo53432 checks
*** RIVER *** [Td 2h 4s 5c][9h]
-TrouNoir- checks
Wabro checks
Grillo53432 checks
*** SHOW DOWN ***
Wabro shows [Qc Ah] (High card : Ace)
Grillo53432 shows [Jd Qd] (High card : Queen)
-TrouNoir- shows [6c 6d] (One pair : 6)
-TrouNoir- collected 5300 from pot
*** SUMMARY ***
Total pot 5300 | No rake
Board: [Td 2h 4s 5c 9h]
Seat 1: Wabro showed [Qc Ah] and lost with High card : Ace
Seat 3: Grillo53432 showed [Jd Qd] and lost with High card : Queen
Seat 8: -TrouNoir- showed [6c 6d] and won 5300 with One pair : 6


Winamax Poker - Tournament "SPACE KO" buyIn: 1.80€ + 0.20€ level: 1 - HandId: #4282669365817507882-13-1759691561 - Holdem no limit (25/100/200) - 2025/10/05 19:12:41 UTC
Table: 'SPACE KO(997136665)#041' 8-max (real money) Seat #5 is the button
Seat 1: Wabro (18325, 1€ bounty)
Seat 2: MathisKcr (19470, 1€ bounty)
Seat 3: Grillo53432 (7343, 1€ bounty)
Seat 4: Botche82 (21750, 1.50€ bounty)
Seat 5: Vinicio Galo (19550, 1.20€ bounty)
Seat 6: bAAd PriTT (20980, 1€ bounty)
Seat 7: supert6464 (40525, 1€ bounty)
Seat 8: -TrouNoir- (23050, 1€ bounty)
*** ANTE/BLINDS ***
bAAd PriTT posts ante 25
supert6464 posts ante 25
Wabro posts ante 25
MathisKcr posts ante 25
Grillo53432 posts ante 25
Botche82 posts ante 25
Vinicio Galo posts ante 25
-TrouNoir- posts ante 25
bAAd PriTT posts small blind 100
supert6464 posts big blind 200
Dealt to MathisKcr [8s 9d]
*** PRE-FLOP *** 
-TrouNoir- folds
Wabro raises 200 to 400
MathisKcr folds
Grillo53432 folds
Botche82 calls 400
Vinicio Galo calls 400
bAAd PriTT folds
supert6464 calls 200
*** FLOP *** [Jc 8c Kd]
supert6464 checks
Wabro checks
Botche82 checks
Vinicio Galo checks
*** TURN *** [Jc 8c Kd][7c]
supert6464 checks
Wabro checks
Botche82 checks
Vinicio Galo checks
*** RIVER *** [Jc 8c Kd 7c][As]
supert6464 bets 400
Wabro raises 1646 to 2046
Botche82 raises 6392 to 8438
Vinicio Galo folds
supert6464 calls 8038
Wabro folds
*** SHOW DOWN ***
Botche82 shows [6h Ac] (One pair : Aces)
supert6464 shows [Qs Th] (Straight Ace high)
supert6464 collected 20822 from pot
*** SUMMARY ***
Total pot 20822 | No rake
Board: [Jc 8c Kd 7c As]
Seat 4: Botche82 showed [6h Ac] and lost with One pair : Aces
Seat 7: supert6464 (big blind) showed [Qs Th] and won 20822 with Straight Ace high


Winamax Poker - Tournament "SPACE KO" buyIn: 1.80€ + 0.20€ level: 1 - HandId: #4282669365817507882-14-1759691645 - Holdem no limit (25/100/200) - 2025/10/05 19:14:05 UTC
Table: 'SPACE KO(997136665)#041' 8-max (real money) Seat #6 is the button
Seat 1: Wabro (15854, 1€ bounty)
Seat 2: MathisKcr (19445, 1€ bounty)
Seat 3: Grillo53432 (7318, 1€ bounty)
Seat 4: Botche82 (12887, 1.50€ bounty)
Seat 5: Vinicio Galo (19125, 1.20€ bounty)
Seat 6: bAAd PriTT (20855, 1€ bounty)
Seat 7: supert6464 (52484, 1€ bounty)
Seat 8: -TrouNoir- (23025, 1€ bounty)
*** ANTE/BLINDS ***
supert6464 posts ante 25
-TrouNoir- posts ante 25
Wabro posts ante 25
MathisKcr posts ante 25
Grillo53432 posts ante 25
Botche82 posts ante 25
Vinicio Galo posts ante 25
bAAd PriTT posts ante 25
supert6464 posts small blind 100
-TrouNoir- posts big blind 200
Dealt to MathisKcr [7d 7h]
*** PRE-FLOP *** 
Wabro raises 200 to 400
MathisKcr raises 19020 to 19420 and is all-in
Grillo53432 folds
Botche82 calls 12862 and is all-in
Vinicio Galo folds
bAAd PriTT folds
supert6464 folds
-TrouNoir- folds
Wabro calls 15429 and is all-in
*** FLOP *** [9c Th 7c]
*** TURN *** [9c Th 7c][4h]
*** RIVER *** [9c Th 7c 4h][9d]
*** SHOW DOWN ***
Wabro shows [Jh Jc] (Two pairs : Jacks and 9)
Botche82 shows [5d Ac] (One pair : 9)
MathisKcr shows [7d 7h] (Full of 7 and 9)
MathisKcr collected 48611 from pot
*** SUMMARY ***
Total pot 48611 | No rake
Board: [9c Th 7c 4h 9d]
Seat 1: Wabro showed [Jh Jc] and lost with Two pairs : Jacks and 9
Seat 2: MathisKcr showed [7d 7h] and won 48611 with Full of 7 and 9
Seat 4: Botche82 showed [5d Ac] and lost with One pair : 9


Winamax Poker - Tournament "SPACE KO" buyIn: 1.80€ + 0.20€ level: 1 - HandId: #4282669365817507882-15-1759691689 - Holdem no limit (25/100/200) - 2025/10/05 19:14:49 UTC
Table: 'SPACE KO(997136665)#041' 8-max (real money) Seat #7 is the button
Seat 2: MathisKcr (48611, 2.30€ bounty)
Seat 3: Grillo53432 (7293, 1€ bounty)
Seat 5: Vinicio Galo (19100, 1.20€ bounty)
Seat 6: bAAd PriTT (20830, 1€ bounty)
Seat 7: supert6464 (52359, 1€ bounty)
Seat 8: -TrouNoir- (22800, 1€ bounty)
*** ANTE/BLINDS ***
-TrouNoir- posts ante 25
MathisKcr posts ante 25
Grillo53432 posts ante 25
Vinicio Galo posts ante 25
bAAd PriTT posts ante 25
supert6464 posts ante 25
-TrouNoir- posts small blind 100
MathisKcr posts big blind 200
Dealt to MathisKcr [2s Ah]
*** PRE-FLOP *** 
Grillo53432 calls 200
Vinicio Galo folds
bAAd PriTT folds
supert6464 folds
-TrouNoir- raises 750 to 950
MathisKcr calls 750
Grillo53432 calls 750
*** FLOP *** [Th 4d 9s]
-TrouNoir- bets 3000
MathisKcr folds
Grillo53432 raises 3318 to 6318 and is all-in
-TrouNoir- calls 3318
*** TURN *** [Th 4d 9s][As]
*** RIVER *** [Th 4d 9s As][6d]
*** SHOW DOWN ***
Grillo53432 shows [4h Kh] (One pair : 4)
-TrouNoir- shows [Qc Qh] (One pair : Queens)
-TrouNoir- collected 15636 from pot
*** SUMMARY ***
Total pot 15636 | No rake
Board: [Th 4d 9s As 6d]
Seat 3: Grillo53432 showed [4h Kh] and lost with One pair : 4
Seat 8: -TrouNoir- (small blind) showed [Qc Qh] and won 15636 with One pair : Queens


Winamax Poker - Tournament "SPACE KO" buyIn: 1.80€ + 0.20€ level: 1 - HandId: #4282669365817507882-16-1759691737 - Holdem no limit (25/100/200) - 2025/10/05 19:15:37 UTC
Table: 'SPACE KO(997136665)#041' 8-max (real money) Seat #8 is the button
Seat 1: RueDe_LaPaix (19200, 1€ bounty)
Seat 2: MathisKcr (47636, 2.30€ bounty)
Seat 4: Monster lead (20000, 1€ bounty)
Seat 5: Vinicio Galo (19075, 1.20€ bounty)
Seat 6: bAAd PriTT (20805, 1€ bounty)
Seat 7: supert6464 (52334, 1€ bounty)
Seat 8: -TrouNoir- (31143, 1.20€ bounty)
*** ANTE/BLINDS ***
MathisKcr posts ante 25
Monster lead posts ante 25
Vinicio Galo posts ante 25
bAAd PriTT posts ante 25
supert6464 posts ante 25
-TrouNoir- posts ante 25
MathisKcr posts small blind 100
Monster lead posts big blind 200
Dealt to MathisKcr [Ks Jd]
*** PRE-FLOP *** 
Vinicio Galo calls 200
bAAd PriTT raises 300 to 500
supert6464 folds
-TrouNoir- folds
MathisKcr calls 400
Monster lead folds
Vinicio Galo calls 300
*** FLOP *** [3h Ad Ac]
MathisKcr checks
Vinicio Galo checks
bAAd PriTT bets 1850
MathisKcr folds
Vinicio Galo folds
bAAd PriTT collected 3700 from pot
*** SUMMARY ***
Total pot 3700 | No rake
Board: [3h Ad Ac]
Seat 6: bAAd PriTT won 3700


Winamax Poker - Tournament "SPACE KO" buyIn: 1.80€ + 0.20€ level: 1 - HandId: #4282669365817507882-17-1759691771 - Holdem no limit (25/100/200) - 2025/10/05 19:16:11 UTC
Table: 'SPACE KO(997136665)#041' 8-max (real money) Seat #2 is the button
Seat 1: RueDe_LaPaix (19200, 1€ bounty)
Seat 2: MathisKcr (47111, 2.30€ bounty)
Seat 3: mexro (20000, 1€ bounty)
Seat 4: Monster lead (19775, 1€ bounty)
Seat 5: Vinicio Galo (18550, 1.20€ bounty)
Seat 6: bAAd PriTT (22130, 1€ bounty)
Seat 7: supert6464 (52309, 1€ bounty)
Seat 8: -TrouNoir- (31118, 1.20€ bounty)
*** ANTE/BLINDS ***
Monster lead posts ante 25
Vinicio Galo posts ante 25
RueDe_LaPaix posts ante 25
MathisKcr posts ante 25
bAAd PriTT posts ante 25
supert6464 posts ante 25
-TrouNoir- posts ante 25
Monster lead posts small blind 100
Vinicio Galo posts big blind 200
Dealt to MathisKcr [As 4c]
*** PRE-FLOP *** 
bAAd PriTT raises 200 to 400
supert6464 folds
-TrouNoir- folds
RueDe_LaPaix folds
MathisKcr calls 400
Monster lead raises 1600 to 2000
Vinicio Galo folds
bAAd PriTT folds
MathisKcr folds
Monster lead collected 3175 from pot
*** SUMMARY ***
Total pot 3175 | No rake
Seat 4: Monster lead (small blind) won 3175


Winamax Poker - Tournament "SPACE KO" buyIn: 1.80€ + 0.20€ level: 1 - HandId: #4282669365817507882-18-1759691800 - Holdem no limit (25/100/200) - 2025/10/05 19:16:40 UTC
Table: 'SPACE KO(997136665)#041' 8-max (real money) Seat #4 is the button
Seat 1: RueDe_LaPaix (19175, 1€ bounty)
Seat 2: MathisKcr (46686, 2.30€ bounty)
Seat 3: mexro (20000, 1€ bounty)
Seat 4: Monster lead (20925, 1€ bounty)
Seat 5: Vinicio Galo (18325, 1.20€ bounty)
Seat 6: bAAd PriTT (21705, 1€ bounty)
Seat 7: supert6464 (52284, 1€ bounty)
Seat 8: -TrouNoir- (31093, 1.20€ bounty)
*** ANTE/BLINDS ***
Vinicio Galo posts ante 25
bAAd PriTT posts ante 25
RueDe_LaPaix posts ante 25
MathisKcr posts ante 25
mexro posts ante 25
Monster lead posts ante 25
supert6464 posts ante 25
-TrouNoir- posts ante 25
Vinicio Galo posts small blind 100
bAAd PriTT posts big blind 200
Dealt to MathisKcr [Ks Ac]
*** PRE-FLOP *** 
supert6464 calls 200
-TrouNoir- folds
RueDe_LaPaix folds
MathisKcr raises 400 to 600
mexro calls 600
Monster lead folds
Vinicio Galo calls 500
bAAd PriTT calls 400
supert6464 calls 400
*** FLOP *** [9s Qh 8h]
Vinicio Galo checks
bAAd PriTT checks
supert6464 checks
MathisKcr bets 600
mexro calls 600
Vinicio Galo folds
bAAd PriTT calls 600
supert6464 calls 600
*** TURN *** [9s Qh 8h][7c]
bAAd PriTT checks
supert6464 checks
MathisKcr checks
mexro checks
*** RIVER *** [9s Qh 8h 7c][Kc]
bAAd PriTT checks
supert6464 bets 400
MathisKcr raises 45061 to 45461 and is all-in
mexro folds
bAAd PriTT folds
supert6464 folds
MathisKcr collected 51461 from pot
*** SUMMARY ***
Total pot 51461 | No rake
Board: [9s Qh 8h 7c Kc]
Seat 2: MathisKcr won 51461


Winamax Poker - Tournament "SPACE KO" buyIn: 1.80€ + 0.20€ level: 1 - HandId: #4282669365817507882-19-1759691923 - Holdem no limit (25/100/200) - 2025/10/05 19:18:43 UTC
Table: 'SPACE KO(997136665)#041' 8-max (real money) Seat #5 is the button
Seat 1: RueDe_LaPaix (19150, 1€ bounty)
Seat 2: MathisKcr (51461, 2.30€ bounty)
Seat 3: mexro (18775, 1€ bounty)
Seat 4: Monster lead (20900, 1€ bounty)
Seat 5: Vinicio Galo (17700, 1.20€ bounty)
Seat 6: bAAd PriTT (20480, 1€ bounty)
Seat 7: supert6464 (50659, 1€ bounty)
Seat 8: -TrouNoir- (31068, 1.20€ bounty)
*** ANTE/BLINDS ***
bAAd PriTT posts ante 25
supert6464 posts ante 25
RueDe_LaPaix posts ante 25
MathisKcr posts ante 25
mexro posts ante 25
Monster lead posts ante 25
Vinicio Galo posts ante 25
-TrouNoir- posts ante 25
bAAd PriTT posts small blind 100
supert6464 posts big blind 200
Dealt to MathisKcr [3d Th]
*** PRE-FLOP *** 
-TrouNoir- folds
RueDe_LaPaix folds
MathisKcr folds
mexro calls 200
Monster lead calls 200
Vinicio Galo folds
bAAd PriTT raises 400 to 600
supert6464 folds
mexro calls 400
Monster lead calls 400
*** FLOP *** [Ad Ac 2d]
bAAd PriTT checks
mexro checks
Monster lead checks
*** TURN *** [Ad Ac 2d][7s]
bAAd PriTT bets 1070
mexro calls 1070
Monster lead folds
*** RIVER *** [Ad Ac 2d 7s][2h]
bAAd PriTT checks
mexro checks
*** SHOW DOWN ***
mexro shows [Jd 9d] (Two pairs : Aces and 2)
bAAd PriTT shows [Qh Kh] (Two pairs : Aces and 2)
bAAd PriTT collected 4340 from pot
*** SUMMARY ***
Total pot 4340 | No rake
Board: [Ad Ac 2d 7s 2h]
Seat 3: mexro showed [Jd 9d] and lost with Two pairs : Aces and 2
Seat 6: bAAd PriTT (small blind) showed [Qh Kh] and won 4340 with Two pairs : Aces and 2


Winamax Poker - Tournament "SPACE KO" buyIn: 1.80€ + 0.20€ level: 1 - HandId: #4282669365817507882-20-1759691998 - Holdem no limit (25/100/200) - 2025/10/05 19:19:58 UTC
Table: 'SPACE KO(997136665)#041' 8-max (real money) Seat #6 is the button
Seat 1: RueDe_LaPaix (19125, 1€ bounty)
Seat 2: MathisKcr (51436, 2.30€ bounty)
Seat 3: mexro (17080, 1€ bounty)
Seat 4: Monster lead (20275, 1€ bounty)
Seat 5: Vinicio Galo (17675, 1.20€ bounty)
Seat 6: bAAd PriTT (23125, 1€ bounty)
Seat 7: supert6464 (50434, 1€ bounty)
Seat 8: -TrouNoir- (31043, 1.20€ bounty)
*** ANTE/BLINDS ***
supert6464 posts ante 25
-TrouNoir- posts ante 25
RueDe_LaPaix posts ante 25
MathisKcr posts ante 25
mexro posts ante 25
Monster lead posts ante 25
Vinicio Galo posts ante 25
bAAd PriTT posts ante 25
supert6464 posts small blind 100
-TrouNoir- posts big blind 200
Dealt to MathisKcr [3d 9d]
*** PRE-FLOP *** 
RueDe_LaPaix folds
MathisKcr folds
mexro folds
Monster lead folds
Vinicio Galo folds
bAAd PriTT folds
supert6464 folds
-TrouNoir- collected 500 from pot
*** SUMMARY ***
Total pot 500 | No rake
Seat 8: -TrouNoir- (big blind) won 500


Winamax Poker - Tournament "SPACE KO" buyIn: 1.80€ + 0.20€ level: 2 - HandId: #4282669365817507882-21-1759692039 - Holdem no limit (30/125/250) - 2025/10/05 19:20:39 UTC
Table: 'SPACE KO(997136665)#041' 8-max (real money) Seat #7 is the button
Seat 1: RueDe_LaPaix (19100, 1€ bounty)
Seat 2: MathisKcr (51411, 2.30€ bounty)
Seat 3: mexro (17055, 1€ bounty)
Seat 4: Monster lead (20250, 1€ bounty)
Seat 5: Vinicio Galo (17650, 1.20€ bounty)
Seat 6: bAAd PriTT (23100, 1€ bounty)
Seat 7: supert6464 (50309, 1€ bounty)
Seat 8: -TrouNoir- (31318, 1.20€ bounty)
*** ANTE/BLINDS ***
-TrouNoir- posts ante 30
RueDe_LaPaix posts ante 30
MathisKcr posts ante 30
mexro posts ante 30
Monster lead posts ante 30
Vinicio Galo posts ante 30
bAAd PriTT posts ante 30
supert6464 posts ante 30
-TrouNoir- posts small blind 125
RueDe_LaPaix posts big blind 250
Dealt to MathisKcr [Qs 8d]
*** PRE-FLOP *** 
MathisKcr calls 250
mexro calls 250
Monster lead raises 2250 to 2500
Vinicio Galo folds
bAAd PriTT folds
supert6464 folds
-TrouNoir- folds
RueDe_LaPaix folds
MathisKcr folds
mexro folds
Monster lead collected 3615 from pot
*** SUMMARY ***
Total pot 3615 | No rake
Seat 4: Monster lead won 3615


Winamax Poker - Tournament "SPACE KO" buyIn: 1.80€ + 0.20€ level: 2 - HandId: #4282669365817507882-22-1759692070 - Holdem no limit (30/125/250) - 2025/10/05 19:21:10 UTC
Table: 'SPACE KO(997136665)#041' 8-max (real money) Seat #8 is the button
Seat 1: RueDe_LaPaix (18820, 1€ bounty)
Seat 2: MathisKcr (51131, 2.30€ bounty)
Seat 3: mexro (16775, 1€ bounty)
Seat 4: Monster lead (21335, 1€ bounty)
Seat 5: Vinicio Galo (17620, 1.20€ bounty)
Seat 6: bAAd PriTT (23070, 1€ bounty)
Seat 7: supert6464 (50279, 1€ bounty)
Seat 8: -TrouNoir- (31163, 1.20€ bounty)
*** ANTE/BLINDS ***
RueDe_LaPaix posts ante 30
MathisKcr posts ante 30
mexro posts ante 30
Monster lead posts ante 30
Vinicio Galo posts ante 30
bAAd PriTT posts ante 30
supert6464 posts ante 30
-TrouNoir- posts ante 30
RueDe_LaPaix posts small blind 125
MathisKcr posts big blind 250
Dealt to MathisKcr [8c 4c]
*** PRE-FLOP *** 
mexro folds
Monster lead folds
Vinicio Galo calls 250
bAAd PriTT folds
supert6464 folds
-TrouNoir- folds
RueDe_LaPaix calls 125
MathisKcr checks
*** FLOP *** [Jd Jc Jh]
RueDe_LaPaix checks
MathisKcr bets 875
Vinicio Galo calls 875
RueDe_LaPaix folds
*** TURN *** [Jd Jc Jh][8h]
MathisKcr checks
Vinicio Galo checks
*** RIVER *** [Jd Jc Jh 8h][3h]
MathisKcr bets 49976 and is all-in
Vinicio Galo folds
MathisKcr collected 52716 from pot
*** SUMMARY ***
Total pot 52716 | No rake
Board: [Jd Jc Jh 8h 3h]
Seat 2: MathisKcr (big blind) won 52716


Winamax Poker - Tournament "SPACE KO" buyIn: 1.80€ + 0.20€ level: 2 - HandId: #4282669365817507882-23-1759692118 - Holdem no limit (30/125/250) - 2025/10/05 19:21:58 UTC
Table: 'SPACE KO(997136665)#041' 8-max (real money) Seat #1 is the button
Seat 1: RueDe_LaPaix (18540, 1€ bounty)
Seat 2: MathisKcr (52716, 2.30€ bounty)
Seat 3: mexro (16745, 1€ bounty)
Seat 4: Monster lead (21305, 1€ bounty)
Seat 5: Vinicio Galo (16465, 1.20€ bounty)
Seat 6: bAAd PriTT (23040, 1€ bounty)
Seat 7: supert6464 (50249, 1€ bounty)
Seat 8: -TrouNoir- (31133, 1.20€ bounty)
*** ANTE/BLINDS ***
MathisKcr posts ante 30
mexro posts ante 30
RueDe_LaPaix posts ante 30
Monster lead posts ante 30
Vinicio Galo posts ante 30
bAAd PriTT posts ante 30
supert6464 posts ante 30
-TrouNoir- posts ante 30
MathisKcr posts small blind 125
mexro posts big blind 250
Dealt to MathisKcr [Qc 6h]
*** PRE-FLOP *** 
Monster lead folds
Vinicio Galo folds
bAAd PriTT folds
supert6464 folds
-TrouNoir- folds
RueDe_LaPaix calls 250
MathisKcr calls 125
mexro checks
*** FLOP *** [8h As Ks]
MathisKcr bets 500
mexro folds
RueDe_LaPaix folds
MathisKcr collected 1490 from pot
*** SUMMARY ***
Total pot 1490 | No rake
Board: [8h As Ks]
Seat 2: MathisKcr (small blind) won 1490


Winamax Poker - Tournament "SPACE KO" buyIn: 1.80€ + 0.20€ level: 2 - HandId: #4282669365817507882-24-1759692166 - Holdem no limit (30/125/250) - 2025/10/05 19:22:46 UTC
Table: 'SPACE KO(997136665)#041' 8-max (real money) Seat #2 is the button
Seat 1: RueDe_LaPaix (18260, 1€ bounty)
Seat 2: MathisKcr (53426, 2.30€ bounty)
Seat 3: mexro (16465, 1€ bounty)
Seat 4: Monster lead (21275, 1€ bounty)
Seat 5: Vinicio Galo (16435, 1.20€ bounty)
Seat 6: bAAd PriTT (23010, 1€ bounty)
Seat 7: supert6464 (50219, 1€ bounty)
Seat 8: -TrouNoir- (31103, 1.20€ bounty)
*** ANTE/BLINDS ***
mexro posts ante 30
Monster lead posts ante 30
RueDe_LaPaix posts ante 30
MathisKcr posts ante 30
Vinicio Galo posts ante 30
bAAd PriTT posts ante 30
supert6464 posts ante 30
-TrouNoir- posts ante 30
mexro posts small blind 125
Monster lead posts big blind 250
Dealt to MathisKcr [5s Td]
*** PRE-FLOP *** 
Vinicio Galo folds
bAAd PriTT folds
supert6464 calls 250
-TrouNoir- folds
RueDe_LaPaix folds
MathisKcr calls 250
mexro calls 125
Monster lead checks
*** FLOP *** [3h Jh 8s]
mexro checks
Monster lead checks
supert6464 checks
MathisKcr checks
*** TURN *** [3h Jh 8s][Kd]
mexro checks
Monster lead checks
supert6464 checks
MathisKcr checks
*** RIVER *** [3h Jh 8s Kd][4c]
mexro checks
Monster lead checks
supert6464 checks
MathisKcr checks
*** SHOW DOWN ***
MathisKcr shows [5s Td] (High card : King)
mexro shows [6d Ac] (High card : Ace)
Monster lead shows [7s 5c] (High card : King)
supert6464 shows [Ah Tc] (High card : Ace)
supert6464 collected 1240 from pot
*** SUMMARY ***
Total pot 1240 | No rake
Board: [3h Jh 8s Kd 4c]
Seat 2: MathisKcr (button) showed [5s Td] and lost with High card : King
Seat 3: mexro (small blind) showed [6d Ac] and lost with High card : Ace
Seat 4: Monster lead (big blind) showed [7s 5c] and lost with High card : King
Seat 7: supert6464 showed [Ah Tc] and won 1240 with High card : Ace


Winamax Poker - Tournament "SPACE KO" buyIn: 1.80€ + 0.20€ level: 3 - HandId: #4282669365817507882-25-1759692280 - Holdem no limit (35/150/300) - 2025/10/05 19:24:40 UTC
Table: 'SPACE KO(997136665)#041' 8-max (real money) Seat #3 is the button
Seat 1: RueDe_LaPaix (18230, 1€ bounty)
Seat 2: MathisKcr (53146, 2.30€ bounty)
Seat 3: mexro (16185, 1€ bounty)
Seat 4: Monster lead (20995, 1€ bounty)
Seat 5: Vinicio Galo (16405, 1.20€ bounty)
Seat 6: bAAd PriTT (22980, 1€ bounty)
Seat 7: supert6464 (51179, 1€ bounty)
Seat 8: -TrouNoir- (31073, 1.20€ bounty)
*** ANTE/BLINDS ***
Monster lead posts ante 35
Vinicio Galo posts ante 35
RueDe_LaPaix posts ante 35
MathisKcr posts ante 35
mexro posts ante 35
bAAd PriTT posts ante 35
supert6464 posts ante 35
-TrouNoir- posts ante 35
Monster lead posts small blind 150
Vinicio Galo posts big blind 300
Dealt to MathisKcr [3c Js]
*** PRE-FLOP *** 
bAAd PriTT folds
supert6464 folds
-TrouNoir- folds
RueDe_LaPaix raises 300 to 600
MathisKcr folds
mexro folds
Monster lead folds
Vinicio Galo calls 300
*** FLOP *** [6s 8h 2s]
Vinicio Galo bets 1060
RueDe_LaPaix raises 3750 to 4810
Vinicio Galo folds
RueDe_LaPaix collected 7500 from pot
*** SUMMARY ***
Total pot 7500 | No rake
Board: [6s 8h 2s]
Seat 1: RueDe_LaPaix won 7500


Winamax Poker - Tournament "SPACE KO" buyIn: 1.80€ + 0.20€ level: 3 - HandId: #4282669365817507882-26-1759692326 - Holdem no limit (35/150/300) - 2025/10/05 19:25:26 UTC
Table: 'SPACE KO(997136665)#041' 8-max (real money) Seat #4 is the button
Seat 1: RueDe_LaPaix (20285, 1€ bounty)
Seat 2: MathisKcr (53111, 2.30€ bounty)
Seat 3: mexro (16150, 1€ bounty)
Seat 4: Monster lead (20810, 1€ bounty)
Seat 5: Vinicio Galo (14710, 1.20€ bounty)
Seat 6: bAAd PriTT (22945, 1€ bounty)
Seat 7: supert6464 (51144, 1€ bounty)
Seat 8: -TrouNoir- (31038, 1.20€ bounty)
*** ANTE/BLINDS ***
Vinicio Galo posts ante 35
bAAd PriTT posts ante 35
RueDe_LaPaix posts ante 35
MathisKcr posts ante 35
mexro posts ante 35
Monster lead posts ante 35
supert6464 posts ante 35
-TrouNoir- posts ante 35
Vinicio Galo posts small blind 150
bAAd PriTT posts big blind 300
Dealt to MathisKcr [3d 4h]
*** PRE-FLOP *** 
supert6464 folds
-TrouNoir- folds
RueDe_LaPaix raises 300 to 600
MathisKcr folds
mexro folds
Monster lead folds
Vinicio Galo folds
bAAd PriTT raises 1200 to 1800
RueDe_LaPaix calls 1200
*** FLOP *** [2d 5s 9s]
bAAd PriTT bets 4030
RueDe_LaPaix calls 4030
*** TURN *** [2d 5s 9s][Qh]
bAAd PriTT bets 4232
RueDe_LaPaix calls 4232
*** RIVER *** [2d 5s 9s Qh][9d]
bAAd PriTT bets 12848 and is all-in
RueDe_LaPaix folds
bAAd PriTT collected 33402 from pot
*** SUMMARY ***
Total pot 33402 | No rake
Board: [2d 5s 9s Qh 9d]
Seat 6: bAAd PriTT (big blind) won 33402


Winamax Poker - Tournament "SPACE KO" buyIn: 1.80€ + 0.20€ level: 3 - HandId: #4282669365817507882-27-1759692401 - Holdem no limit (35/150/300) - 2025/10/05 19:26:41 UTC
Table: 'SPACE KO(997136665)#041' 8-max (real money) Seat #5 is the button
Seat 1: RueDe_LaPaix (10188, 1€ bounty)
Seat 2: MathisKcr (53076, 2.30€ bounty)
Seat 3: mexro (16115, 1€ bounty)
Seat 4: Monster lead (20775, 1€ bounty)
Seat 5: Vinicio Galo (14525, 1.20€ bounty)
Seat 6: bAAd PriTT (33402, 1€ bounty)
Seat 7: supert6464 (51109, 1€ bounty)
Seat 8: -TrouNoir- (31003, 1.20€ bounty)
*** ANTE/BLINDS ***
bAAd PriTT posts ante 35
supert6464 posts ante 35
RueDe_LaPaix posts ante 35
MathisKcr posts ante 35
mexro posts ante 35
Monster lead posts ante 35
Vinicio Galo posts ante 35
-TrouNoir- posts ante 35
bAAd PriTT posts small blind 150
supert6464 posts big blind 300
Dealt to MathisKcr [4d 6c]
*** PRE-FLOP *** 
-TrouNoir- folds
RueDe_LaPaix raises 300 to 600
MathisKcr folds
mexro calls 600
Monster lead calls 600
Vinicio Galo folds
bAAd PriTT folds
supert6464 calls 300
*** FLOP *** [Js 3c 2s]
supert6464 checks
RueDe_LaPaix checks
mexro checks
Monster lead checks
*** TURN *** [Js 3c 2s][3s]
supert6464 checks
RueDe_LaPaix checks
mexro checks
Monster lead checks
*** RIVER *** [Js 3c 2s 3s][Jc]
supert6464 checks
RueDe_LaPaix checks
mexro checks
Monster lead checks
*** SHOW DOWN ***
RueDe_LaPaix shows [9d Kd] (Two pairs : Jacks and 3)
mexro shows [Ks Td] (Two pairs : Jacks and 3)
Monster lead shows [Qc 9s] (Two pairs : Jacks and 3)
supert6464 shows [9c Ad] (Two pairs : Jacks and 3)
supert6464 collected 2830 from pot
*** SUMMARY ***
Total pot 2830 | No rake
Board: [Js 3c 2s 3s Jc]
Seat 1: RueDe_LaPaix showed [9d Kd] and lost with Two pairs : Jacks and 3
Seat 3: mexro showed [Ks Td] and lost with Two pairs : Jacks and 3
Seat 4: Monster lead showed [Qc 9s] and lost with Two pairs : Jacks and 3
Seat 7: supert6464 (big blind) showed [9c Ad] and won 2830 with Two pairs : Jacks and 3


Winamax Poker - Tournament "SPACE KO" buyIn: 1.80€ + 0.20€ level: 4 - HandId: #4282669365817507882-28-1759692503 - Holdem no limit (40/175/350) - 2025/10/05 19:28:23 UTC
Table: 'SPACE KO(997136665)#041' 8-max (real money) Seat #6 is the button
Seat 1: RueDe_LaPaix (9553, 1€ bounty)
Seat 2: MathisKcr (53041, 2.30€ bounty)
Seat 3: mexro (15480, 1€ bounty)
Seat 4: Monster lead (20140, 1€ bounty)
Seat 5: Vinicio Galo (14490, 1.20€ bounty)
Seat 6: bAAd PriTT (33217, 1€ bounty)
Seat 7: supert6464 (53304, 1€ bounty)
Seat 8: -TrouNoir- (30968, 1.20€ bounty)
*** ANTE/BLINDS ***
supert6464 posts ante 40
-TrouNoir- posts ante 40
RueDe_LaPaix posts ante 40
MathisKcr posts ante 40
mexro posts ante 40
Monster lead posts ante 40
Vinicio Galo posts ante 40
bAAd PriTT posts ante 40
supert6464 posts small blind 175
-TrouNoir- posts big blind 350
Dealt to MathisKcr [8s 4d]
*** PRE-FLOP *** 
RueDe_LaPaix folds
MathisKcr folds
mexro folds
Monster lead folds
Vinicio Galo folds
bAAd PriTT raises 350 to 700
supert6464 folds
-TrouNoir- folds
bAAd PriTT collected 1545 from pot
*** SUMMARY ***
Total pot 1545 | No rake
Seat 6: bAAd PriTT (button) won 1545


Winamax Poker - Tournament "SPACE KO" buyIn: 1.80€ + 0.20€ level: 4 - HandId: #4282669365817507882-29-1759692522 - Holdem no limit (40/175/350) - 2025/10/05 19:28:42 UTC
Table: 'SPACE KO(997136665)#041' 8-max (real money) Seat #7 is the button
Seat 1: RueDe_LaPaix (9513, 1€ bounty)
Seat 2: MathisKcr (53001, 2.30€ bounty)
Seat 3: mexro (15440, 1€ bounty)
Seat 4: Monster lead (20100, 1€ bounty)
Seat 5: Vinicio Galo (14450, 1.20€ bounty)
Seat 6: bAAd PriTT (34022, 1€ bounty)
Seat 7: supert6464 (53089, 1€ bounty)
Seat 8: -TrouNoir- (30578, 1.20€ bounty)
*** ANTE/BLINDS ***
-TrouNoir- posts ante 40
RueDe_LaPaix posts ante 40
MathisKcr posts ante 40
mexro posts ante 40
Monster lead posts ante 40
Vinicio Galo posts ante 40
bAAd PriTT posts ante 40
supert6464 posts ante 40
-TrouNoir- posts small blind 175
RueDe_LaPaix posts big blind 350
Dealt to MathisKcr [Jh As]
*** PRE-FLOP *** 
MathisKcr raises 700 to 1050
mexro folds
Monster lead folds
Vinicio Galo folds
bAAd PriTT folds
supert6464 folds
-TrouNoir- calls 875
RueDe_LaPaix calls 700
*** FLOP *** [6d 4s 7d]
-TrouNoir- checks
RueDe_LaPaix checks
MathisKcr bets 1050
-TrouNoir- calls 1050
RueDe_LaPaix folds
*** TURN *** [6d 4s 7d][2h]
-TrouNoir- checks
MathisKcr checks
*** RIVER *** [6d 4s 7d 2h][8c]
-TrouNoir- checks
MathisKcr checks
*** SHOW DOWN ***
MathisKcr shows [Jh As] (High card : Ace)
-TrouNoir- shows [Qd 8d] (One pair : 8)
-TrouNoir- collected 5570 from pot
*** SUMMARY ***
Total pot 5570 | No rake
Board: [6d 4s 7d 2h 8c]
Seat 2: MathisKcr showed [Jh As] and lost with High card : Ace
Seat 8: -TrouNoir- (small blind) showed [Qd 8d] and won 5570 with One pair : 8


Winamax Poker - Tournament "SPACE KO" buyIn: 1.80€ + 0.20€ level: 4 - HandId: #4282669365817507882-30-1759692578 - Holdem no limit (40/175/350) - 2025/10/05 19:29:38 UTC
Table: 'SPACE KO(997136665)#041' 8-max (real money) Seat #8 is the button
Seat 1: RueDe_LaPaix (8423, 1€ bounty)
Seat 2: MathisKcr (50861, 2.30€ bounty)
Seat 3: mexro (15400, 1€ bounty)
Seat 4: Monster lead (20060, 1€ bounty)
Seat 5: Vinicio Galo (14410, 1.20€ bounty)
Seat 6: bAAd PriTT (33982, 1€ bounty)
Seat 7: supert6464 (53049, 1€ bounty)
Seat 8: -TrouNoir- (34008, 1.20€ bounty)
*** ANTE/BLINDS ***
RueDe_LaPaix posts ante 40
MathisKcr posts ante 40
mexro posts ante 40
Monster lead posts ante 40
Vinicio Galo posts ante 40
bAAd PriTT posts ante 40
supert6464 posts ante 40
-TrouNoir- posts ante 40
RueDe_LaPaix posts small blind 175
MathisKcr posts big blind 350
Dealt to MathisKcr [2h 6s]
*** PRE-FLOP *** 
mexro folds
Monster lead folds
Vinicio Galo folds
bAAd PriTT folds
supert6464 calls 350
-TrouNoir- raises 1545 to 1895
RueDe_LaPaix folds
MathisKcr folds
supert6464 folds
-TrouNoir- collected 3090 from pot
*** SUMMARY ***
Total pot 3090 | No rake
Seat 8: -TrouNoir- (button) won 3090


Winamax Poker - Tournament "SPACE KO" buyIn: 1.80€ + 0.20€ level: 4 - HandId: #4282669365817507882-31-1759692606 - Holdem no limit (40/175/350) - 2025/10/05 19:30:06 UTC
Table: 'SPACE KO(997136665)#041' 8-max (real money) Seat #1 is the button
Seat 1: RueDe_LaPaix (8208, 1€ bounty)
Seat 2: MathisKcr (50471, 2.30€ bounty)
Seat 3: mexro (15360, 1€ bounty)
Seat 4: Monster lead (20020, 1€ bounty)
Seat 5: Vinicio Galo (14370, 1.20€ bounty)
Seat 6: bAAd PriTT (33942, 1€ bounty)
Seat 7: supert6464 (52659, 1€ bounty)
Seat 8: -TrouNoir- (35163, 1.20€ bounty)
*** ANTE/BLINDS ***
MathisKcr posts ante 40
mexro posts ante 40
RueDe_LaPaix posts ante 40
Monster lead posts ante 40
Vinicio Galo posts ante 40
bAAd PriTT posts ante 40
supert6464 posts ante 40
-TrouNoir- posts ante 40
MathisKcr posts small blind 175
mexro posts big blind 350
Dealt to MathisKcr [8d 2s]
*** PRE-FLOP *** 
Monster lead folds
Vinicio Galo folds
bAAd PriTT folds
supert6464 folds
-TrouNoir- folds
RueDe_LaPaix folds
MathisKcr folds
mexro collected 845 from pot
*** SUMMARY ***
Total pot 845 | No rake
Seat 3: mexro (big blind) won 845


Winamax Poker - Tournament "SPACE KO" buyIn: 1.80€ + 0.20€ level: 4 - HandId: #4282669365817507882-32-1759692641 - Holdem no limit (40/175/350) - 2025/10/05 19:30:41 UTC
Table: 'SPACE KO(997136665)#041' 8-max (real money) Seat #2 is the button
Seat 1: RueDe_LaPaix (8168, 1€ bounty)
Seat 2: MathisKcr (50256, 2.30€ bounty)
Seat 3: mexro (15815, 1€ bounty)
Seat 4: Monster lead (19980, 1€ bounty)
Seat 5: Vinicio Galo (14330, 1.20€ bounty)
Seat 6: bAAd PriTT (33902, 1€ bounty)
Seat 7: supert6464 (52619, 1€ bounty)
Seat 8: -TrouNoir- (35123, 1.20€ bounty)
*** ANTE/BLINDS ***
mexro posts ante 40
Monster lead posts ante 40
RueDe_LaPaix posts ante 40
MathisKcr posts ante 40
Vinicio Galo posts ante 40
bAAd PriTT posts ante 40
supert6464 posts ante 40
-TrouNoir- posts ante 40
mexro posts small blind 175
Monster lead posts big blind 350
Dealt to MathisKcr [Qc 3h]
*** PRE-FLOP *** 
Vinicio Galo folds
bAAd PriTT raises 700 to 1050
supert6464 folds
-TrouNoir- calls 1050
RueDe_LaPaix folds
MathisKcr folds
mexro raises 2100 to 3150
Monster lead raises 16790 to 19940 and is all-in
bAAd PriTT calls 18890
-TrouNoir- folds
mexro calls 12625 and is all-in
*** FLOP *** [5c 3c 9h]
*** TURN *** [5c 3c 9h][3d]
*** RIVER *** [5c 3c 9h 3d][6h]
*** SHOW DOWN ***
mexro shows [Qd Ad] (One pair : 3)
Monster lead shows [Kc 9c] (Two pairs : 9 and 3)
bAAd PriTT shows [Ah Ac] (Two pairs : Aces and 3)
bAAd PriTT collected 57025 from pot
*** SUMMARY ***
Total pot 57025 | No rake
Board: [5c 3c 9h 3d 6h]
Seat 3: mexro (small blind) showed [Qd Ad] and lost with One pair : 3
Seat 4: Monster lead (big blind) showed [Kc 9c] and lost with Two pairs : 9 and 3
Seat 6: bAAd PriTT showed [Ah Ac] and won 57025 with Two pairs : Aces and 3


Winamax Poker - Tournament "SPACE KO" buyIn: 1.80€ + 0.20€ level: 4 - HandId: #4282669365817507882-33-1759692712 - Holdem no limit (40/175/350) - 2025/10/05 19:31:52 UTC
Table: 'SPACE KO(997136665)#041' 8-max (real money) Seat #3 is the button
Seat 1: RueDe_LaPaix (8128, 1€ bounty)
Seat 2: MathisKcr (50216, 2.30€ bounty)
Seat 5: Vinicio Galo (14290, 1.20€ bounty)
Seat 6: bAAd PriTT (70947, 1.70€ bounty)
Seat 7: supert6464 (52579, 1€ bounty)
Seat 8: -TrouNoir- (34033, 1.20€ bounty)
*** ANTE/BLINDS ***
Vinicio Galo posts ante 40
RueDe_LaPaix posts ante 40
MathisKcr posts ante 40
bAAd PriTT posts ante 40
supert6464 posts ante 40
-TrouNoir- posts ante 40
Vinicio Galo posts big blind 350
Dealt to MathisKcr [Kd 9c]
*** PRE-FLOP *** 
bAAd PriTT raises 350 to 700
supert6464 folds
-TrouNoir- folds
RueDe_LaPaix folds
MathisKcr raises 350 to 1050
Vinicio Galo folds
bAAd PriTT calls 350
*** FLOP *** [Ad 7s Kc]
bAAd PriTT checks
MathisKcr checks
*** TURN *** [Ad 7s Kc][2c]
bAAd PriTT checks
MathisKcr bets 1400
bAAd PriTT folds
MathisKcr collected 4090 from pot
*** SUMMARY ***
Total pot 4090 | No rake
Board: [Ad 7s Kc 2c]
Seat 2: MathisKcr won 4090


Winamax Poker - Tournament "SPACE KO" buyIn: 1.80€ + 0.20€ level: 5 - HandId: #4282669365817507882-34-1759692746 - Holdem no limit (50/200/400) - 2025/10/05 19:32:26 UTC
Table: 'SPACE KO(997136665)#041' 8-max (real money) Seat #4 is the button
Seat 1: RueDe_LaPaix (8088, 1€ bounty)
Seat 2: MathisKcr (51816, 2.30€ bounty)
Seat 3: Stephnimes (20000, 1€ bounty)
Seat 4: TheSign555 (19880, 1€ bounty)
Seat 5: Vinicio Galo (13900, 1.20€ bounty)
Seat 6: bAAd PriTT (69857, 1.70€ bounty)
Seat 7: supert6464 (52539, 1€ bounty)
Seat 8: -TrouNoir- (33993, 1.20€ bounty)
*** ANTE/BLINDS ***
Vinicio Galo posts ante 50
bAAd PriTT posts ante 50
RueDe_LaPaix posts ante 50
MathisKcr posts ante 50
Stephnimes posts ante 50
supert6464 posts ante 50
-TrouNoir- posts ante 50
Vinicio Galo posts small blind 200
bAAd PriTT posts big blind 400
Dealt to MathisKcr [Tc 3h]
*** PRE-FLOP *** 
supert6464 folds
-TrouNoir- folds
RueDe_LaPaix folds
MathisKcr calls 400
Stephnimes folds
Vinicio Galo calls 200
bAAd PriTT checks
*** FLOP *** [Jd 7c 8d]
Vinicio Galo checks
bAAd PriTT checks
MathisKcr checks
*** TURN *** [Jd 7c 8d][4h]
Vinicio Galo bets 543
bAAd PriTT calls 543
MathisKcr folds
*** RIVER *** [Jd 7c 8d 4h][8h]
Vinicio Galo checks
bAAd PriTT checks
*** SHOW DOWN ***
bAAd PriTT shows [5c 3c] (One pair : 8)
Vinicio Galo shows [7h Kc] (Two pairs : 8 and 7)
Vinicio Galo collected 2636 from pot
*** SUMMARY ***
Total pot 2636 | No rake
Board: [Jd 7c 8d 4h 8h]
Seat 5: Vinicio Galo (small blind) showed [7h Kc] and won 2636 with Two pairs : 8 and 7
Seat 6: bAAd PriTT (big blind) showed [5c 3c] and lost with One pair : 8


Winamax Poker - Tournament "SPACE KO" buyIn: 1.80€ + 0.20€ level: 5 - HandId: #4282669365817507882-35-1759692788 - Holdem no limit (50/200/400) - 2025/10/05 19:33:08 UTC
Table: 'SPACE KO(997136665)#041' 8-max (real money) Seat #5 is the button
Seat 1: RueDe_LaPaix (8038, 1€ bounty)
Seat 2: MathisKcr (51366, 2.30€ bounty)
Seat 3: Stephnimes (19950, 1€ bounty)
Seat 4: TheSign555 (19880, 1€ bounty)
Seat 5: Vinicio Galo (15543, 1.20€ bounty)
Seat 6: bAAd PriTT (68864, 1.70€ bounty)
Seat 7: supert6464 (52489, 1€ bounty)
Seat 8: -TrouNoir- (33943, 1.20€ bounty)
*** ANTE/BLINDS ***
bAAd PriTT posts ante 50
supert6464 posts ante 50
RueDe_LaPaix posts ante 50
MathisKcr posts ante 50
Stephnimes posts ante 50
TheSign555 posts ante 50
Vinicio Galo posts ante 50
-TrouNoir- posts ante 50
bAAd PriTT posts small blind 200
supert6464 posts big blind 400
Dealt to MathisKcr [Jc 5c]
*** PRE-FLOP *** 
-TrouNoir- folds
RueDe_LaPaix folds
MathisKcr raises 800 to 1200
Stephnimes folds
TheSign555 folds
Vinicio Galo folds
bAAd PriTT calls 1000
supert6464 folds
*** FLOP *** [4s 8s 9s]
bAAd PriTT checks
MathisKcr checks
*** TURN *** [4s 8s 9s][Jd]
bAAd PriTT checks
MathisKcr bets 1200
bAAd PriTT calls 1200
*** RIVER *** [4s 8s 9s Jd][5s]
bAAd PriTT bets 2800
MathisKcr calls 2800
*** SHOW DOWN ***
bAAd PriTT shows [Kc Th] (High card : King)
MathisKcr shows [Jc 5c] (Two pairs : Jacks and 5)
MathisKcr collected 11200 from pot
*** SUMMARY ***
Total pot 11200 | No rake
Board: [4s 8s 9s Jd 5s]
Seat 2: MathisKcr showed [Jc 5c] and won 11200 with Two pairs : Jacks and 5
Seat 6: bAAd PriTT (small blind) showed [Kc Th] and lost with High card : King


Winamax Poker - Tournament "SPACE KO" buyIn: 1.80€ + 0.20€ level: 5 - HandId: #4282669365817507882-36-1759692831 - Holdem no limit (50/200/400) - 2025/10/05 19:33:51 UTC
Table: 'SPACE KO(997136665)#041' 8-max (real money) Seat #6 is the button
Seat 1: RueDe_LaPaix (7988, 1€ bounty)
Seat 2: MathisKcr (57316, 2.30€ bounty)
Seat 3: Stephnimes (19900, 1€ bounty)
Seat 4: TheSign555 (19830, 1€ bounty)
Seat 5: Vinicio Galo (15493, 1.20€ bounty)
Seat 6: bAAd PriTT (63614, 1.70€ bounty)
Seat 7: supert6464 (52039, 1€ bounty)
Seat 8: -TrouNoir- (33893, 1.20€ bounty)
*** ANTE/BLINDS ***
supert6464 posts ante 50
-TrouNoir- posts ante 50
RueDe_LaPaix posts ante 50
MathisKcr posts ante 50
Stephnimes posts ante 50
TheSign555 posts ante 50
Vinicio Galo posts ante 50
bAAd PriTT posts ante 50
supert6464 posts small blind 200
-TrouNoir- posts big blind 400
Dealt to MathisKcr [Ah 6c]
*** PRE-FLOP *** 
RueDe_LaPaix folds
MathisKcr raises 400 to 800
Stephnimes folds
TheSign555 calls 800
Vinicio Galo folds
bAAd PriTT folds
supert6464 folds
-TrouNoir- calls 400
*** FLOP *** [2s Kh 8c]
-TrouNoir- checks
MathisKcr checks
TheSign555 checks
*** TURN *** [2s Kh 8c][4c]
-TrouNoir- checks
MathisKcr bets 1200
TheSign555 folds
-TrouNoir- folds
MathisKcr collected 4200 from pot
*** SUMMARY ***
Total pot 4200 | No rake
Board: [2s Kh 8c 4c]
Seat 2: MathisKcr won 4200


Winamax Poker - Tournament "SPACE KO" buyIn: 1.80€ + 0.20€ level: 5 - HandId: #4282669365817507882-37-1759692885 - Holdem no limit (50/200/400) - 2025/10/05 19:34:45 UTC
Table: 'SPACE KO(997136665)#041' 8-max (real money) Seat #7 is the button
Seat 1: RueDe_LaPaix (7938, 1€ bounty)
Seat 2: MathisKcr (59466, 2.30€ bounty)
Seat 3: Stephnimes (19850, 1€ bounty)
Seat 4: TheSign555 (18980, 1€ bounty)
Seat 5: Vinicio Galo (15443, 1.20€ bounty)
Seat 6: bAAd PriTT (63564, 1.70€ bounty)
Seat 7: supert6464 (51789, 1€ bounty)
Seat 8: -TrouNoir- (33043, 1.20€ bounty)
*** ANTE/BLINDS ***
-TrouNoir- posts ante 50
RueDe_LaPaix posts ante 50
MathisKcr posts ante 50
Stephnimes posts ante 50
TheSign555 posts ante 50
Vinicio Galo posts ante 50
bAAd PriTT posts ante 50
supert6464 posts ante 50
-TrouNoir- posts small blind 200
RueDe_LaPaix posts big blind 400
Dealt to MathisKcr [Js Jh]
*** PRE-FLOP *** 
MathisKcr raises 400 to 800
Stephnimes folds
TheSign555 folds
Vinicio Galo folds
bAAd PriTT raises 400 to 1200
supert6464 folds
-TrouNoir- folds
RueDe_LaPaix raises 6688 to 7888 and is all-in
MathisKcr raises 51528 to 59416 and is all-in
bAAd PriTT folds
*** FLOP *** [9s 9c 9d]
*** TURN *** [9s 9c 9d][Td]
*** RIVER *** [9s 9c 9d Td][2h]
*** SHOW DOWN ***
RueDe_LaPaix shows [Qs Ad] (Trips of 9)
MathisKcr shows [Js Jh] (Full of 9 and Jacks)
MathisKcr collected 69104 from pot
*** SUMMARY ***
Total pot 69104 | No rake
Board: [9s 9c 9d Td 2h]
Seat 1: RueDe_LaPaix (big blind) showed [Qs Ad] and lost with Trips of 9
Seat 2: MathisKcr showed [Js Jh] and won 69104 with Full of 9 and Jacks


Winamax Poker - Tournament "SPACE KO" buyIn: 1.80€ + 0.20€ level: 5 - HandId: #4282669365817507882-38-1759692941 - Holdem no limit (50/200/400) - 2025/10/05 19:35:41 UTC
Table: 'SPACE KO(997136665)#041' 8-max (real money) Seat #8 is the button
Seat 2: MathisKcr (69104, 2.50€ bounty)
Seat 3: Stephnimes (19800, 1€ bounty)
Seat 4: TheSign555 (18930, 1€ bounty)
Seat 5: Vinicio Galo (15393, 1.20€ bounty)
Seat 6: bAAd PriTT (62314, 1.70€ bounty)
Seat 7: supert6464 (51739, 1€ bounty)
Seat 8: -TrouNoir- (32793, 1.20€ bounty)
*** ANTE/BLINDS ***
MathisKcr posts ante 50
Stephnimes posts ante 50
TheSign555 posts ante 50
Vinicio Galo posts ante 50
bAAd PriTT posts ante 50
supert6464 posts ante 50
-TrouNoir- posts ante 50
MathisKcr posts big blind 400
Dealt to MathisKcr [6d 2d]
*** PRE-FLOP *** 
Stephnimes folds
TheSign555 folds
Vinicio Galo folds
bAAd PriTT folds
supert6464 folds
-TrouNoir- folds
MathisKcr collected 750 from pot
*** SUMMARY ***
Total pot 750 | No rake
Seat 2: MathisKcr (big blind) won 750


Winamax Poker - Tournament "SPACE KO" buyIn: 1.80€ + 0.20€ level: 6 - HandId: #4282669365817507882-39-1759692970 - Holdem no limit (60/250/500) - 2025/10/05 19:36:10 UTC
Table: 'SPACE KO(997136665)#041' 8-max (real money) Seat #1 is the button
Seat 1: jolimeufdu55 (20000, 1€ bounty)
Seat 2: MathisKcr (69404, 2.50€ bounty)
Seat 3: Stephnimes (19750, 1€ bounty)
Seat 4: TheSign555 (18880, 1€ bounty)
Seat 5: Vinicio Galo (15343, 1.20€ bounty)
Seat 6: bAAd PriTT (62264, 1.70€ bounty)
Seat 7: supert6464 (51689, 1€ bounty)
Seat 8: -TrouNoir- (32743, 1.20€ bounty)
*** ANTE/BLINDS ***
MathisKcr posts ante 60
Stephnimes posts ante 60
TheSign555 posts ante 60
Vinicio Galo posts ante 60
bAAd PriTT posts ante 60
supert6464 posts ante 60
-TrouNoir- posts ante 60
MathisKcr posts small blind 250
Stephnimes posts big blind 500
Dealt to MathisKcr [8d 2d]
*** PRE-FLOP *** 
TheSign555 folds
Vinicio Galo calls 500
bAAd PriTT folds
supert6464 folds
-TrouNoir- calls 500
MathisKcr calls 250
Stephnimes checks
*** FLOP *** [3d 4c 2s]
MathisKcr bets 1500
Stephnimes folds
Vinicio Galo folds
-TrouNoir- folds
MathisKcr collected 3920 from pot
*** SUMMARY ***
Total pot 3920 | No rake
Board: [3d 4c 2s]
Seat 2: MathisKcr (small blind) won 3920


Winamax Poker - Tournament "SPACE KO" buyIn: 1.80€ + 0.20€ level: 6 - HandId: #4282669365817507882-40-1759693022 - Holdem no limit (60/250/500) - 2025/10/05 19:37:02 UTC
Table: 'SPACE KO(997136665)#041' 8-max (real money) Seat #2 is the button
Seat 1: jolimeufdu55 (20000, 1€ bounty)
Seat 2: MathisKcr (71264, 2.50€ bounty)
Seat 3: Stephnimes (19190, 1€ bounty)
Seat 4: TheSign555 (18820, 1€ bounty)
Seat 5: Vinicio Galo (14783, 1.20€ bounty)
Seat 6: bAAd PriTT (62204, 1.70€ bounty)
Seat 7: supert6464 (51629, 1€ bounty)
Seat 8: -TrouNoir- (32183, 1.20€ bounty)
*** ANTE/BLINDS ***
Stephnimes posts ante 60
TheSign555 posts ante 60
jolimeufdu55 posts ante 60
MathisKcr posts ante 60
Vinicio Galo posts ante 60
bAAd PriTT posts ante 60
supert6464 posts ante 60
-TrouNoir- posts ante 60
Stephnimes posts small blind 250
TheSign555 posts big blind 500
Dealt to MathisKcr [2d 7d]
*** PRE-FLOP *** 
Vinicio Galo calls 500
bAAd PriTT folds
supert6464 raises 51069 to 51569 and is all-in
-TrouNoir- folds
jolimeufdu55 folds
MathisKcr folds
Stephnimes folds
TheSign555 folds
Vinicio Galo folds
supert6464 collected 53299 from pot
*** SUMMARY ***
Total pot 53299 | No rake
Seat 7: supert6464 won 53299


Winamax Poker - Tournament "SPACE KO" buyIn: 1.80€ + 0.20€ level: 6 - HandId: #4282669365817507882-41-1759693055 - Holdem no limit (60/250/500) - 2025/10/05 19:37:35 UTC
Table: 'SPACE KO(997136665)#041' 8-max (real money) Seat #3 is the button
Seat 1: jolimeufdu55 (19940, 1€ bounty)
Seat 2: MathisKcr (71204, 2.50€ bounty)
Seat 3: Stephnimes (18880, 1€ bounty)
Seat 4: TheSign555 (18260, 1€ bounty)
Seat 5: Vinicio Galo (14223, 1.20€ bounty)
Seat 6: bAAd PriTT (62144, 1.70€ bounty)
Seat 7: supert6464 (53299, 1€ bounty)
Seat 8: -TrouNoir- (32123, 1.20€ bounty)
*** ANTE/BLINDS ***
TheSign555 posts ante 60
Vinicio Galo posts ante 60
jolimeufdu55 posts ante 60
MathisKcr posts ante 60
Stephnimes posts ante 60
bAAd PriTT posts ante 60
supert6464 posts ante 60
-TrouNoir- posts ante 60
TheSign555 posts small blind 250
Vinicio Galo posts big blind 500
Dealt to MathisKcr [5c 6s]
*** PRE-FLOP *** 
bAAd PriTT folds
supert6464 folds
-TrouNoir- folds
jolimeufdu55 raises 1000 to 1500
MathisKcr folds
Stephnimes calls 1500
TheSign555 folds
Vinicio Galo folds
*** FLOP *** [Kh 4d 6h]
jolimeufdu55 checks
Stephnimes bets 1481
jolimeufdu55 calls 1481
*** TURN *** [Kh 4d 6h][9s]
jolimeufdu55 bets 2517
Stephnimes calls 2517
*** RIVER *** [Kh 4d 6h 9s][As]
jolimeufdu55 checks
Stephnimes checks
*** SHOW DOWN ***
Stephnimes shows [Kd Qd] (One pair : Kings)
jolimeufdu55 shows [Ah Jd] (One pair : Aces)
jolimeufdu55 collected 12226 from pot
*** SUMMARY ***
Total pot 12226 | No rake
Board: [Kh 4d 6h 9s As]
Seat 1: jolimeufdu55 showed [Ah Jd] and won 12226 with One pair : Aces
Seat 3: Stephnimes (button) showed [Kd Qd] and lost with One pair : Kings


Winamax Poker - Tournament "SPACE KO" buyIn: 1.80€ + 0.20€ level: 6 - HandId: #4282669365817507882-42-1759693101 - Holdem no limit (60/250/500) - 2025/10/05 19:38:21 UTC
Table: 'SPACE KO(997136665)#041' 8-max (real money) Seat #4 is the button
Seat 1: jolimeufdu55 (26608, 1€ bounty)
Seat 2: MathisKcr (71144, 2.50€ bounty)
Seat 3: Stephnimes (13322, 1€ bounty)
Seat 4: TheSign555 (17950, 1€ bounty)
Seat 5: Vinicio Galo (13663, 1.20€ bounty)
Seat 6: bAAd PriTT (62084, 1.70€ bounty)
Seat 7: supert6464 (53239, 1€ bounty)
Seat 8: -TrouNoir- (32063, 1.20€ bounty)
*** ANTE/BLINDS ***
Vinicio Galo posts ante 60
bAAd PriTT posts ante 60
jolimeufdu55 posts ante 60
MathisKcr posts ante 60
Stephnimes posts ante 60
TheSign555 posts ante 60
supert6464 posts ante 60
-TrouNoir- posts ante 60
Vinicio Galo posts small blind 250
bAAd PriTT posts big blind 500
Dealt to MathisKcr [6c As]
*** PRE-FLOP *** 
supert6464 folds
-TrouNoir- folds
jolimeufdu55 folds
MathisKcr folds
Stephnimes folds
TheSign555 raises 500 to 1000
Vinicio Galo folds
bAAd PriTT calls 500
*** FLOP *** [Qd Ks 4d]
bAAd PriTT checks
TheSign555 bets 1365
bAAd PriTT folds
TheSign555 collected 4095 from pot
*** SUMMARY ***
Total pot 4095 | No rake
Board: [Qd Ks 4d]
Seat 4: TheSign555 (button) won 4095


Winamax Poker - Tournament "SPACE KO" buyIn: 1.80€ + 0.20€ level: 6 - HandId: #4282669365817507882-43-1759693141 - Holdem no limit (60/250/500) - 2025/10/05 19:39:01 UTC
Table: 'SPACE KO(997136665)#041' 8-max (real money) Seat #5 is the button
Seat 1: jolimeufdu55 (26548, 1€ bounty)
Seat 2: MathisKcr (71084, 2.50€ bounty)
Seat 3: Stephnimes (13262, 1€ bounty)
Seat 4: TheSign555 (19620, 1€ bounty)
Seat 5: Vinicio Galo (13353, 1.20€ bounty)
Seat 6: bAAd PriTT (61024, 1.70€ bounty)
Seat 7: supert6464 (53179, 1€ bounty)
Seat 8: -TrouNoir- (32003, 1.20€ bounty)
*** ANTE/BLINDS ***
bAAd PriTT posts ante 60
supert6464 posts ante 60
jolimeufdu55 posts ante 60
MathisKcr posts ante 60
Stephnimes posts ante 60
TheSign555 posts ante 60
Vinicio Galo posts ante 60
-TrouNoir- posts ante 60
bAAd PriTT posts small blind 250
supert6464 posts big blind 500
Dealt to MathisKcr [Kd As]
*** PRE-FLOP *** 
-TrouNoir- folds
jolimeufdu55 folds
MathisKcr raises 1000 to 1500
Stephnimes raises 2250 to 3750
TheSign555 folds
Vinicio Galo folds
bAAd PriTT folds
supert6464 raises 49369 to 53119 and is all-in
MathisKcr raises 17905 to 71024 and is all-in
Stephnimes calls 9452 and is all-in
*** FLOP *** [Ks Td Kc]
*** TURN *** [Ks Td Kc][Kh]
*** RIVER *** [Ks Td Kc Kh][2h]
*** SHOW DOWN ***
Stephnimes shows [Qc Qs] (Full of Kings and Queens)
supert6464 shows [9d Ah] (Trips of Kings)
MathisKcr shows [Kd As] (Quads of Kings)
MathisKcr collected 138075 from pot
*** SUMMARY ***
Total pot 138075 | No rake
Board: [Ks Td Kc Kh 2h]
Seat 2: MathisKcr showed [Kd As] and won 138075 with Quads of Kings
Seat 3: Stephnimes showed [Qc Qs] and lost with Full of Kings and Queens
Seat 7: supert6464 (big blind) showed [9d Ah] and lost with Trips of Kings


Winamax Poker - Tournament "SPACE KO" buyIn: 1.80€ + 0.20€ level: 7 - HandId: #4282669365817507882-44-1759693207 - Holdem no limit (70/300/600) - 2025/10/05 19:40:07 UTC
Table: 'SPACE KO(997136665)#041' 8-max (real money) Seat #6 is the button
Seat 1: jolimeufdu55 (26488, 1€ bounty)
Seat 2: MathisKcr (138075, 2.90€ bounty)
Seat 4: TheSign555 (19560, 1€ bounty)
Seat 5: Vinicio Galo (13293, 1.20€ bounty)
Seat 6: bAAd PriTT (60714, 1.70€ bounty)
Seat 8: -TrouNoir- (31943, 1.20€ bounty)
*** ANTE/BLINDS ***
-TrouNoir- posts ante 70
jolimeufdu55 posts ante 70
MathisKcr posts ante 70
TheSign555 posts ante 70
Vinicio Galo posts ante 70
bAAd PriTT posts ante 70
-TrouNoir- posts big blind 600
Dealt to MathisKcr [4h 6d]
*** PRE-FLOP *** 
jolimeufdu55 calls 600
MathisKcr folds
TheSign555 folds
Vinicio Galo folds
bAAd PriTT raises 1200 to 1800
-TrouNoir- folds
jolimeufdu55 calls 1200
*** FLOP *** [4c 8s 2s]
jolimeufdu55 checks
bAAd PriTT bets 2310
jolimeufdu55 calls 2310
*** TURN *** [4c 8s 2s][9s]
jolimeufdu55 bets 22308 and is all-in
bAAd PriTT folds
jolimeufdu55 shows [3c Tc] (High card : Ten)
jolimeufdu55 collected 31548 from pot
*** SUMMARY ***
Total pot 31548 | No rake
Board: [4c 8s 2s 9s]
Seat 1: jolimeufdu55 showed [3c Tc] and won 31548 with High card : Ten


Winamax Poker - Tournament "SPACE KO" buyIn: 1.80€ + 0.20€ level: 7 - HandId: #4282669365817507882-45-1759693274 - Holdem no limit (70/300/600) - 2025/10/05 19:41:14 UTC
Table: 'SPACE KO(997136665)#041' 8-max (real money) Seat #7 is the button
Seat 1: jolimeufdu55 (31548, 1€ bounty)
Seat 2: MathisKcr (138005, 2.90€ bounty)
Seat 3: CursedByAces (20000, 1€ bounty)
Seat 4: TheSign555 (19490, 1€ bounty)
Seat 5: Vinicio Galo (13223, 1.20€ bounty)
Seat 6: bAAd PriTT (56534, 1.70€ bounty)
Seat 7: Celthanox (17080, 1€ bounty)
Seat 8: -TrouNoir- (31273, 1.20€ bounty)
*** ANTE/BLINDS ***
-TrouNoir- posts ante 70
jolimeufdu55 posts ante 70
MathisKcr posts ante 70
CursedByAces posts ante 70
TheSign555 posts ante 70
Vinicio Galo posts ante 70
bAAd PriTT posts ante 70
-TrouNoir- posts small blind 300
jolimeufdu55 posts big blind 600
Dealt to MathisKcr [3h 2d]
*** PRE-FLOP *** 
MathisKcr folds
CursedByAces folds
TheSign555 folds
Vinicio Galo calls 600
bAAd PriTT folds
-TrouNoir- calls 300
jolimeufdu55 checks
*** FLOP *** [5d 6d 2h]
-TrouNoir- checks
jolimeufdu55 checks
Vinicio Galo checks
*** TURN *** [5d 6d 2h][Jd]
-TrouNoir- checks
jolimeufdu55 checks
Vinicio Galo bets 2290
-TrouNoir- folds
jolimeufdu55 folds
Vinicio Galo collected 4580 from pot
*** SUMMARY ***
Total pot 4580 | No rake
Board: [5d 6d 2h Jd]
Seat 5: Vinicio Galo won 4580


Winamax Poker - Tournament "SPACE KO" buyIn: 1.80€ + 0.20€ level: 7 - HandId: #4282669365817507882-46-1759693340 - Holdem no limit (70/300/600) - 2025/10/05 19:42:20 UTC
Table: 'SPACE KO(997136665)#041' 8-max (real money) Seat #8 is the button
Seat 1: jolimeufdu55 (30878, 1€ bounty)
Seat 2: MathisKcr (137935, 2.90€ bounty)
Seat 3: CursedByAces (19930, 1€ bounty)
Seat 4: TheSign555 (19420, 1€ bounty)
Seat 5: Vinicio Galo (14843, 1.20€ bounty)
Seat 6: bAAd PriTT (56464, 1.70€ bounty)
Seat 7: Celthanox (17080, 1€ bounty)
Seat 8: -TrouNoir- (30603, 1.20€ bounty)
*** ANTE/BLINDS ***
jolimeufdu55 posts ante 70
MathisKcr posts ante 70
CursedByAces posts ante 70
TheSign555 posts ante 70
Vinicio Galo posts ante 70
bAAd PriTT posts ante 70
Celthanox posts ante 70
-TrouNoir- posts ante 70
jolimeufdu55 posts small blind 300
MathisKcr posts big blind 600
Dealt to MathisKcr [Jh Kc]
*** PRE-FLOP *** 
CursedByAces folds
TheSign555 folds
Vinicio Galo calls 600
bAAd PriTT raises 2660 to 3260
Celthanox folds
-TrouNoir- calls 3260
jolimeufdu55 folds
MathisKcr raises 134605 to 137865 and is all-in
Vinicio Galo folds
bAAd PriTT calls 53134 and is all-in
-TrouNoir- folds
*** FLOP *** [Qs Td Ts]
*** TURN *** [Qs Td Ts][8c]
*** RIVER *** [Qs Td Ts 8c][4c]
*** SHOW DOWN ***
MathisKcr shows [Jh Kc] (One pair : Tens)
bAAd PriTT shows [As Kh] (One pair : Tens)
bAAd PriTT collected 117508 from main pot
MathisKcr collected 81471 from side pot 1
*** SUMMARY ***
Total pot 198979 | No rake
Board: [Qs Td Ts 8c 4c]
Seat 2: MathisKcr (big blind) showed [Jh Kc] and won 81471 with One pair : Tens
Seat 6: bAAd PriTT showed [As Kh] and won 117508 with One pair : Tens


Winamax Poker - Tournament "SPACE KO" buyIn: 1.80€ + 0.20€ level: 7 - HandId: #4282669365817507882-47-1759693390 - Holdem no limit (70/300/600) - 2025/10/05 19:43:10 UTC
Table: 'SPACE KO(997136665)#041' 8-max (real money) Seat #1 is the button
Seat 1: jolimeufdu55 (30508, 1€ bounty)
Seat 2: MathisKcr (81471, 2.90€ bounty)
Seat 3: CursedByAces (19860, 1€ bounty)
Seat 4: TheSign555 (19350, 1€ bounty)
Seat 5: Vinicio Galo (14173, 1.20€ bounty)
Seat 6: bAAd PriTT (117508, 1.70€ bounty)
Seat 7: Celthanox (17010, 1€ bounty)
Seat 8: -TrouNoir- (27273, 1.20€ bounty)
*** ANTE/BLINDS ***
MathisKcr posts ante 70
CursedByAces posts ante 70
jolimeufdu55 posts ante 70
TheSign555 posts ante 70
Vinicio Galo posts ante 70
bAAd PriTT posts ante 70
Celthanox posts ante 70
-TrouNoir- posts ante 70
MathisKcr posts small blind 300
CursedByAces posts big blind 600
Dealt to MathisKcr [5d 9d]
*** PRE-FLOP *** 
TheSign555 raises 600 to 1200
Vinicio Galo folds
bAAd PriTT folds
Celthanox calls 1200
-TrouNoir- folds
jolimeufdu55 calls 1200
MathisKcr calls 900
CursedByAces folds
*** FLOP *** [5h Tc 2d]
MathisKcr bets 1800
TheSign555 folds
Celthanox calls 1800
jolimeufdu55 folds
*** TURN *** [5h Tc 2d][3d]
MathisKcr checks
Celthanox bets 4780
MathisKcr calls 4780
*** RIVER *** [5h Tc 2d 3d][Jd]
MathisKcr checks
Celthanox checks
*** SHOW DOWN ***
Celthanox shows [6c 6h] (One pair : 6)
MathisKcr shows [5d 9d] (Flush Jack high)
MathisKcr collected 19120 from pot
*** SUMMARY ***
Total pot 19120 | No rake
Board: [5h Tc 2d 3d Jd]
Seat 2: MathisKcr (small blind) showed [5d 9d] and won 19120 with Flush Jack high
Seat 7: Celthanox showed [6c 6h] and lost with One pair : 6


Winamax Poker - Tournament "SPACE KO" buyIn: 1.80€ + 0.20€ level: 8 - HandId: #4282669365817507882-48-1759693457 - Holdem no limit (80/350/700) - 2025/10/05 19:44:17 UTC
Table: 'SPACE KO(997136665)#041' 8-max (real money) Seat #2 is the button
Seat 1: jolimeufdu55 (29238, 1€ bounty)
Seat 2: MathisKcr (92741, 2.90€ bounty)
Seat 3: CursedByAces (19190, 1€ bounty)
Seat 4: TheSign555 (18080, 1€ bounty)
Seat 5: Vinicio Galo (14103, 1.20€ bounty)
Seat 6: bAAd PriTT (117438, 1.70€ bounty)
Seat 7: Celthanox (9160, 1€ bounty)
Seat 8: -TrouNoir- (27203, 1.20€ bounty)
*** ANTE/BLINDS ***
CursedByAces posts ante 80
TheSign555 posts ante 80
jolimeufdu55 posts ante 80
MathisKcr posts ante 80
Vinicio Galo posts ante 80
bAAd PriTT posts ante 80
Celthanox posts ante 80
-TrouNoir- posts ante 80
CursedByAces posts small blind 350
TheSign555 posts big blind 700
Dealt to MathisKcr [9h Qd]
*** PRE-FLOP *** 
Vinicio Galo calls 700
bAAd PriTT folds
Celthanox folds
-TrouNoir- folds
jolimeufdu55 raises 700 to 1400
MathisKcr calls 1400
CursedByAces folds
TheSign555 calls 700
Vinicio Galo calls 700
*** FLOP *** [8s 5d 7s]
TheSign555 checks
Vinicio Galo checks
jolimeufdu55 bets 2307
MathisKcr folds
TheSign555 folds
Vinicio Galo folds
jolimeufdu55 collected 8897 from pot
*** SUMMARY ***
Total pot 8897 | No rake
Board: [8s 5d 7s]
Seat 1: jolimeufdu55 won 8897


Winamax Poker - Tournament "SPACE KO" buyIn: 1.80€ + 0.20€ level: 8 - HandId: #4282669365817507882-49-1759693516 - Holdem no limit (80/350/700) - 2025/10/05 19:45:16 UTC
Table: 'SPACE KO(997136665)#041' 8-max (real money) Seat #3 is the button
Seat 1: jolimeufdu55 (34348, 1€ bounty)
Seat 2: MathisKcr (91261, 2.90€ bounty)
Seat 3: CursedByAces (18760, 1€ bounty)
Seat 4: TheSign555 (16600, 1€ bounty)
Seat 5: Vinicio Galo (12623, 1.20€ bounty)
Seat 6: bAAd PriTT (117358, 1.70€ bounty)
Seat 7: Celthanox (9080, 1€ bounty)
Seat 8: -TrouNoir- (27123, 1.20€ bounty)
*** ANTE/BLINDS ***
TheSign555 posts ante 80
Vinicio Galo posts ante 80
jolimeufdu55 posts ante 80
MathisKcr posts ante 80
CursedByAces posts ante 80
bAAd PriTT posts ante 80
Celthanox posts ante 80
-TrouNoir- posts ante 80
TheSign555 posts small blind 350
Vinicio Galo posts big blind 700
Dealt to MathisKcr [5c 6d]
*** PRE-FLOP *** 
bAAd PriTT folds
Celthanox calls 700
-TrouNoir- folds
jolimeufdu55 folds
MathisKcr folds
CursedByAces folds
TheSign555 calls 350
Vinicio Galo checks
*** FLOP *** [8c 4h Qc]
TheSign555 checks
Vinicio Galo checks
Celthanox checks
*** TURN *** [8c 4h Qc][3d]
TheSign555 checks
Vinicio Galo bets 1781
Celthanox calls 1781
TheSign555 folds
*** RIVER *** [8c 4h Qc 3d][7h]
Vinicio Galo bets 10062 and is all-in
Celthanox folds
Vinicio Galo collected 16364 from pot
*** SUMMARY ***
Total pot 16364 | No rake
Board: [8c 4h Qc 3d 7h]
Seat 5: Vinicio Galo (big blind) won 16364


Winamax Poker - Tournament "SPACE KO" buyIn: 1.80€ + 0.20€ level: 8 - HandId: #4282669365817507882-50-1759693555 - Holdem no limit (80/350/700) - 2025/10/05 19:45:55 UTC
Table: 'SPACE KO(997136665)#041' 8-max (real money) Seat #4 is the button
Seat 1: jolimeufdu55 (34268, 1€ bounty)
Seat 2: MathisKcr (91181, 2.90€ bounty)
Seat 3: CursedByAces (18680, 1€ bounty)
Seat 4: TheSign555 (15820, 1€ bounty)
Seat 5: Vinicio Galo (16364, 1.20€ bounty)
Seat 6: bAAd PriTT (117278, 1.70€ bounty)
Seat 7: Celthanox (6519, 1€ bounty)
Seat 8: -TrouNoir- (27043, 1.20€ bounty)
*** ANTE/BLINDS ***
Vinicio Galo posts ante 80
bAAd PriTT posts ante 80
jolimeufdu55 posts ante 80
MathisKcr posts ante 80
CursedByAces posts ante 80
TheSign555 posts ante 80
Celthanox posts ante 80
-TrouNoir- posts ante 80
Vinicio Galo posts small blind 350
bAAd PriTT posts big blind 700
Dealt to MathisKcr [6d Qh]
*** PRE-FLOP *** 
Celthanox folds
-TrouNoir- folds
jolimeufdu55 folds
MathisKcr calls 700
CursedByAces folds
TheSign555 folds
Vinicio Galo calls 350
bAAd PriTT checks
*** FLOP *** [5d Th 9h]
Vinicio Galo checks
bAAd PriTT checks
MathisKcr checks
*** TURN *** [5d Th 9h][6c]
Vinicio Galo checks
bAAd PriTT checks
MathisKcr bets 1400
Vinicio Galo folds
bAAd PriTT folds
MathisKcr collected 4140 from pot
*** SUMMARY ***
Total pot 4140 | No rake
Board: [5d Th 9h 6c]
Seat 2: MathisKcr won 4140


Winamax Poker - Tournament "SPACE KO" buyIn: 1.80€ + 0.20€ level: 8 - HandId: #4282669365817507882-51-1759693632 - Holdem no limit (80/350/700) - 2025/10/05 19:47:12 UTC
Table: 'SPACE KO(997136665)#041' 8-max (real money) Seat #5 is the button
Seat 1: jolimeufdu55 (34188, 1€ bounty)
Seat 2: MathisKcr (93141, 2.90€ bounty)
Seat 3: CursedByAces (18600, 1€ bounty)
Seat 4: TheSign555 (15740, 1€ bounty)
Seat 5: Vinicio Galo (15584, 1.20€ bounty)
Seat 6: bAAd PriTT (116498, 1.70€ bounty)
Seat 7: Celthanox (6439, 1€ bounty)
Seat 8: -TrouNoir- (26963, 1.20€ bounty)
*** ANTE/BLINDS ***
bAAd PriTT posts ante 80
Celthanox posts ante 80
jolimeufdu55 posts ante 80
MathisKcr posts ante 80
CursedByAces posts ante 80
TheSign555 posts ante 80
Vinicio Galo posts ante 80
-TrouNoir- posts ante 80
bAAd PriTT posts small blind 350
Celthanox posts big blind 700
Dealt to MathisKcr [Th 2d]
*** PRE-FLOP *** 
-TrouNoir- folds
jolimeufdu55 raises 1050 to 1750
MathisKcr folds
CursedByAces folds
TheSign555 folds
Vinicio Galo folds
bAAd PriTT folds
Celthanox folds
jolimeufdu55 collected 3440 from pot
*** SUMMARY ***
Total pot 3440 | No rake
Seat 1: jolimeufdu55 won 3440


Winamax Poker - Tournament "SPACE KO" buyIn: 1.80€ + 0.20€ level: 9 - HandId: #4282669365817507882-52-1759693710 - Holdem no limit (100/400/800) - 2025/10/05 19:48:30 UTC
Table: 'SPACE KO(997136665)#041' 8-max (real money) Seat #6 is the button
Seat 1: jolimeufdu55 (35798, 1€ bounty)
Seat 2: MathisKcr (93061, 2.90€ bounty)
Seat 3: CursedByAces (18520, 1€ bounty)
Seat 4: TheSign555 (15660, 1€ bounty)
Seat 5: Vinicio Galo (15504, 1.20€ bounty)
Seat 6: bAAd PriTT (116068, 1.70€ bounty)
Seat 7: Celthanox (5659, 1€ bounty)
Seat 8: -TrouNoir- (26883, 1.20€ bounty)
*** ANTE/BLINDS ***
Celthanox posts ante 100
-TrouNoir- posts ante 100
jolimeufdu55 posts ante 100
MathisKcr posts ante 100
CursedByAces posts ante 100
TheSign555 posts ante 100
Vinicio Galo posts ante 100
bAAd PriTT posts ante 100
Celthanox posts small blind 400
-TrouNoir- posts big blind 800
Dealt to MathisKcr [Jc 8d]
*** PRE-FLOP *** 
jolimeufdu55 calls 800
MathisKcr calls 800
CursedByAces calls 800
TheSign555 folds
Vinicio Galo folds
bAAd PriTT calls 800
Celthanox folds
-TrouNoir- checks
*** FLOP *** [Kd 9c 8h]
-TrouNoir- checks
jolimeufdu55 checks
MathisKcr bets 1600
CursedByAces calls 1600
bAAd PriTT raises 10000 to 11600
-TrouNoir- folds
jolimeufdu55 folds
MathisKcr folds
CursedByAces folds
bAAd PriTT collected 20000 from pot
*** SUMMARY ***
Total pot 20000 | No rake
Board: [Kd 9c 8h]
Seat 6: bAAd PriTT (button) won 20000


Winamax Poker - Tournament "SPACE KO" buyIn: 1.80€ + 0.20€ level: 9 - HandId: #4282669365817507882-53-1759693775 - Holdem no limit (100/400/800) - 2025/10/05 19:49:35 UTC
Table: 'SPACE KO(997136665)#041' 8-max (real money) Seat #7 is the button
Seat 1: jolimeufdu55 (34898, 1€ bounty)
Seat 2: MathisKcr (90561, 2.90€ bounty)
Seat 3: CursedByAces (16020, 1€ bounty)
Seat 4: TheSign555 (15560, 1€ bounty)
Seat 5: Vinicio Galo (15404, 1.20€ bounty)
Seat 6: bAAd PriTT (123568, 1.70€ bounty)
Seat 7: Celthanox (5159, 1€ bounty)
Seat 8: -TrouNoir- (25983, 1.20€ bounty)
*** ANTE/BLINDS ***
-TrouNoir- posts ante 100
jolimeufdu55 posts ante 100
MathisKcr posts ante 100
CursedByAces posts ante 100
TheSign555 posts ante 100
Vinicio Galo posts ante 100
bAAd PriTT posts ante 100
Celthanox posts ante 100
-TrouNoir- posts small blind 400
jolimeufdu55 posts big blind 800
Dealt to MathisKcr [5s 7s]
*** PRE-FLOP *** 
MathisKcr folds
CursedByAces raises 1000 to 1800
TheSign555 folds
Vinicio Galo folds
bAAd PriTT folds
Celthanox folds
-TrouNoir- folds
jolimeufdu55 calls 1000
*** FLOP *** [5d Ac Jd]
jolimeufdu55 checks
CursedByAces bets 1680
jolimeufdu55 calls 1680
*** TURN *** [5d Ac Jd][Th]
jolimeufdu55 checks
CursedByAces bets 4080
jolimeufdu55 folds
CursedByAces collected 12240 from pot
*** SUMMARY ***
Total pot 12240 | No rake
Board: [5d Ac Jd Th]
Seat 3: CursedByAces won 12240


Winamax Poker - Tournament "SPACE KO" buyIn: 1.80€ + 0.20€ level: 9 - HandId: #4282669365817507882-54-1759693838 - Holdem no limit (100/400/800) - 2025/10/05 19:50:38 UTC
Table: 'SPACE KO(997136665)#041' 8-max (real money) Seat #8 is the button
Seat 1: jolimeufdu55 (31318, 1€ bounty)
Seat 2: MathisKcr (90461, 2.90€ bounty)
Seat 3: CursedByAces (20600, 1€ bounty)
Seat 4: TheSign555 (15460, 1€ bounty)
Seat 5: Vinicio Galo (15304, 1.20€ bounty)
Seat 6: bAAd PriTT (123468, 1.70€ bounty)
Seat 7: Celthanox (5059, 1€ bounty)
Seat 8: -TrouNoir- (25483, 1.20€ bounty)
*** ANTE/BLINDS ***
jolimeufdu55 posts ante 100
MathisKcr posts ante 100
CursedByAces posts ante 100
TheSign555 posts ante 100
Vinicio Galo posts ante 100
bAAd PriTT posts ante 100
Celthanox posts ante 100
-TrouNoir- posts ante 100
jolimeufdu55 posts small blind 400
MathisKcr posts big blind 800
Dealt to MathisKcr [4c Qc]
*** PRE-FLOP *** 
CursedByAces folds
TheSign555 folds
Vinicio Galo folds
bAAd PriTT folds
Celthanox calls 800
-TrouNoir- folds
jolimeufdu55 raises 30418 to 31218 and is all-in
MathisKcr calls 30418
Celthanox folds
*** FLOP *** [As Kd Ac]
*** TURN *** [As Kd Ac][Qd]
*** RIVER *** [As Kd Ac Qd][9s]
*** SHOW DOWN ***
MathisKcr shows [4c Qc] (Two pairs : Aces and Queens)
jolimeufdu55 shows [Ks Qs] (Two pairs : Aces and Kings)
jolimeufdu55 collected 64036 from pot
*** SUMMARY ***
Total pot 64036 | No rake
Board: [As Kd Ac Qd 9s]
Seat 1: jolimeufdu55 (small blind) showed [Ks Qs] and won 64036 with Two pairs : Aces and Kings
Seat 2: MathisKcr (big blind) showed [4c Qc] and lost with Two pairs : Aces and Queens


Winamax Poker - Tournament "SPACE KO" buyIn: 1.80€ + 0.20€ level: 9 - HandId: #4282669365817507882-55-1759693869 - Holdem no limit (100/400/800) - 2025/10/05 19:51:09 UTC
Table: 'SPACE KO(997136665)#041' 8-max (real money) Seat #1 is the button
Seat 1: jolimeufdu55 (64036, 1€ bounty)
Seat 2: MathisKcr (59143, 2.90€ bounty)
Seat 3: CursedByAces (20500, 1€ bounty)
Seat 4: TheSign555 (15360, 1€ bounty)
Seat 5: Vinicio Galo (15204, 1.20€ bounty)
Seat 6: bAAd PriTT (123368, 1.70€ bounty)
Seat 7: Celthanox (4159, 1€ bounty)
Seat 8: -TrouNoir- (25383, 1.20€ bounty)
*** ANTE/BLINDS ***
MathisKcr posts ante 100
CursedByAces posts ante 100
jolimeufdu55 posts ante 100
TheSign555 posts ante 100
Vinicio Galo posts ante 100
bAAd PriTT posts ante 100
Celthanox posts ante 100
-TrouNoir- posts ante 100
MathisKcr posts small blind 400
CursedByAces posts big blind 800
Dealt to MathisKcr [2s 4s]
*** PRE-FLOP *** 
TheSign555 raises 800 to 1600
Vinicio Galo folds
bAAd PriTT folds
Celthanox folds
-TrouNoir- folds
jolimeufdu55 calls 1600
MathisKcr folds
CursedByAces calls 800
*** FLOP *** [Qs 8c Td]
CursedByAces checks
TheSign555 bets 2100
jolimeufdu55 folds
CursedByAces folds
TheSign555 collected 8100 from pot
*** SUMMARY ***
Total pot 8100 | No rake
Board: [Qs 8c Td]
Seat 4: TheSign555 won 8100


Winamax Poker - Tournament "SPACE KO" buyIn: 1.80€ + 0.20€ level: 9 - HandId: #4282669365817507882-56-1759693910 - Holdem no limit (100/400/800) - 2025/10/05 19:51:50 UTC
Table: 'SPACE KO(997136665)#041' 8-max (real money) Seat #2 is the button
Seat 1: jolimeufdu55 (62336, 1€ bounty)
Seat 2: MathisKcr (58643, 2.90€ bounty)
Seat 3: CursedByAces (18800, 1€ bounty)
Seat 4: TheSign555 (19660, 1€ bounty)
Seat 5: Vinicio Galo (15104, 1.20€ bounty)
Seat 6: bAAd PriTT (123268, 1.70€ bounty)
Seat 7: Celthanox (4059, 1€ bounty)
Seat 8: -TrouNoir- (25283, 1.20€ bounty)
*** ANTE/BLINDS ***
CursedByAces posts ante 100
TheSign555 posts ante 100
jolimeufdu55 posts ante 100
MathisKcr posts ante 100
Vinicio Galo posts ante 100
bAAd PriTT posts ante 100
Celthanox posts ante 100
-TrouNoir- posts ante 100
CursedByAces posts small blind 400
TheSign555 posts big blind 800
Dealt to MathisKcr [8c 4c]
*** PRE-FLOP *** 
Vinicio Galo folds
bAAd PriTT folds
Celthanox folds
-TrouNoir- folds
jolimeufdu55 calls 800
MathisKcr folds
CursedByAces calls 400
TheSign555 checks
*** FLOP *** [Th 4h 5c]
CursedByAces checks
TheSign555 checks
jolimeufdu55 bets 1120
CursedByAces calls 1120
TheSign555 folds
*** TURN *** [Th 4h 5c][Qh]
CursedByAces checks
jolimeufdu55 checks
*** RIVER *** [Th 4h 5c Qh][2c]
CursedByAces bets 2000
jolimeufdu55 raises 5436 to 7436
CursedByAces folds
jolimeufdu55 collected 14876 from pot
*** SUMMARY ***
Total pot 14876 | No rake
Board: [Th 4h 5c Qh 2c]
Seat 1: jolimeufdu55 won 14876


Winamax Poker - Tournament "SPACE KO" buyIn: 1.80€ + 0.20€ level: 10 - HandId: #4282669365817507882-57-1759693987 - Holdem no limit (120/500/1000) - 2025/10/05 19:53:07 UTC
Table: 'SPACE KO(997136665)#041' 8-max (real money) Seat #3 is the button
Seat 1: jolimeufdu55 (67756, 1€ bounty)
Seat 2: MathisKcr (58543, 2.90€ bounty)
Seat 3: CursedByAces (14780, 1€ bounty)
Seat 4: TheSign555 (18760, 1€ bounty)
Seat 5: Vinicio Galo (15004, 1.20€ bounty)
Seat 6: bAAd PriTT (123168, 1.70€ bounty)
Seat 7: Celthanox (3959, 1€ bounty)
Seat 8: -TrouNoir- (25183, 1.20€ bounty)
*** ANTE/BLINDS ***
TheSign555 posts ante 120
Vinicio Galo posts ante 120
jolimeufdu55 posts ante 120
MathisKcr posts ante 120
CursedByAces posts ante 120
bAAd PriTT posts ante 120
Celthanox posts ante 120
-TrouNoir- posts ante 120
TheSign555 posts small blind 500
Vinicio Galo posts big blind 1000
Dealt to MathisKcr [Tc As]
*** PRE-FLOP *** 
bAAd PriTT raises 2000 to 3000
Celthanox folds
-TrouNoir- folds
jolimeufdu55 calls 3000
MathisKcr raises 55423 to 58423 and is all-in
CursedByAces folds
TheSign555 folds
Vinicio Galo calls 13884 and is all-in
bAAd PriTT raises 64625 to 123048 and is all-in
jolimeufdu55 folds
*** FLOP *** [3c Ah 2c]
*** TURN *** [3c Ah 2c][6h]
*** RIVER *** [3c Ah 2c 6h][Ks]
*** SHOW DOWN ***
MathisKcr shows [Tc As] (One pair : Aces)
Vinicio Galo shows [Ad Kd] (Two pairs : Aces and Kings)
bAAd PriTT shows [Js Jh] (One pair : Jacks)
bAAd PriTT collected 64625 from side pot 2
Vinicio Galo collected 49112 from main pot
MathisKcr collected 87078 from side pot 1
*** SUMMARY ***
Total pot 200815 | No rake
Board: [3c Ah 2c 6h Ks]
Seat 2: MathisKcr showed [Tc As] and won 87078 with One pair : Aces
Seat 5: Vinicio Galo (big blind) showed [Ad Kd] and won 49112 with Two pairs : Aces and Kings
Seat 6: bAAd PriTT showed [Js Jh] and won 64625 with One pair : Jacks


Winamax Poker - Tournament "SPACE KO" buyIn: 1.80€ + 0.20€ level: 10 - HandId: #4282669365817507882-58-1759694022 - Holdem no limit (120/500/1000) - 2025/10/05 19:53:42 UTC
Table: 'SPACE KO(997136665)#041' 8-max (real money) Seat #4 is the button
Seat 1: jolimeufdu55 (64636, 1€ bounty)
Seat 2: MathisKcr (87078, 2.90€ bounty)
Seat 3: CursedByAces (14660, 1€ bounty)
Seat 4: TheSign555 (18140, 1€ bounty)
Seat 5: Vinicio Galo (49112, 1.20€ bounty)
Seat 6: bAAd PriTT (64625, 1.70€ bounty)
Seat 8: -TrouNoir- (25063, 1.20€ bounty)
*** ANTE/BLINDS ***
Vinicio Galo posts ante 120
bAAd PriTT posts ante 120
jolimeufdu55 posts ante 120
MathisKcr posts ante 120
CursedByAces posts ante 120
TheSign555 posts ante 120
-TrouNoir- posts ante 120
Vinicio Galo posts small blind 500
bAAd PriTT posts big blind 1000
Dealt to MathisKcr [Qd 8h]
*** PRE-FLOP *** 
-TrouNoir- raises 1000 to 2000
jolimeufdu55 folds
MathisKcr folds
CursedByAces folds
TheSign555 folds
Vinicio Galo folds
bAAd PriTT folds
-TrouNoir- collected 4340 from pot
*** SUMMARY ***
Total pot 4340 | No rake
Seat 8: -TrouNoir- won 4340


Winamax Poker - Tournament "SPACE KO" buyIn: 1.80€ + 0.20€ level: 10 - HandId: #4282669365817507882-59-1759694061 - Holdem no limit (120/500/1000) - 2025/10/05 19:54:21 UTC
Table: 'SPACE KO(997136665)#041' 8-max (real money) Seat #5 is the button
Seat 1: jolimeufdu55 (64516, 1€ bounty)
Seat 2: MathisKcr (86958, 2.90€ bounty)
Seat 3: CursedByAces (14540, 1€ bounty)
Seat 4: TheSign555 (18020, 1€ bounty)
Seat 5: Vinicio Galo (48492, 1.20€ bounty)
Seat 6: bAAd PriTT (63505, 1.70€ bounty)
Seat 7: ChavalBrutal (15270, 1€ bounty)
Seat 8: -TrouNoir- (27283, 1.20€ bounty)
*** ANTE/BLINDS ***
bAAd PriTT posts ante 120
ChavalBrutal posts ante 120
jolimeufdu55 posts ante 120
MathisKcr posts ante 120
CursedByAces posts ante 120
TheSign555 posts ante 120
Vinicio Galo posts ante 120
-TrouNoir- posts ante 120
bAAd PriTT posts small blind 500
ChavalBrutal posts big blind 1000
Dealt to MathisKcr [4d Jd]
*** PRE-FLOP *** 
-TrouNoir- folds
jolimeufdu55 raises 1000 to 2000
MathisKcr folds
CursedByAces folds
TheSign555 raises 15900 to 17900 and is all-in
Vinicio Galo folds
bAAd PriTT folds
ChavalBrutal folds
jolimeufdu55 calls 15900
*** FLOP *** [8d Qs Ac]
*** TURN *** [8d Qs Ac][Jh]
*** RIVER *** [8d Qs Ac Jh][Qh]
*** SHOW DOWN ***
TheSign555 shows [9d 9c] (Two pairs : Queens and 9)
jolimeufdu55 shows [Td Js] (Two pairs : Queens and Jacks)
jolimeufdu55 collected 38260 from pot
*** SUMMARY ***
Total pot 38260 | No rake
Board: [8d Qs Ac Jh Qh]
Seat 1: jolimeufdu55 showed [Td Js] and won 38260 with Two pairs : Queens and Jacks
Seat 4: TheSign555 showed [9d 9c] and lost with Two pairs : Queens and 9


Winamax Poker - Tournament "SPACE KO" buyIn: 1.80€ + 0.20€ level: 10 - HandId: #4282669365817507882-60-1759694460 - Holdem no limit (120/500/1000) - 2025/10/05 20:01:00 UTC
Table: 'SPACE KO(997136665)#041' 8-max (real money) Seat #6 is the button
Seat 1: jolimeufdu55 (84756, 2€ bounty)
Seat 2: MathisKcr (86838, 2.90€ bounty)
Seat 3: CursedByAces (14420, 1€ bounty)
Seat 4: apash200 (20000, 1€ bounty)
Seat 5: Vinicio Galo (48372, 1.20€ bounty)
Seat 6: bAAd PriTT (62885, 1.70€ bounty)
Seat 7: ChavalBrutal (14150, 1€ bounty)
Seat 8: -TrouNoir- (27163, 1.20€ bounty)
*** ANTE/BLINDS ***
ChavalBrutal posts ante 120
-TrouNoir- posts ante 120
jolimeufdu55 posts ante 120
MathisKcr posts ante 120
CursedByAces posts ante 120
apash200 posts ante 120
Vinicio Galo posts ante 120
bAAd PriTT posts ante 120
ChavalBrutal posts small blind 500
-TrouNoir- posts big blind 1000
Dealt to MathisKcr [Jd Ad]
*** PRE-FLOP *** 
jolimeufdu55 raises 1000 to 2000
MathisKcr raises 84718 to 86718 and is all-in
CursedByAces folds
apash200 folds
Vinicio Galo folds
bAAd PriTT folds
ChavalBrutal folds
-TrouNoir- folds
jolimeufdu55 folds
MathisKcr collected 91178 from pot
*** SUMMARY ***
Total pot 91178 | No rake
Seat 2: MathisKcr won 91178


Winamax Poker - Tournament "SPACE KO" buyIn: 1.80€ + 0.20€ level: 10 - HandId: #4282669365817507931-1-1759694504 - Holdem no limit (120/500/1000) - 2025/10/05 20:01:44 UTC
Table: 'SPACE KO(997136665)#090' 8-max (real money) Seat #5 is the button
Seat 2: BED 51 (20000, 1€ bounty)
Seat 5: JJohnKKramer (39858, 2.20€ bounty)
Seat 6: MathisKcr (91178, 2.90€ bounty)
*** ANTE/BLINDS ***
MathisKcr posts ante 120
BED 51 posts ante 120
JJohnKKramer posts ante 120
MathisKcr posts small blind 500
BED 51 posts big blind 1000
Dealt to MathisKcr [Ah 8h]
*** PRE-FLOP *** 
JJohnKKramer folds
MathisKcr calls 500
BED 51 checks
*** FLOP *** [Qd Kh Ac]
MathisKcr bets 3500
BED 51 folds
MathisKcr collected 5860 from pot
*** SUMMARY ***
Total pot 5860 | No rake
Board: [Qd Kh Ac]
Seat 6: MathisKcr (small blind) won 5860


Winamax Poker - Tournament "SPACE KO" buyIn: 1.80€ + 0.20€ level: 11 - HandId: #4282669365817507844-55-1759694677 - Holdem no limit (140/600/1200) - 2025/10/05 20:04:37 UTC
Table: 'SPACE KO(997136665)#003' 8-max (real money) Seat #4 is the button
Seat 1: 44AllInWar44 (27648, 1€ bounty)
Seat 2: Professeur40 (23460, 1€ bounty)
Seat 3: ZEF29 (38274, 1€ bounty)
Seat 4: ForOnce053 (72941, 2.80€ bounty)
Seat 5: alex_jules (61102, 1.40€ bounty)
Seat 6: Crazyluck (16120, 1€ bounty)
Seat 7: MathisKcr (92418, 2.90€ bounty)
Seat 8: Faulki (97619, 1.60€ bounty)
*** ANTE/BLINDS ***
alex_jules posts ante 140
Crazyluck posts ante 140
44AllInWar44 posts ante 140
Professeur40 posts ante 140
ZEF29 posts ante 140
ForOnce053 posts ante 140
MathisKcr posts ante 140
Faulki posts ante 140
alex_jules posts small blind 600
Crazyluck posts big blind 1200
Dealt to MathisKcr [9s 7s]
*** PRE-FLOP *** 
MathisKcr calls 1200
Faulki folds
44AllInWar44 folds
Professeur40 raises 3000 to 4200
ZEF29 calls 4200
ForOnce053 folds
alex_jules folds
Crazyluck folds
MathisKcr folds
*** FLOP *** [6c Jd 7h]
Professeur40 checks
ZEF29 checks
*** TURN *** [6c Jd 7h][6d]
Professeur40 bets 4382
ZEF29 raises 29552 to 33934 and is all-in
Professeur40 folds
ZEF29 collected 50836 from pot
*** SUMMARY ***
Total pot 50836 | No rake
Board: [6c Jd 7h 6d]
Seat 3: ZEF29 won 50836


Winamax Poker - Tournament "SPACE KO" buyIn: 1.80€ + 0.20€ level: 11 - HandId: #4282669365817507844-56-1759694749 - Holdem no limit (140/600/1200) - 2025/10/05 20:05:49 UTC
Table: 'SPACE KO(997136665)#003' 8-max (real money) Seat #5 is the button
Seat 1: 44AllInWar44 (27508, 1€ bounty)
Seat 2: Professeur40 (14738, 1€ bounty)
Seat 3: ZEF29 (50836, 1€ bounty)
Seat 4: ForOnce053 (72801, 2.80€ bounty)
Seat 5: alex_jules (60362, 1.40€ bounty)
Seat 6: Crazyluck (14780, 1€ bounty)
Seat 7: MathisKcr (91078, 2.90€ bounty)
Seat 8: Faulki (97479, 1.60€ bounty)
*** ANTE/BLINDS ***
Crazyluck posts ante 140
MathisKcr posts ante 140
44AllInWar44 posts ante 140
Professeur40 posts ante 140
ZEF29 posts ante 140
ForOnce053 posts ante 140
alex_jules posts ante 140
Faulki posts ante 140
Crazyluck posts small blind 600
MathisKcr posts big blind 1200
Dealt to MathisKcr [Kd Ts]
*** PRE-FLOP *** 
Faulki folds
44AllInWar44 raises 1200 to 2400
Professeur40 calls 2400
ZEF29 calls 2400
ForOnce053 folds
alex_jules folds
Crazyluck folds
MathisKcr raises 1200 to 3600
44AllInWar44 folds
Professeur40 calls 1200
ZEF29 calls 1200
*** FLOP *** [8c 8h Ah]
MathisKcr checks
Professeur40 bets 10998 and is all-in
ZEF29 folds
MathisKcr calls 10998
*** TURN *** [8c 8h Ah][2s]
*** RIVER *** [8c 8h Ah 2s][4d]
*** SHOW DOWN ***
MathisKcr shows [Kd Ts] (One pair : 8)
Professeur40 shows [6h Ad] (Two pairs : Aces and 8)
Professeur40 collected 36916 from pot
*** SUMMARY ***
Total pot 36916 | No rake
Board: [8c 8h Ah 2s 4d]
Seat 2: Professeur40 showed [6h Ad] and won 36916 with Two pairs : Aces and 8
Seat 7: MathisKcr (big blind) showed [Kd Ts] and lost with One pair : 8


Winamax Poker - Tournament "SPACE KO" buyIn: 1.80€ + 0.20€ level: 12 - HandId: #4282669365817507844-57-1759694822 - Holdem no limit (160/700/1400) - 2025/10/05 20:07:02 UTC
Table: 'SPACE KO(997136665)#003' 8-max (real money) Seat #6 is the button
Seat 1: 44AllInWar44 (24968, 1€ bounty)
Seat 2: Professeur40 (36916, 1€ bounty)
Seat 3: ZEF29 (47096, 1€ bounty)
Seat 4: ForOnce053 (72661, 2.80€ bounty)
Seat 5: alex_jules (60222, 1.40€ bounty)
Seat 6: Crazyluck (14040, 1€ bounty)
Seat 7: MathisKcr (76340, 2.90€ bounty)
Seat 8: Faulki (97339, 1.60€ bounty)
*** ANTE/BLINDS ***
MathisKcr posts ante 160
Faulki posts ante 160
44AllInWar44 posts ante 160
Professeur40 posts ante 160
ZEF29 posts ante 160
ForOnce053 posts ante 160
alex_jules posts ante 160
Crazyluck posts ante 160
MathisKcr posts small blind 700
Faulki posts big blind 1400
Dealt to MathisKcr [Jd 7d]
*** PRE-FLOP *** 
44AllInWar44 folds
Professeur40 folds
ZEF29 folds
ForOnce053 raises 1400 to 2800
alex_jules folds
Crazyluck folds
MathisKcr folds
Faulki folds
ForOnce053 collected 6180 from pot
*** SUMMARY ***
Total pot 6180 | No rake
Seat 4: ForOnce053 won 6180


Winamax Poker - Tournament "SPACE KO" buyIn: 1.80€ + 0.20€ level: 12 - HandId: #4282669365817507844-58-1759694846 - Holdem no limit (160/700/1400) - 2025/10/05 20:07:26 UTC
Table: 'SPACE KO(997136665)#003' 8-max (real money) Seat #7 is the button
Seat 1: 44AllInWar44 (24808, 1€ bounty)
Seat 2: Professeur40 (36756, 1€ bounty)
Seat 3: ZEF29 (46936, 1€ bounty)
Seat 4: ForOnce053 (75881, 2.80€ bounty)
Seat 5: alex_jules (60062, 1.40€ bounty)
Seat 6: Crazyluck (13880, 1€ bounty)
Seat 7: MathisKcr (75480, 2.90€ bounty)
Seat 8: Faulki (95779, 1.60€ bounty)
*** ANTE/BLINDS ***
Faulki posts ante 160
44AllInWar44 posts ante 160
Professeur40 posts ante 160
ZEF29 posts ante 160
ForOnce053 posts ante 160
alex_jules posts ante 160
Crazyluck posts ante 160
MathisKcr posts ante 160
Faulki posts small blind 700
44AllInWar44 posts big blind 1400
Dealt to MathisKcr [4s 6h]
*** PRE-FLOP *** 
Professeur40 folds
ZEF29 folds
ForOnce053 folds
alex_jules folds
Crazyluck raises 12320 to 13720 and is all-in
MathisKcr folds
Faulki folds
44AllInWar44 raises 10928 to 24648 and is all-in
*** FLOP *** [2s 5s 7h]
*** TURN *** [2s 5s 7h][Ks]
*** RIVER *** [2s 5s 7h Ks][3s]
*** SHOW DOWN ***
Crazyluck shows [9c Ac] (High card : Ace)
44AllInWar44 shows [Qd Kc] (One pair : Kings)
44AllInWar44 collected 40348 from pot
*** SUMMARY ***
Total pot 40348 | No rake
Board: [2s 5s 7h Ks 3s]
Seat 1: 44AllInWar44 (big blind) showed [Qd Kc] and won 40348 with One pair : Kings
Seat 6: Crazyluck showed [9c Ac] and lost with High card : Ace


Winamax Poker - Tournament "SPACE KO" buyIn: 1.80€ + 0.20€ level: 12 - HandId: #4282669365817507844-59-1759694886 - Holdem no limit (160/700/1400) - 2025/10/05 20:08:06 UTC
Table: 'SPACE KO(997136665)#003' 8-max (real money) Seat #8 is the button
Seat 1: 44AllInWar44 (40348, 1.20€ bounty)
Seat 2: Professeur40 (36596, 1€ bounty)
Seat 3: ZEF29 (46776, 1€ bounty)
Seat 4: ForOnce053 (75721, 2.80€ bounty)
Seat 5: alex_jules (59902, 1.40€ bounty)
Seat 7: MathisKcr (75320, 2.90€ bounty)
Seat 8: Faulki (94919, 1.60€ bounty)
*** ANTE/BLINDS ***
44AllInWar44 posts ante 160
Professeur40 posts ante 160
ZEF29 posts ante 160
ForOnce053 posts ante 160
alex_jules posts ante 160
MathisKcr posts ante 160
Faulki posts ante 160
44AllInWar44 posts small blind 700
Professeur40 posts big blind 1400
Dealt to MathisKcr [6d 4s]
*** PRE-FLOP *** 
ZEF29 folds
ForOnce053 folds
alex_jules folds
MathisKcr folds
Faulki folds
44AllInWar44 calls 700
Professeur40 checks
*** FLOP *** [Qs Qh Qc]
44AllInWar44 checks
Professeur40 checks
*** TURN *** [Qs Qh Qc][6s]
44AllInWar44 checks
Professeur40 checks
*** RIVER *** [Qs Qh Qc 6s][2s]
44AllInWar44 bets 2940
Professeur40 calls 2940
*** SHOW DOWN ***
Professeur40 shows [2d Tc] (Full of Queens and 2)
44AllInWar44 shows [6c 8d] (Full of Queens and 6)
44AllInWar44 collected 9800 from pot
*** SUMMARY ***
Total pot 9800 | No rake
Board: [Qs Qh Qc 6s 2s]
Seat 1: 44AllInWar44 (small blind) showed [6c 8d] and won 9800 with Full of Queens and 6
Seat 2: Professeur40 (big blind) showed [2d Tc] and lost with Full of Queens and 2


Winamax Poker - Tournament "SPACE KO" buyIn: 1.80€ + 0.20€ level: 12 - HandId: #4282669365817507844-60-1759694946 - Holdem no limit (160/700/1400) - 2025/10/05 20:09:06 UTC
Table: 'SPACE KO(997136665)#003' 8-max (real money) Seat #1 is the button
Seat 1: 44AllInWar44 (45648, 1.20€ bounty)
Seat 2: Professeur40 (32096, 1€ bounty)
Seat 3: ZEF29 (46616, 1€ bounty)
Seat 4: ForOnce053 (75561, 2.80€ bounty)
Seat 5: alex_jules (59742, 1.40€ bounty)
Seat 6: Flashencote (36370, 1.98€ bounty)
Seat 7: MathisKcr (75160, 2.90€ bounty)
Seat 8: Faulki (94759, 1.60€ bounty)
*** ANTE/BLINDS ***
Professeur40 posts ante 160
ZEF29 posts ante 160
44AllInWar44 posts ante 160
ForOnce053 posts ante 160
alex_jules posts ante 160
Flashencote posts ante 160
MathisKcr posts ante 160
Faulki posts ante 160
Professeur40 posts small blind 700
ZEF29 posts big blind 1400
Dealt to MathisKcr [9d Ad]
*** PRE-FLOP *** 
ForOnce053 folds
alex_jules raises 1400 to 2800
Flashencote calls 2800
MathisKcr raises 72200 to 75000 and is all-in
Faulki folds
44AllInWar44 folds
Professeur40 folds
ZEF29 folds
alex_jules folds
Flashencote folds
MathisKcr collected 83980 from pot
*** SUMMARY ***
Total pot 83980 | No rake
Seat 7: MathisKcr won 83980


Winamax Poker - Tournament "SPACE KO" buyIn: 1.80€ + 0.20€ level: 12 - HandId: #4282669365817507844-61-1759694981 - Holdem no limit (160/700/1400) - 2025/10/05 20:09:41 UTC
Table: 'SPACE KO(997136665)#003' 8-max (real money) Seat #2 is the button
Seat 1: 44AllInWar44 (45488, 1.20€ bounty)
Seat 2: Professeur40 (31236, 1€ bounty)
Seat 3: ZEF29 (45056, 1€ bounty)
Seat 4: ForOnce053 (75401, 2.80€ bounty)
Seat 5: alex_jules (56782, 1.40€ bounty)
Seat 6: Flashencote (33410, 1.98€ bounty)
Seat 7: MathisKcr (83980, 2.90€ bounty)
Seat 8: Faulki (94599, 1.60€ bounty)
*** ANTE/BLINDS ***
ZEF29 posts ante 160
ForOnce053 posts ante 160
44AllInWar44 posts ante 160
Professeur40 posts ante 160
alex_jules posts ante 160
Flashencote posts ante 160
MathisKcr posts ante 160
Faulki posts ante 160
ZEF29 posts small blind 700
ForOnce053 posts big blind 1400
Dealt to MathisKcr [4c 2c]
*** PRE-FLOP *** 
alex_jules folds
Flashencote folds
MathisKcr folds
Faulki folds
44AllInWar44 folds
Professeur40 calls 1400
ZEF29 calls 700
ForOnce053 checks
*** FLOP *** [As 6d 3s]
ZEF29 checks
ForOnce053 checks
Professeur40 bets 1918
ZEF29 calls 1918
ForOnce053 folds
*** TURN *** [As 6d 3s][Qc]
ZEF29 checks
Professeur40 checks
*** RIVER *** [As 6d 3s Qc][8h]
ZEF29 checks
Professeur40 checks
*** SHOW DOWN ***
ZEF29 shows [9d Ks] (High card : Ace)
Professeur40 shows [6h 7h] (One pair : 6)
Professeur40 collected 9316 from pot
*** SUMMARY ***
Total pot 9316 | No rake
Board: [As 6d 3s Qc 8h]
Seat 2: Professeur40 (button) showed [6h 7h] and won 9316 with One pair : 6
Seat 3: ZEF29 (small blind) showed [9d Ks] and lost with High card : Ace


Winamax Poker - Tournament "SPACE KO" buyIn: 1.80€ + 0.20€ level: 13 - HandId: #4282669365817507844-62-1759695038 - Holdem no limit (200/800/1600) - 2025/10/05 20:10:38 UTC
Table: 'SPACE KO(997136665)#003' 8-max (real money) Seat #3 is the button
Seat 1: 44AllInWar44 (45328, 1.20€ bounty)
Seat 2: Professeur40 (37074, 1€ bounty)
Seat 3: ZEF29 (41578, 1€ bounty)
Seat 4: ForOnce053 (73841, 2.80€ bounty)
Seat 5: alex_jules (56622, 1.40€ bounty)
Seat 6: Flashencote (33250, 1.98€ bounty)
Seat 7: MathisKcr (83820, 2.90€ bounty)
Seat 8: Faulki (94439, 1.60€ bounty)
*** ANTE/BLINDS ***
ForOnce053 posts ante 200
alex_jules posts ante 200
44AllInWar44 posts ante 200
Professeur40 posts ante 200
ZEF29 posts ante 200
Flashencote posts ante 200
MathisKcr posts ante 200
Faulki posts ante 200
ForOnce053 posts small blind 800
alex_jules posts big blind 1600
Dealt to MathisKcr [8d 2d]
*** PRE-FLOP *** 
Flashencote folds
MathisKcr folds
Faulki raises 1600 to 3200
44AllInWar44 folds
Professeur40 calls 3200
ZEF29 folds
ForOnce053 folds
alex_jules calls 1600
*** FLOP *** [Js 9h 8c]
alex_jules bets 3000
Faulki folds
Professeur40 calls 3000
*** TURN *** [Js 9h 8c][Ks]
alex_jules bets 2400
Professeur40 calls 2400
*** RIVER *** [Js 9h 8c Ks][4h]
alex_jules bets 3200
Professeur40 calls 3200
*** SHOW DOWN ***
alex_jules shows [Jh 7d] (One pair : Jacks)
Professeur40 shows [Ts Jc] (One pair : Jacks)
Professeur40 collected 29200 from pot
*** SUMMARY ***
Total pot 29200 | No rake
Board: [Js 9h 8c Ks 4h]
Seat 2: Professeur40 showed [Ts Jc] and won 29200 with One pair : Jacks
Seat 5: alex_jules (big blind) showed [Jh 7d] and lost with One pair : Jacks


Winamax Poker - Tournament "SPACE KO" buyIn: 1.80€ + 0.20€ level: 13 - HandId: #4282669365817507844-63-1759695084 - Holdem no limit (200/800/1600) - 2025/10/05 20:11:24 UTC
Table: 'SPACE KO(997136665)#003' 8-max (real money) Seat #4 is the button
Seat 1: 44AllInWar44 (45128, 1.20€ bounty)
Seat 2: Professeur40 (54274, 1€ bounty)
Seat 3: ZEF29 (41378, 1€ bounty)
Seat 4: ForOnce053 (72841, 2.80€ bounty)
Seat 5: alex_jules (44622, 1.40€ bounty)
Seat 6: Flashencote (33050, 1.98€ bounty)
Seat 7: MathisKcr (83620, 2.90€ bounty)
Seat 8: Faulki (91039, 1.60€ bounty)
*** ANTE/BLINDS ***
alex_jules posts ante 200
Flashencote posts ante 200
44AllInWar44 posts ante 200
Professeur40 posts ante 200
ZEF29 posts ante 200
ForOnce053 posts ante 200
MathisKcr posts ante 200
Faulki posts ante 200
alex_jules posts small blind 800
Flashencote posts big blind 1600
Dealt to MathisKcr [Qd Js]
*** PRE-FLOP *** 
MathisKcr raises 1600 to 3200
Faulki folds
44AllInWar44 folds
Professeur40 folds
ZEF29 calls 3200
ForOnce053 folds
alex_jules folds
Flashencote calls 1600
*** FLOP *** [7d Ah 9s]
Flashencote checks
MathisKcr bets 4800
ZEF29 folds
Flashencote folds
MathisKcr collected 16800 from pot
*** SUMMARY ***
Total pot 16800 | No rake
Board: [7d Ah 9s]
Seat 7: MathisKcr won 16800


Winamax Poker - Tournament "SPACE KO" buyIn: 1.80€ + 0.20€ level: 13 - HandId: #4282669365817507844-64-1759695110 - Holdem no limit (200/800/1600) - 2025/10/05 20:11:50 UTC
Table: 'SPACE KO(997136665)#003' 8-max (real money) Seat #5 is the button
Seat 1: 44AllInWar44 (44928, 1.20€ bounty)
Seat 2: Professeur40 (54074, 1€ bounty)
Seat 3: ZEF29 (37978, 1€ bounty)
Seat 4: ForOnce053 (72641, 2.80€ bounty)
Seat 5: alex_jules (43622, 1.40€ bounty)
Seat 6: Flashencote (29650, 1.98€ bounty)
Seat 7: MathisKcr (92220, 2.90€ bounty)
Seat 8: Faulki (90839, 1.60€ bounty)
*** ANTE/BLINDS ***
Flashencote posts ante 200
MathisKcr posts ante 200
44AllInWar44 posts ante 200
Professeur40 posts ante 200
ZEF29 posts ante 200
ForOnce053 posts ante 200
alex_jules posts ante 200
Faulki posts ante 200
Flashencote posts small blind 800
MathisKcr posts big blind 1600
Dealt to MathisKcr [Ks 2h]
*** PRE-FLOP *** 
Faulki folds
44AllInWar44 folds
Professeur40 folds
ZEF29 folds
ForOnce053 raises 1600 to 3200
alex_jules calls 3200
Flashencote folds
MathisKcr calls 1600
*** FLOP *** [9c 7c 7d]
MathisKcr checks
ForOnce053 checks
alex_jules checks
*** TURN *** [9c 7c 7d][6h]
MathisKcr checks
ForOnce053 checks
alex_jules checks
*** RIVER *** [9c 7c 7d 6h][Td]
MathisKcr checks
ForOnce053 bets 6000
alex_jules folds
MathisKcr folds
ForOnce053 collected 18000 from pot
*** SUMMARY ***
Total pot 18000 | No rake
Board: [9c 7c 7d 6h Td]
Seat 4: ForOnce053 won 18000


Winamax Poker - Tournament "SPACE KO" buyIn: 1.80€ + 0.20€ level: 13 - HandId: #4282669365817507844-65-1759695166 - Holdem no limit (200/800/1600) - 2025/10/05 20:12:46 UTC
Table: 'SPACE KO(997136665)#003' 8-max (real money) Seat #6 is the button
Seat 1: 44AllInWar44 (44728, 1.20€ bounty)
Seat 2: Professeur40 (53874, 1€ bounty)
Seat 3: ZEF29 (37778, 1€ bounty)
Seat 4: ForOnce053 (81241, 2.80€ bounty)
Seat 5: alex_jules (40222, 1.40€ bounty)
Seat 6: Flashencote (28650, 1.98€ bounty)
Seat 7: MathisKcr (88820, 2.90€ bounty)
Seat 8: Faulki (90639, 1.60€ bounty)
*** ANTE/BLINDS ***
MathisKcr posts ante 200
Faulki posts ante 200
44AllInWar44 posts ante 200
Professeur40 posts ante 200
ZEF29 posts ante 200
ForOnce053 posts ante 200
alex_jules posts ante 200
Flashencote posts ante 200
MathisKcr posts small blind 800
Faulki posts big blind 1600
Dealt to MathisKcr [4c Th]
*** PRE-FLOP *** 
44AllInWar44 folds
Professeur40 folds
ZEF29 folds
ForOnce053 folds
alex_jules calls 1600
Flashencote folds
MathisKcr calls 800
Faulki checks
*** FLOP *** [2s 8c 5h]
MathisKcr checks
Faulki bets 3200
alex_jules folds
MathisKcr folds
Faulki collected 9600 from pot
*** SUMMARY ***
Total pot 9600 | No rake
Board: [2s 8c 5h]
Seat 8: Faulki (big blind) won 9600


Winamax Poker - Tournament "SPACE KO" buyIn: 1.80€ + 0.20€ level: 13 - HandId: #4282669365817507844-66-1759695208 - Holdem no limit (200/800/1600) - 2025/10/05 20:13:28 UTC
Table: 'SPACE KO(997136665)#003' 8-max (real money) Seat #7 is the button
Seat 1: 44AllInWar44 (44528, 1.20€ bounty)
Seat 2: Professeur40 (53674, 1€ bounty)
Seat 3: ZEF29 (37578, 1€ bounty)
Seat 4: ForOnce053 (81041, 2.80€ bounty)
Seat 5: alex_jules (38422, 1.40€ bounty)
Seat 6: Flashencote (28450, 1.98€ bounty)
Seat 7: MathisKcr (87020, 2.90€ bounty)
Seat 8: Faulki (95239, 1.60€ bounty)
*** ANTE/BLINDS ***
Faulki posts ante 200
44AllInWar44 posts ante 200
Professeur40 posts ante 200
ZEF29 posts ante 200
ForOnce053 posts ante 200
alex_jules posts ante 200
Flashencote posts ante 200
MathisKcr posts ante 200
Faulki posts small blind 800
44AllInWar44 posts big blind 1600
Dealt to MathisKcr [9d 3c]
*** PRE-FLOP *** 
Professeur40 raises 5600 to 7200
ZEF29 folds
ForOnce053 folds
alex_jules folds
Flashencote folds
MathisKcr folds
Faulki folds
44AllInWar44 folds
Professeur40 collected 11200 from pot
*** SUMMARY ***
Total pot 11200 | No rake
Seat 2: Professeur40 won 11200


Winamax Poker - Tournament "SPACE KO" buyIn: 1.80€ + 0.20€ level: 14 - HandId: #4282669365817507844-67-1759695244 - Holdem no limit (250/1000/2000) - 2025/10/05 20:14:04 UTC
Table: 'SPACE KO(997136665)#003' 8-max (real money) Seat #8 is the button
Seat 1: 44AllInWar44 (42728, 1.20€ bounty)
Seat 2: Professeur40 (57474, 1€ bounty)
Seat 3: ZEF29 (37378, 1€ bounty)
Seat 4: ForOnce053 (80841, 2.80€ bounty)
Seat 5: alex_jules (38222, 1.40€ bounty)
Seat 6: Flashencote (28250, 1.98€ bounty)
Seat 7: MathisKcr (86820, 2.90€ bounty)
Seat 8: Faulki (94239, 1.60€ bounty)
*** ANTE/BLINDS ***
44AllInWar44 posts ante 250
Professeur40 posts ante 250
ZEF29 posts ante 250
ForOnce053 posts ante 250
alex_jules posts ante 250
Flashencote posts ante 250
MathisKcr posts ante 250
Faulki posts ante 250
44AllInWar44 posts small blind 1000
Professeur40 posts big blind 2000
Dealt to MathisKcr [2c 6c]
*** PRE-FLOP *** 
ZEF29 calls 2000
ForOnce053 folds
alex_jules raises 35972 to 37972 and is all-in
Flashencote folds
MathisKcr folds
Faulki folds
44AllInWar44 folds
Professeur40 folds
ZEF29 calls 35128 and is all-in
*** FLOP *** [Th 4h 6s]
*** TURN *** [Th 4h 6s][7c]
*** RIVER *** [Th 4h 6s 7c][3c]
*** SHOW DOWN ***
ZEF29 shows [Tc Qc] (One pair : Tens)
alex_jules shows [Jd Ah] (High card : Ace)
alex_jules collected 844 from side pot 1
ZEF29 collected 79256 from main pot
*** SUMMARY ***
Total pot 80100 | No rake
Board: [Th 4h 6s 7c 3c]
Seat 3: ZEF29 showed [Tc Qc] and won 79256 with One pair : Tens
Seat 5: alex_jules showed [Jd Ah] and won 844 with High card : Ace


Winamax Poker - Tournament "SPACE KO" buyIn: 1.80€ + 0.20€ level: 14 - HandId: #4282669365817507844-68-1759695279 - Holdem no limit (250/1000/2000) - 2025/10/05 20:14:39 UTC
Table: 'SPACE KO(997136665)#003' 8-max (real money) Seat #1 is the button
Seat 1: 44AllInWar44 (41478, 1.20€ bounty)
Seat 2: Professeur40 (55224, 1€ bounty)
Seat 3: ZEF29 (79256, 1€ bounty)
Seat 4: ForOnce053 (80591, 2.80€ bounty)
Seat 5: alex_jules (844, 1.40€ bounty)
Seat 6: Flashencote (28000, 1.98€ bounty)
Seat 7: MathisKcr (86570, 2.90€ bounty)
Seat 8: Faulki (93989, 1.60€ bounty)
*** ANTE/BLINDS ***
Professeur40 posts ante 250
ZEF29 posts ante 250
44AllInWar44 posts ante 250
ForOnce053 posts ante 250
alex_jules posts ante 250
Flashencote posts ante 250
MathisKcr posts ante 250
Faulki posts ante 250
Professeur40 posts small blind 1000
ZEF29 posts big blind 2000
Dealt to MathisKcr [6c Qd]
*** PRE-FLOP *** 
ForOnce053 raises 2000 to 4000
alex_jules calls 594 and is all-in
Flashencote raises 23750 to 27750 and is all-in
MathisKcr calls 27750
Faulki folds
44AllInWar44 folds
Professeur40 folds
ZEF29 calls 25750
ForOnce053 folds
*** FLOP *** [5d 7s 5c]
ZEF29 bets 51256 and is all-in
MathisKcr calls 51256
*** TURN *** [5d 7s 5c][Qh]
*** RIVER *** [5d 7s 5c Qh][6d]
*** SHOW DOWN ***
ZEF29 shows [8s As] (One pair : 5)
alex_jules shows [Ts Tc] (Two pairs : Tens and 5)
Flashencote shows [Ah 6h] (Two pairs : 6 and 5)
MathisKcr shows [6c Qd] (Two pairs : Queens and 6)
MathisKcr collected 193356 from pot
*** SUMMARY ***
Total pot 193356 | No rake
Board: [5d 7s 5c Qh 6d]
Seat 3: ZEF29 (big blind) showed [8s As] and lost with One pair : 5
Seat 5: alex_jules showed [Ts Tc] and lost with Two pairs : Tens and 5
Seat 6: Flashencote showed [Ah 6h] and lost with Two pairs : 6 and 5
Seat 7: MathisKcr showed [6c Qd] and won 193356 with Two pairs : Queens and 6


Winamax Poker - Tournament "SPACE KO" buyIn: 1.80€ + 0.20€ level: 14 - HandId: #4282669365817507844-69-1759695360 - Holdem no limit (250/1000/2000) - 2025/10/05 20:16:00 UTC
Table: 'SPACE KO(997136665)#003' 8-max (real money) Seat #2 is the button
Seat 1: 44AllInWar44 (41228, 1.20€ bounty)
Seat 2: Professeur40 (53974, 1€ bounty)
Seat 4: ForOnce053 (76341, 2.80€ bounty)
Seat 7: MathisKcr (200670, 4.99€ bounty)
Seat 8: Faulki (93739, 1.60€ bounty)
*** ANTE/BLINDS ***
ForOnce053 posts ante 250
44AllInWar44 posts ante 250
Professeur40 posts ante 250
MathisKcr posts ante 250
Faulki posts ante 250
ForOnce053 posts big blind 2000
Dealt to MathisKcr [3h 4h]
*** PRE-FLOP *** 
MathisKcr folds
Faulki folds
44AllInWar44 raises 2000 to 4000
Professeur40 raises 49724 to 53724 and is all-in
ForOnce053 folds
44AllInWar44 folds
Professeur40 collected 60974 from pot
*** SUMMARY ***
Total pot 60974 | No rake
Seat 2: Professeur40 (button) won 60974


Winamax Poker - Tournament "SPACE KO" buyIn: 1.80€ + 0.20€ level: 14 - HandId: #4282669365817507844-70-1759695402 - Holdem no limit (250/1000/2000) - 2025/10/05 20:16:42 UTC
Table: 'SPACE KO(997136665)#003' 8-max (real money) Seat #3 is the button
Seat 1: 44AllInWar44 (36978, 1.20€ bounty)
Seat 2: Professeur40 (60974, 1€ bounty)
Seat 3: A.N.A (56172, 1€ bounty)
Seat 4: ForOnce053 (74091, 2.80€ bounty)
Seat 5: Monkey-D-Jeo (29023, 1€ bounty)
Seat 6: -PangAllin- (65858, 1.94€ bounty)
Seat 7: MathisKcr (200420, 4.99€ bounty)
Seat 8: Faulki (93489, 1.60€ bounty)
*** ANTE/BLINDS ***
ForOnce053 posts ante 250
Monkey-D-Jeo posts ante 250
44AllInWar44 posts ante 250
Professeur40 posts ante 250
-PangAllin- posts ante 250
MathisKcr posts ante 250
Faulki posts ante 250
ForOnce053 posts small blind 1000
Monkey-D-Jeo posts big blind 2000
Dealt to MathisKcr [9s 3c]
*** PRE-FLOP *** 
-PangAllin- folds
MathisKcr folds
Faulki folds
44AllInWar44 folds
Professeur40 raises 4000 to 6000
ForOnce053 folds
Monkey-D-Jeo folds
Professeur40 collected 10750 from pot
*** SUMMARY ***
Total pot 10750 | No rake
Seat 2: Professeur40 won 10750


Winamax Poker - Tournament "SPACE KO" buyIn: 1.80€ + 0.20€ level: 14 - HandId: #4282669365817507844-71-1759695423 - Holdem no limit (250/1000/2000) - 2025/10/05 20:17:03 UTC
Table: 'SPACE KO(997136665)#003' 8-max (real money) Seat #4 is the button
Seat 1: 44AllInWar44 (36728, 1.20€ bounty)
Seat 2: Professeur40 (65474, 1€ bounty)
Seat 3: A.N.A (56172, 1€ bounty)
Seat 4: ForOnce053 (72841, 2.80€ bounty)
Seat 5: Monkey-D-Jeo (26773, 1€ bounty)
Seat 6: -PangAllin- (65608, 1.94€ bounty)
Seat 7: MathisKcr (200170, 4.99€ bounty)
Seat 8: Faulki (93239, 1.60€ bounty)
*** ANTE/BLINDS ***
Monkey-D-Jeo posts ante 250
-PangAllin- posts ante 250
44AllInWar44 posts ante 250
Professeur40 posts ante 250
A.N.A posts ante 250
ForOnce053 posts ante 250
MathisKcr posts ante 250
Faulki posts ante 250
Monkey-D-Jeo posts small blind 1000
-PangAllin- posts big blind 2000
Dealt to MathisKcr [6h 7c]
*** PRE-FLOP *** 
MathisKcr folds
Faulki folds
44AllInWar44 folds
Professeur40 raises 7000 to 9000
A.N.A folds
ForOnce053 folds
Monkey-D-Jeo raises 17523 to 26523 and is all-in
-PangAllin- folds
Professeur40 calls 17523
*** FLOP *** [Kd Tc 5h]
*** TURN *** [Kd Tc 5h][4d]
*** RIVER *** [Kd Tc 5h 4d][Kh]
*** SHOW DOWN ***
Monkey-D-Jeo shows [Ah 7s] (One pair : Kings)
Professeur40 shows [Ac Jh] (One pair : Kings)
Professeur40 collected 57046 from pot
*** SUMMARY ***
Total pot 57046 | No rake
Board: [Kd Tc 5h 4d Kh]
Seat 2: Professeur40 showed [Ac Jh] and won 57046 with One pair : Kings
Seat 5: Monkey-D-Jeo (small blind) showed [Ah 7s] and lost with One pair : Kings


Winamax Poker - Tournament "SPACE KO" buyIn: 1.80€ + 0.20€ level: 14 - HandId: #4282669365817507844-72-1759695463 - Holdem no limit (250/1000/2000) - 2025/10/05 20:17:43 UTC
Table: 'SPACE KO(997136665)#003' 8-max (real money) Seat #5 is the button
Seat 1: 44AllInWar44 (36478, 1.20€ bounty)
Seat 2: Professeur40 (95747, 1.20€ bounty)
Seat 3: A.N.A (55922, 1€ bounty)
Seat 4: ForOnce053 (72591, 2.80€ bounty)
Seat 6: -PangAllin- (63358, 1.94€ bounty)
Seat 7: MathisKcr (199920, 4.99€ bounty)
Seat 8: Faulki (92989, 1.60€ bounty)
*** ANTE/BLINDS ***
-PangAllin- posts ante 250
MathisKcr posts ante 250
44AllInWar44 posts ante 250
Professeur40 posts ante 250
A.N.A posts ante 250
ForOnce053 posts ante 250
Faulki posts ante 250
-PangAllin- posts small blind 1000
MathisKcr posts big blind 2000
Dealt to MathisKcr [Ad 7c]
*** PRE-FLOP *** 
Faulki folds
44AllInWar44 folds
Professeur40 folds
A.N.A calls 2000
ForOnce053 folds
-PangAllin- calls 1000
MathisKcr raises 4000 to 6000
A.N.A folds
-PangAllin- calls 4000
*** FLOP *** [6h 8d 3h]
-PangAllin- checks
MathisKcr bets 8000
-PangAllin- raises 49108 to 57108 and is all-in
MathisKcr folds
-PangAllin- collected 80858 from pot
*** SUMMARY ***
Total pot 80858 | No rake
Board: [6h 8d 3h]
Seat 6: -PangAllin- (small blind) won 80858


Winamax Poker - Tournament "SPACE KO" buyIn: 1.80€ + 0.20€ level: 15 - HandId: #4282669365817507844-73-1759695540 - Holdem no limit (300/1250/2500) - 2025/10/05 20:19:00 UTC
Table: 'SPACE KO(997136665)#003' 8-max (real money) Seat #6 is the button
Seat 1: 44AllInWar44 (36228, 1.20€ bounty)
Seat 2: Professeur40 (95497, 1.20€ bounty)
Seat 3: A.N.A (53672, 1€ bounty)
Seat 4: ForOnce053 (72341, 2.80€ bounty)
Seat 5: Melmaq (104068, 2€ bounty)
Seat 6: -PangAllin- (80858, 1.94€ bounty)
Seat 7: MathisKcr (185670, 4.99€ bounty)
Seat 8: Faulki (92739, 1.60€ bounty)
*** ANTE/BLINDS ***
MathisKcr posts ante 300
Faulki posts ante 300
44AllInWar44 posts ante 300
Professeur40 posts ante 300
A.N.A posts ante 300
ForOnce053 posts ante 300
Melmaq posts ante 300
-PangAllin- posts ante 300
MathisKcr posts small blind 1250
Faulki posts big blind 2500
Dealt to MathisKcr [Ts 7h]
*** PRE-FLOP *** 
44AllInWar44 folds
Professeur40 folds
A.N.A folds
ForOnce053 folds
Melmaq folds
-PangAllin- folds
MathisKcr calls 1250
Faulki checks
*** FLOP *** [8h Ks Qs]
MathisKcr checks
Faulki checks
*** TURN *** [8h Ks Qs][3c]
MathisKcr checks
Faulki checks
*** RIVER *** [8h Ks Qs 3c][7s]
MathisKcr checks
Faulki bets 5920
MathisKcr calls 5920
*** SHOW DOWN ***
MathisKcr shows [Ts 7h] (One pair : 7)
Faulki shows [3h 7d] (Two pairs : 7 and 3)
Faulki collected 19240 from pot
*** SUMMARY ***
Total pot 19240 | No rake
Board: [8h Ks Qs 3c 7s]
Seat 7: MathisKcr (small blind) showed [Ts 7h] and lost with One pair : 7
Seat 8: Faulki (big blind) showed [3h 7d] and won 19240 with Two pairs : 7 and 3


Winamax Poker - Tournament "SPACE KO" buyIn: 1.80€ + 0.20€ level: 15 - HandId: #4282669365817507844-74-1759695608 - Holdem no limit (300/1250/2500) - 2025/10/05 20:20:08 UTC
Table: 'SPACE KO(997136665)#003' 8-max (real money) Seat #7 is the button
Seat 1: 44AllInWar44 (35928, 1.20€ bounty)
Seat 2: Professeur40 (95197, 1.20€ bounty)
Seat 3: A.N.A (53372, 1€ bounty)
Seat 4: ForOnce053 (72041, 2.80€ bounty)
Seat 5: Melmaq (103768, 2€ bounty)
Seat 6: -PangAllin- (80558, 1.94€ bounty)
Seat 7: MathisKcr (176950, 4.99€ bounty)
Seat 8: Faulki (103259, 1.60€ bounty)
*** ANTE/BLINDS ***
Faulki posts ante 300
44AllInWar44 posts ante 300
Professeur40 posts ante 300
A.N.A posts ante 300
ForOnce053 posts ante 300
Melmaq posts ante 300
-PangAllin- posts ante 300
MathisKcr posts ante 300
Faulki posts small blind 1250
44AllInWar44 posts big blind 2500
Dealt to MathisKcr [4h 6s]
*** PRE-FLOP *** 
Professeur40 folds
A.N.A raises 3750 to 6250
ForOnce053 folds
Melmaq folds
-PangAllin- folds
MathisKcr folds
Faulki folds
44AllInWar44 calls 3750
*** FLOP *** [Ah 8s 2s]
44AllInWar44 checks
A.N.A checks
*** TURN *** [Ah 8s 2s][4d]
44AllInWar44 checks
A.N.A checks
*** RIVER *** [Ah 8s 2s 4d][Kc]
44AllInWar44 checks
A.N.A checks
*** SHOW DOWN ***
44AllInWar44 shows [5c Qc] (High card : Ace)
A.N.A shows [Js Jh] (One pair : Jacks)
A.N.A collected 16150 from pot
*** SUMMARY ***
Total pot 16150 | No rake
Board: [Ah 8s 2s 4d Kc]
Seat 1: 44AllInWar44 (big blind) showed [5c Qc] and lost with High card : Ace
Seat 3: A.N.A showed [Js Jh] and won 16150 with One pair : Jacks


Winamax Poker - Tournament "SPACE KO" buyIn: 1.80€ + 0.20€ level: 15 - HandId: #4282669365817507844-75-1759695678 - Holdem no limit (300/1250/2500) - 2025/10/05 20:21:18 UTC
Table: 'SPACE KO(997136665)#003' 8-max (real money) Seat #8 is the button
Seat 1: 44AllInWar44 (29378, 1.20€ bounty)
Seat 2: Professeur40 (94897, 1.20€ bounty)
Seat 3: A.N.A (62972, 1€ bounty)
Seat 4: ForOnce053 (71741, 2.80€ bounty)
Seat 5: Melmaq (103468, 2€ bounty)
Seat 6: -PangAllin- (80258, 1.94€ bounty)
Seat 7: MathisKcr (176650, 4.99€ bounty)
Seat 8: Faulki (101709, 1.60€ bounty)
*** ANTE/BLINDS ***
44AllInWar44 posts ante 300
Professeur40 posts ante 300
A.N.A posts ante 300
ForOnce053 posts ante 300
Melmaq posts ante 300
-PangAllin- posts ante 300
MathisKcr posts ante 300
Faulki posts ante 300
44AllInWar44 posts small blind 1250
Professeur40 posts big blind 2500
Dealt to MathisKcr [7d Kc]
*** PRE-FLOP *** 
A.N.A folds
ForOnce053 raises 2500 to 5000
Melmaq folds
-PangAllin- calls 5000
MathisKcr calls 5000
Faulki folds
44AllInWar44 raises 24078 to 29078 and is all-in
Professeur40 folds
ForOnce053 raises 42363 to 71441 and is all-in
-PangAllin- folds
MathisKcr folds
*** FLOP *** [7c 4d As]
*** TURN *** [7c 4d As][2s]
*** RIVER *** [7c 4d As 2s][Kd]
*** SHOW DOWN ***
44AllInWar44 shows [Kh Qc] (One pair : Kings)
ForOnce053 shows [Ac Ah] (Trips of Aces)
ForOnce053 collected 115419 from pot
*** SUMMARY ***
Total pot 115419 | No rake
Board: [7c 4d As 2s Kd]
Seat 1: 44AllInWar44 (small blind) showed [Kh Qc] and lost with One pair : Kings
Seat 4: ForOnce053 showed [Ac Ah] and won 115419 with Trips of Aces


Winamax Poker - Tournament "SPACE KO" buyIn: 1.80€ + 0.20€ level: 16 - HandId: #4282669365817507844-76-1759695737 - Holdem no limit (350/1500/3000) - 2025/10/05 20:22:17 UTC
Table: 'SPACE KO(997136665)#003' 8-max (real money) Seat #1 is the button
Seat 2: Professeur40 (92097, 1.20€ bounty)
Seat 3: A.N.A (62672, 1€ bounty)
Seat 4: ForOnce053 (115419, 4€ bounty)
Seat 5: Melmaq (103168, 2€ bounty)
Seat 6: -PangAllin- (74958, 1.94€ bounty)
Seat 7: MathisKcr (171350, 4.99€ bounty)
Seat 8: Faulki (101409, 1.60€ bounty)
*** ANTE/BLINDS ***
Professeur40 posts ante 350
A.N.A posts ante 350
ForOnce053 posts ante 350
Melmaq posts ante 350
-PangAllin- posts ante 350
MathisKcr posts ante 350
Faulki posts ante 350
Professeur40 posts small blind 1500
A.N.A posts big blind 3000
Dealt to MathisKcr [7d 8s]
*** PRE-FLOP *** 
ForOnce053 folds
Melmaq folds
-PangAllin- folds
MathisKcr folds
Faulki folds
Professeur40 folds
A.N.A collected 6950 from pot
*** SUMMARY ***
Total pot 6950 | No rake
Seat 3: A.N.A (big blind) won 6950


Winamax Poker - Tournament "SPACE KO" buyIn: 1.80€ + 0.20€ level: 16 - HandId: #4282669365817507844-77-1759695772 - Holdem no limit (350/1500/3000) - 2025/10/05 20:22:52 UTC
Table: 'SPACE KO(997136665)#003' 8-max (real money) Seat #2 is the button
Seat 2: Professeur40 (90247, 1.20€ bounty)
Seat 3: A.N.A (66272, 1€ bounty)
Seat 4: ForOnce053 (115069, 4€ bounty)
Seat 5: Melmaq (102818, 2€ bounty)
Seat 6: -PangAllin- (74608, 1.94€ bounty)
Seat 7: MathisKcr (171000, 4.99€ bounty)
Seat 8: Faulki (101059, 1.60€ bounty)
*** ANTE/BLINDS ***
A.N.A posts ante 350
ForOnce053 posts ante 350
Professeur40 posts ante 350
Melmaq posts ante 350
-PangAllin- posts ante 350
MathisKcr posts ante 350
Faulki posts ante 350
A.N.A posts small blind 1500
ForOnce053 posts big blind 3000
Dealt to MathisKcr [3s 2c]
*** PRE-FLOP *** 
Melmaq folds
-PangAllin- folds
MathisKcr folds
Faulki raises 3000 to 6000
Professeur40 folds
A.N.A folds
ForOnce053 folds
Faulki collected 12950 from pot
*** SUMMARY ***
Total pot 12950 | No rake
Seat 8: Faulki won 12950


Winamax Poker - Tournament "SPACE KO" buyIn: 1.80€ + 0.20€ level: 16 - HandId: #4282669365817507844-78-1759695807 - Holdem no limit (350/1500/3000) - 2025/10/05 20:23:27 UTC
Table: 'SPACE KO(997136665)#003' 8-max (real money) Seat #3 is the button
Seat 1: Erza007 (106312, 2.70€ bounty)
Seat 2: Professeur40 (89897, 1.20€ bounty)
Seat 3: A.N.A (64422, 1€ bounty)
Seat 4: ForOnce053 (111719, 4€ bounty)
Seat 5: Melmaq (102468, 2€ bounty)
Seat 6: -PangAllin- (74258, 1.94€ bounty)
Seat 7: MathisKcr (170650, 4.99€ bounty)
Seat 8: Faulki (107659, 1.60€ bounty)
*** ANTE/BLINDS ***
ForOnce053 posts ante 350
Melmaq posts ante 350
Erza007 posts ante 350
Professeur40 posts ante 350
A.N.A posts ante 350
-PangAllin- posts ante 350
MathisKcr posts ante 350
Faulki posts ante 350
ForOnce053 posts small blind 1500
Melmaq posts big blind 3000
Dealt to MathisKcr [Ks As]
*** PRE-FLOP *** 
-PangAllin- folds
MathisKcr raises 3000 to 6000
Faulki folds
Erza007 folds
Professeur40 folds
A.N.A folds
ForOnce053 calls 4500
Melmaq calls 3000
*** FLOP *** [5c 2d 5h]
ForOnce053 checks
Melmaq checks
MathisKcr bets 9000
ForOnce053 calls 9000
Melmaq folds
*** TURN *** [5c 2d 5h][4d]
ForOnce053 checks
MathisKcr checks
*** RIVER *** [5c 2d 5h 4d][9c]
ForOnce053 bets 13580
MathisKcr calls 13580
*** SHOW DOWN ***
ForOnce053 shows [Kh Ah] (One pair : 5)
MathisKcr shows [Ks As] (One pair : 5)
MathisKcr collected 32980 from pot
ForOnce053 collected 32980 from pot
*** SUMMARY ***
Total pot 65960 | No rake
Board: [5c 2d 5h 4d 9c]
Seat 4: ForOnce053 (small blind) showed [Kh Ah] and won 32980 with One pair : 5
Seat 7: MathisKcr showed [Ks As] and won 32980 with One pair : 5


Winamax Poker - Tournament "SPACE KO" buyIn: 1.80€ + 0.20€ level: 16 - HandId: #4282669365817507844-79-1759695875 - Holdem no limit (350/1500/3000) - 2025/10/05 20:24:35 UTC
Table: 'SPACE KO(997136665)#003' 8-max (real money) Seat #4 is the button
Seat 1: Erza007 (105962, 2.70€ bounty)
Seat 2: Professeur40 (89547, 1.20€ bounty)
Seat 3: A.N.A (64072, 1€ bounty)
Seat 4: ForOnce053 (115769, 4€ bounty)
Seat 5: Melmaq (96118, 2€ bounty)
Seat 6: -PangAllin- (73908, 1.94€ bounty)
Seat 7: MathisKcr (174700, 4.99€ bounty)
Seat 8: Faulki (107309, 1.60€ bounty)
*** ANTE/BLINDS ***
Melmaq posts ante 350
-PangAllin- posts ante 350
Erza007 posts ante 350
Professeur40 posts ante 350
A.N.A posts ante 350
ForOnce053 posts ante 350
MathisKcr posts ante 350
Faulki posts ante 350
Melmaq posts small blind 1500
-PangAllin- posts big blind 3000
Dealt to MathisKcr [5h Js]
*** PRE-FLOP *** 
MathisKcr calls 3000
Faulki folds
Erza007 calls 3000
Professeur40 folds
A.N.A folds
ForOnce053 calls 3000
Melmaq calls 1500
-PangAllin- checks
*** FLOP *** [Qs Qd 9h]
Melmaq checks
-PangAllin- checks
MathisKcr bets 6000
Erza007 calls 6000
ForOnce053 calls 6000
Melmaq calls 6000
-PangAllin- folds
*** TURN *** [Qs Qd 9h][4h]
Melmaq checks
MathisKcr checks
Erza007 bets 41800
ForOnce053 raises 64619 to 106419 and is all-in
Melmaq folds
MathisKcr folds
Erza007 calls 54812 and is all-in
*** RIVER *** [Qs Qd 9h 4h][Qc]
*** SHOW DOWN ***
Erza007 shows [Ts Td] (Full of Queens and Tens)
ForOnce053 shows [Ac Qh] (Quads of Queens)
ForOnce053 collected 244831 from pot
*** SUMMARY ***
Total pot 244831 | No rake
Board: [Qs Qd 9h 4h Qc]
Seat 1: Erza007 showed [Ts Td] and lost with Full of Queens and Tens
Seat 4: ForOnce053 (button) showed [Ac Qh] and won 244831 with Quads of Queens


Winamax Poker - Tournament "SPACE KO" buyIn: 1.80€ + 0.20€ level: 17 - HandId: #4282669365817507844-80-1759696018 - Holdem no limit (400/1750/3500) - 2025/10/05 20:26:58 UTC
Table: 'SPACE KO(997136665)#003' 8-max (real money) Seat #5 is the button
Seat 2: Professeur40 (89197, 1.20€ bounty)
Seat 3: A.N.A (63722, 1€ bounty)
Seat 4: ForOnce053 (244831, 4.54€ bounty)
Seat 5: Melmaq (86768, 2€ bounty)
Seat 6: -PangAllin- (70558, 1.94€ bounty)
Seat 7: MathisKcr (165350, 4.99€ bounty)
Seat 8: Faulki (106959, 1.60€ bounty)
*** ANTE/BLINDS ***
-PangAllin- posts ante 400
MathisKcr posts ante 400
Professeur40 posts ante 400
A.N.A posts ante 400
ForOnce053 posts ante 400
Melmaq posts ante 400
Faulki posts ante 400
-PangAllin- posts small blind 1750
MathisKcr posts big blind 3500
Dealt to MathisKcr [3c Ah]
*** PRE-FLOP *** 
Faulki folds
Professeur40 folds
A.N.A folds
ForOnce053 raises 3500 to 7000
Melmaq folds
-PangAllin- calls 5250
MathisKcr calls 3500
*** FLOP *** [7h Qh 2h]
-PangAllin- checks
MathisKcr bets 7000
ForOnce053 raises 22120 to 29120
-PangAllin- folds
MathisKcr calls 22120
*** TURN *** [7h Qh 2h][8c]
MathisKcr checks
ForOnce053 bets 65632
MathisKcr folds
ForOnce053 collected 147672 from pot
*** SUMMARY ***
Total pot 147672 | No rake
Board: [7h Qh 2h 8c]
Seat 4: ForOnce053 won 147672


Winamax Poker - Tournament "SPACE KO" buyIn: 1.80€ + 0.20€ level: 17 - HandId: #4282669365817507844-81-1759696074 - Holdem no limit (400/1750/3500) - 2025/10/05 20:27:54 UTC
Table: 'SPACE KO(997136665)#003' 8-max (real money) Seat #6 is the button
Seat 1: Kellybbella (28347, 1€ bounty)
Seat 2: Professeur40 (88797, 1.20€ bounty)
Seat 3: A.N.A (63322, 1€ bounty)
Seat 4: ForOnce053 (290351, 4.54€ bounty)
Seat 5: Melmaq (86368, 2€ bounty)
Seat 6: -PangAllin- (63158, 1.94€ bounty)
Seat 7: MathisKcr (128830, 4.99€ bounty)
Seat 8: Faulki (106559, 1.60€ bounty)
*** ANTE/BLINDS ***
MathisKcr posts ante 400
Faulki posts ante 400
Kellybbella posts ante 400
Professeur40 posts ante 400
A.N.A posts ante 400
ForOnce053 posts ante 400
Melmaq posts ante 400
-PangAllin- posts ante 400
MathisKcr posts small blind 1750
Faulki posts big blind 3500
Dealt to MathisKcr [2s 8d]
*** PRE-FLOP *** 
Kellybbella calls 3500
Professeur40 folds
A.N.A folds
ForOnce053 folds
Melmaq folds
-PangAllin- raises 10500 to 14000
MathisKcr folds
Faulki folds
Kellybbella folds
-PangAllin- collected 25950 from pot
*** SUMMARY ***
Total pot 25950 | No rake
Seat 6: -PangAllin- (button) won 25950


Winamax Poker - Tournament "SPACE KO" buyIn: 1.80€ + 0.20€ level: 17 - HandId: #4282669365817507844-82-1759696123 - Holdem no limit (400/1750/3500) - 2025/10/05 20:28:43 UTC
Table: 'SPACE KO(997136665)#003' 8-max (real money) Seat #7 is the button
Seat 1: Kellybbella (24447, 1€ bounty)
Seat 2: Professeur40 (88397, 1.20€ bounty)
Seat 3: A.N.A (62922, 1€ bounty)
Seat 4: ForOnce053 (289951, 4.54€ bounty)
Seat 5: Melmaq (85968, 2€ bounty)
Seat 6: -PangAllin- (74708, 1.94€ bounty)
Seat 7: MathisKcr (126680, 4.99€ bounty)
Seat 8: Faulki (102659, 1.60€ bounty)
*** ANTE/BLINDS ***
Faulki posts ante 400
Kellybbella posts ante 400
Professeur40 posts ante 400
A.N.A posts ante 400
ForOnce053 posts ante 400
Melmaq posts ante 400
-PangAllin- posts ante 400
MathisKcr posts ante 400
Faulki posts small blind 1750
Kellybbella posts big blind 3500
Dealt to MathisKcr [Kd Th]
*** PRE-FLOP *** 
Professeur40 folds
A.N.A calls 3500
ForOnce053 folds
Melmaq calls 3500
-PangAllin- folds
MathisKcr raises 3500 to 7000
Faulki folds
Kellybbella folds
A.N.A calls 3500
Melmaq calls 3500
*** FLOP *** [Kc 5c 9d]
A.N.A checks
Melmaq checks
MathisKcr checks
*** TURN *** [Kc 5c 9d][4c]
A.N.A checks
Melmaq checks
MathisKcr bets 10500
A.N.A folds
Melmaq folds
MathisKcr collected 39950 from pot
*** SUMMARY ***
Total pot 39950 | No rake
Board: [Kc 5c 9d 4c]
Seat 7: MathisKcr (button) won 39950


Winamax Poker - Tournament "SPACE KO" buyIn: 1.80€ + 0.20€ level: 18 - HandId: #4282669365817507844-83-1759696238 - Holdem no limit (500/2000/4000) - 2025/10/05 20:30:38 UTC
Table: 'SPACE KO(997136665)#003' 8-max (real money) Seat #8 is the button
Seat 1: Kellybbella (20547, 1€ bounty)
Seat 2: Professeur40 (87997, 1.20€ bounty)
Seat 3: A.N.A (55522, 1€ bounty)
Seat 4: ForOnce053 (289551, 4.54€ bounty)
Seat 5: Melmaq (78568, 2€ bounty)
Seat 6: -PangAllin- (74308, 1.94€ bounty)
Seat 7: MathisKcr (148730, 4.99€ bounty)
Seat 8: Faulki (100509, 1.60€ bounty)
*** ANTE/BLINDS ***
Kellybbella posts ante 500
Professeur40 posts ante 500
A.N.A posts ante 500
ForOnce053 posts ante 500
Melmaq posts ante 500
-PangAllin- posts ante 500
MathisKcr posts ante 500
Faulki posts ante 500
Kellybbella posts small blind 2000
Professeur40 posts big blind 4000
Dealt to MathisKcr [8c 4d]
*** PRE-FLOP *** 
A.N.A folds
ForOnce053 folds
Melmaq folds
-PangAllin- folds
MathisKcr folds
Faulki raises 4000 to 8000
Kellybbella folds
Professeur40 calls 4000
*** FLOP *** [6h Kd Jd]
Professeur40 checks
Faulki bets 5500
Professeur40 folds
Faulki collected 27500 from pot
*** SUMMARY ***
Total pot 27500 | No rake
Board: [6h Kd Jd]
Seat 8: Faulki (button) won 27500


Winamax Poker - Tournament "SPACE KO" buyIn: 1.80€ + 0.20€ level: 18 - HandId: #4282669365817507844-84-1759696300 - Holdem no limit (500/2000/4000) - 2025/10/05 20:31:40 UTC
Table: 'SPACE KO(997136665)#003' 8-max (real money) Seat #1 is the button
Seat 1: Kellybbella (18047, 1€ bounty)
Seat 2: Professeur40 (79497, 1.20€ bounty)
Seat 3: A.N.A (55022, 1€ bounty)
Seat 4: ForOnce053 (289051, 4.54€ bounty)
Seat 5: Melmaq (78068, 2€ bounty)
Seat 6: -PangAllin- (73808, 1.94€ bounty)
Seat 7: MathisKcr (148230, 4.99€ bounty)
Seat 8: Faulki (114009, 1.60€ bounty)
*** ANTE/BLINDS ***
Professeur40 posts ante 500
A.N.A posts ante 500
Kellybbella posts ante 500
ForOnce053 posts ante 500
Melmaq posts ante 500
-PangAllin- posts ante 500
MathisKcr posts ante 500
Faulki posts ante 500
Professeur40 posts small blind 2000
A.N.A posts big blind 4000
Dealt to MathisKcr [Js As]
*** PRE-FLOP *** 
ForOnce053 folds
Melmaq folds
-PangAllin- folds
MathisKcr raises 4000 to 8000
Faulki folds
Kellybbella folds
Professeur40 folds
A.N.A raises 46522 to 54522 and is all-in
MathisKcr calls 46522
*** FLOP *** [6s 4c 2c]
*** TURN *** [6s 4c 2c][Qc]
*** RIVER *** [6s 4c 2c Qc][Jd]
*** SHOW DOWN ***
A.N.A shows [Kd Ac] (High card : Ace)
MathisKcr shows [Js As] (One pair : Jacks)
MathisKcr collected 115044 from pot
*** SUMMARY ***
Total pot 115044 | No rake
Board: [6s 4c 2c Qc Jd]
Seat 3: A.N.A (big blind) showed [Kd Ac] and lost with High card : Ace
Seat 7: MathisKcr showed [Js As] and won 115044 with One pair : Jacks


Winamax Poker - Tournament "SPACE KO" buyIn: 1.80€ + 0.20€ level: 18 - HandId: #4282669365817507844-85-1759696370 - Holdem no limit (500/2000/4000) - 2025/10/05 20:32:50 UTC
Table: 'SPACE KO(997136665)#003' 8-max (real money) Seat #2 is the button
Seat 1: Kellybbella (17547, 1€ bounty)
Seat 2: Professeur40 (76997, 1.20€ bounty)
Seat 4: ForOnce053 (288551, 4.54€ bounty)
Seat 5: Melmaq (77568, 2€ bounty)
Seat 6: -PangAllin- (73308, 1.94€ bounty)
Seat 7: MathisKcr (208252, 5.19€ bounty)
Seat 8: Faulki (113509, 1.60€ bounty)
*** ANTE/BLINDS ***
ForOnce053 posts ante 500
Kellybbella posts ante 500
Professeur40 posts ante 500
Melmaq posts ante 500
-PangAllin- posts ante 500
MathisKcr posts ante 500
Faulki posts ante 500
ForOnce053 posts big blind 4000
Dealt to MathisKcr [Td 3s]
*** PRE-FLOP *** 
Melmaq folds
-PangAllin- folds
MathisKcr folds
Faulki raises 4000 to 8000
Kellybbella raises 9047 to 17047 and is all-in
Professeur40 folds
ForOnce053 folds
Faulki calls 9047
*** FLOP *** [8s 5d Tc]
*** TURN *** [8s 5d Tc][5h]
*** RIVER *** [8s 5d Tc 5h][7h]
*** SHOW DOWN ***
Kellybbella shows [9s Ac] (One pair : 5)
Faulki shows [Js Ts] (Two pairs : Tens and 5)
Faulki collected 41594 from pot
*** SUMMARY ***
Total pot 41594 | No rake
Board: [8s 5d Tc 5h 7h]
Seat 1: Kellybbella showed [9s Ac] and lost with One pair : 5
Seat 8: Faulki showed [Js Ts] and won 41594 with Two pairs : Tens and 5


Winamax Poker - Tournament "SPACE KO" buyIn: 1.80€ + 0.20€ level: 18 - HandId: #4282669365817507844-86-1759696424 - Holdem no limit (500/2000/4000) - 2025/10/05 20:33:44 UTC
Table: 'SPACE KO(997136665)#003' 8-max (real money) Seat #3 is the button
Seat 2: Professeur40 (76497, 1.20€ bounty)
Seat 3: JJ Szass (42449, 1.70€ bounty)
Seat 4: ForOnce053 (284051, 4.54€ bounty)
Seat 5: Melmaq (77068, 2€ bounty)
Seat 6: -PangAllin- (72808, 1.94€ bounty)
Seat 7: MathisKcr (207752, 5.19€ bounty)
Seat 8: Faulki (137556, 2.10€ bounty)
*** ANTE/BLINDS ***
ForOnce053 posts ante 500
Melmaq posts ante 500
Professeur40 posts ante 500
-PangAllin- posts ante 500
MathisKcr posts ante 500
Faulki posts ante 500
ForOnce053 posts small blind 2000
Melmaq posts big blind 4000
Dealt to MathisKcr [5h Kh]
*** PRE-FLOP *** 
-PangAllin- folds
MathisKcr calls 4000
Faulki folds
Professeur40 calls 4000
ForOnce053 calls 2000
Melmaq checks
*** FLOP *** [8s Kd Qs]
ForOnce053 checks
Melmaq checks
MathisKcr bets 12000
Professeur40 folds
ForOnce053 folds
Melmaq raises 12000 to 24000
MathisKcr calls 12000
*** TURN *** [8s Kd Qs][6s]
Melmaq bets 48568 and is all-in
MathisKcr calls 48568
*** RIVER *** [8s Kd Qs 6s][6h]
*** SHOW DOWN ***
Melmaq shows [Jd Kc] (Two pairs : Kings and 6)
MathisKcr shows [5h Kh] (Two pairs : Kings and 6)
MathisKcr collected 82068 from pot
Melmaq collected 82068 from pot
*** SUMMARY ***
Total pot 164136 | No rake
Board: [8s Kd Qs 6s 6h]
Seat 5: Melmaq (big blind) showed [Jd Kc] and won 82068 with Two pairs : Kings and 6
Seat 7: MathisKcr showed [5h Kh] and won 82068 with Two pairs : Kings and 6


Winamax Poker - Tournament "SPACE KO" buyIn: 1.80€ + 0.20€ level: 19 - HandId: #4282669365817507844-87-1759696506 - Holdem no limit (600/2500/5000) - 2025/10/05 20:35:06 UTC
Table: 'SPACE KO(997136665)#003' 8-max (real money) Seat #4 is the button
Seat 2: Professeur40 (71997, 1.20€ bounty)
Seat 3: JJ Szass (42449, 1.70€ bounty)
Seat 4: ForOnce053 (279551, 4.54€ bounty)
Seat 5: Melmaq (82068, 2€ bounty)
Seat 6: -PangAllin- (72308, 1.94€ bounty)
Seat 7: MathisKcr (212752, 5.19€ bounty)
Seat 8: Faulki (137056, 2.10€ bounty)
*** ANTE/BLINDS ***
Melmaq posts ante 600
-PangAllin- posts ante 600
Professeur40 posts ante 600
JJ Szass posts ante 600
ForOnce053 posts ante 600
MathisKcr posts ante 600
Faulki posts ante 600
Melmaq posts small blind 2500
-PangAllin- posts big blind 5000
Dealt to MathisKcr [3h 6c]
*** PRE-FLOP *** 
MathisKcr folds
Faulki folds
Professeur40 folds
JJ Szass folds
ForOnce053 raises 5000 to 10000
Melmaq folds
-PangAllin- calls 5000
*** FLOP *** [3c Kd 8s]
-PangAllin- checks
ForOnce053 bets 9345
-PangAllin- folds
ForOnce053 collected 36045 from pot
*** SUMMARY ***
Total pot 36045 | No rake
Board: [3c Kd 8s]
Seat 4: ForOnce053 (button) won 36045


Winamax Poker - Tournament "SPACE KO" buyIn: 1.80€ + 0.20€ level: 19 - HandId: #4282669365817507844-88-1759696554 - Holdem no limit (600/2500/5000) - 2025/10/05 20:35:54 UTC
Table: 'SPACE KO(997136665)#003' 8-max (real money) Seat #5 is the button
Seat 1: Inelastic (86269, 2€ bounty)
Seat 2: Professeur40 (71397, 1.20€ bounty)
Seat 3: JJ Szass (41849, 1.70€ bounty)
Seat 4: ForOnce053 (295651, 4.54€ bounty)
Seat 5: Melmaq (78968, 2€ bounty)
Seat 6: -PangAllin- (61708, 1.94€ bounty)
Seat 7: MathisKcr (212152, 5.19€ bounty)
Seat 8: Faulki (136456, 2.10€ bounty)
*** ANTE/BLINDS ***
-PangAllin- posts ante 600
MathisKcr posts ante 600
Inelastic posts ante 600
Professeur40 posts ante 600
JJ Szass posts ante 600
ForOnce053 posts ante 600
Melmaq posts ante 600
Faulki posts ante 600
-PangAllin- posts small blind 2500
MathisKcr posts big blind 5000
Dealt to MathisKcr [2d Td]
*** PRE-FLOP *** 
Faulki folds
Inelastic folds
Professeur40 folds
JJ Szass raises 36249 to 41249 and is all-in
ForOnce053 folds
Melmaq folds
-PangAllin- folds
MathisKcr folds
JJ Szass collected 53549 from pot
*** SUMMARY ***
Total pot 53549 | No rake
Seat 3: JJ Szass won 53549


Winamax Poker - Tournament "SPACE KO" buyIn: 1.80€ + 0.20€ level: 19 - HandId: #4282669365817507844-89-1759696586 - Holdem no limit (600/2500/5000) - 2025/10/05 20:36:26 UTC
Table: 'SPACE KO(997136665)#003' 8-max (real money) Seat #6 is the button
Seat 1: Inelastic (85669, 2€ bounty)
Seat 2: Professeur40 (70797, 1.20€ bounty)
Seat 3: JJ Szass (53549, 1.70€ bounty)
Seat 4: ForOnce053 (295051, 4.54€ bounty)
Seat 5: Melmaq (78368, 2€ bounty)
Seat 6: -PangAllin- (58608, 1.94€ bounty)
Seat 7: MathisKcr (206552, 5.19€ bounty)
Seat 8: Faulki (135856, 2.10€ bounty)
*** ANTE/BLINDS ***
MathisKcr posts ante 600
Faulki posts ante 600
Inelastic posts ante 600
Professeur40 posts ante 600
JJ Szass posts ante 600
ForOnce053 posts ante 600
Melmaq posts ante 600
-PangAllin- posts ante 600
MathisKcr posts small blind 2500
Faulki posts big blind 5000
Dealt to MathisKcr [Qh 5s]
*** PRE-FLOP *** 
Inelastic folds
Professeur40 raises 10000 to 15000
JJ Szass folds
ForOnce053 folds
Melmaq raises 62768 to 77768 and is all-in
-PangAllin- folds
MathisKcr folds
Faulki folds
Professeur40 folds
Melmaq collected 105068 from pot
*** SUMMARY ***
Total pot 105068 | No rake
Seat 5: Melmaq won 105068


Winamax Poker - Tournament "SPACE KO" buyIn: 1.80€ + 0.20€ level: 19 - HandId: #4282669365817507844-90-1759696637 - Holdem no limit (600/2500/5000) - 2025/10/05 20:37:17 UTC
Table: 'SPACE KO(997136665)#003' 8-max (real money) Seat #7 is the button
Seat 1: Inelastic (85069, 2€ bounty)
Seat 2: Professeur40 (55197, 1.20€ bounty)
Seat 3: JJ Szass (52949, 1.70€ bounty)
Seat 4: ForOnce053 (294451, 4.54€ bounty)
Seat 5: Melmaq (105068, 2€ bounty)
Seat 6: -PangAllin- (58008, 1.94€ bounty)
Seat 7: MathisKcr (203452, 5.19€ bounty)
Seat 8: Faulki (130256, 2.10€ bounty)
*** ANTE/BLINDS ***
Faulki posts ante 600
Inelastic posts ante 600
Professeur40 posts ante 600
JJ Szass posts ante 600
ForOnce053 posts ante 600
Melmaq posts ante 600
-PangAllin- posts ante 600
MathisKcr posts ante 600
Faulki posts small blind 2500
Inelastic posts big blind 5000
Dealt to MathisKcr [7c 8d]
*** PRE-FLOP *** 
Professeur40 folds
JJ Szass folds
ForOnce053 calls 5000
Melmaq folds
-PangAllin- folds
MathisKcr folds
Faulki folds
Inelastic checks
*** FLOP *** [4c 9s 3s]
Inelastic checks
ForOnce053 checks
*** TURN *** [4c 9s 3s][4s]
Inelastic checks
ForOnce053 checks
*** RIVER *** [4c 9s 3s 4s][Jc]
Inelastic bets 20000
ForOnce053 calls 20000
*** SHOW DOWN ***
ForOnce053 shows [6d Jd] (Two pairs : Jacks and 4)
Inelastic shows [Ks 8s] (Flush King high)
Inelastic collected 57300 from pot
*** SUMMARY ***
Total pot 57300 | No rake
Board: [4c 9s 3s 4s Jc]
Seat 1: Inelastic (big blind) showed [Ks 8s] and won 57300 with Flush King high
Seat 4: ForOnce053 showed [6d Jd] and lost with Two pairs : Jacks and 4


Winamax Poker - Tournament "SPACE KO" buyIn: 1.80€ + 0.20€ level: 19 - HandId: #4282669365817507844-91-1759696678 - Holdem no limit (600/2500/5000) - 2025/10/05 20:37:58 UTC
Table: 'SPACE KO(997136665)#003' 8-max (real money) Seat #8 is the button
Seat 1: Inelastic (116769, 2€ bounty)
Seat 2: Professeur40 (54597, 1.20€ bounty)
Seat 3: JJ Szass (52349, 1.70€ bounty)
Seat 4: ForOnce053 (268851, 4.54€ bounty)
Seat 5: Melmaq (104468, 2€ bounty)
Seat 6: -PangAllin- (57408, 1.94€ bounty)
Seat 7: MathisKcr (202852, 5.19€ bounty)
Seat 8: Faulki (127156, 2.10€ bounty)
*** ANTE/BLINDS ***
Inelastic posts ante 600
Professeur40 posts ante 600
JJ Szass posts ante 600
ForOnce053 posts ante 600
Melmaq posts ante 600
-PangAllin- posts ante 600
MathisKcr posts ante 600
Faulki posts ante 600
Inelastic posts small blind 2500
Professeur40 posts big blind 5000
Dealt to MathisKcr [Qd 4h]
*** PRE-FLOP *** 
JJ Szass folds
ForOnce053 raises 5000 to 10000
Melmaq folds
-PangAllin- folds
MathisKcr folds
Faulki calls 10000
Inelastic folds
Professeur40 calls 5000
*** FLOP *** [Ts 3h Jh]
Professeur40 bets 43997 and is all-in
ForOnce053 folds
Faulki folds
Professeur40 collected 81297 from pot
*** SUMMARY ***
Total pot 81297 | No rake
Board: [Ts 3h Jh]
Seat 2: Professeur40 (big blind) won 81297


Winamax Poker - Tournament "SPACE KO" buyIn: 1.80€ + 0.20€ level: 20 - HandId: #4282669365817507844-92-1759696745 - Holdem no limit (700/3000/6000) - 2025/10/05 20:39:05 UTC
Table: 'SPACE KO(997136665)#003' 8-max (real money) Seat #1 is the button
Seat 1: Inelastic (113669, 2€ bounty)
Seat 2: Professeur40 (81297, 1.20€ bounty)
Seat 3: JJ Szass (51749, 1.70€ bounty)
Seat 4: ForOnce053 (258251, 4.54€ bounty)
Seat 5: Melmaq (103868, 2€ bounty)
Seat 6: -PangAllin- (56808, 1.94€ bounty)
Seat 7: MathisKcr (202252, 5.19€ bounty)
Seat 8: Faulki (116556, 2.10€ bounty)
*** ANTE/BLINDS ***
Professeur40 posts ante 700
JJ Szass posts ante 700
Inelastic posts ante 700
ForOnce053 posts ante 700
Melmaq posts ante 700
-PangAllin- posts ante 700
MathisKcr posts ante 700
Faulki posts ante 700
Professeur40 posts small blind 3000
JJ Szass posts big blind 6000
Dealt to MathisKcr [9d 7d]
*** PRE-FLOP *** 
ForOnce053 folds
Melmaq folds
-PangAllin- folds
MathisKcr calls 6000
Faulki folds
Inelastic folds
Professeur40 calls 3000
JJ Szass raises 45049 to 51049 and is all-in
MathisKcr folds
Professeur40 folds
JJ Szass collected 68649 from pot
*** SUMMARY ***
Total pot 68649 | No rake
Seat 3: JJ Szass (big blind) won 68649


Winamax Poker - Tournament "SPACE KO" buyIn: 1.80€ + 0.20€ level: 20 - HandId: #4282669365817507844-93-1759696847 - Holdem no limit (700/3000/6000) - 2025/10/05 20:40:47 UTC
Table: 'SPACE KO(997136665)#003' 8-max (real money) Seat #2 is the button
Seat 1: Inelastic (112969, 2€ bounty)
Seat 2: Professeur40 (74597, 1.20€ bounty)
Seat 3: JJ Szass (68649, 1.70€ bounty)
Seat 4: ForOnce053 (257551, 4.54€ bounty)
Seat 5: Melmaq (103168, 2€ bounty)
Seat 6: -PangAllin- (56108, 1.94€ bounty)
Seat 7: MathisKcr (195552, 5.19€ bounty)
Seat 8: Faulki (115856, 2.10€ bounty)
*** ANTE/BLINDS ***
JJ Szass posts ante 700
ForOnce053 posts ante 700
Inelastic posts ante 700
Professeur40 posts ante 700
Melmaq posts ante 700
-PangAllin- posts ante 700
MathisKcr posts ante 700
Faulki posts ante 700
JJ Szass posts small blind 3000
ForOnce053 posts big blind 6000
Dealt to MathisKcr [6d 2h]
*** PRE-FLOP *** 
Melmaq folds
-PangAllin- folds
MathisKcr folds
Faulki folds
Inelastic folds
Professeur40 folds
JJ Szass calls 3000
ForOnce053 checks
*** FLOP *** [Kd Td Qd]
JJ Szass checks
ForOnce053 bets 11440
JJ Szass calls 11440
*** TURN *** [Kd Td Qd][9h]
JJ Szass checks
ForOnce053 checks
*** RIVER *** [Kd Td Qd 9h][Th]
JJ Szass bets 50509 and is all-in
ForOnce053 folds
JJ Szass collected 90989 from pot
*** SUMMARY ***
Total pot 90989 | No rake
Board: [Kd Td Qd 9h Th]
Seat 3: JJ Szass (small blind) won 90989


Winamax Poker - Tournament "SPACE KO" buyIn: 1.80€ + 0.20€ level: 21 - HandId: #4282669365817507844-94-1759696954 - Holdem no limit (800/3500/7000) - 2025/10/05 20:42:34 UTC
Table: 'SPACE KO(997136665)#003' 8-max (real money) Seat #3 is the button
Seat 1: Inelastic (112269, 2€ bounty)
Seat 2: Professeur40 (73897, 1.20€ bounty)
Seat 3: JJ Szass (90989, 1.70€ bounty)
Seat 4: ForOnce053 (239411, 4.54€ bounty)
Seat 5: Melmaq (102468, 2€ bounty)
Seat 6: -PangAllin- (55408, 1.94€ bounty)
Seat 7: MathisKcr (194852, 5.19€ bounty)
Seat 8: Faulki (115156, 2.10€ bounty)
*** ANTE/BLINDS ***
ForOnce053 posts ante 800
Melmaq posts ante 800
Inelastic posts ante 800
Professeur40 posts ante 800
JJ Szass posts ante 800
-PangAllin- posts ante 800
MathisKcr posts ante 800
Faulki posts ante 800
ForOnce053 posts small blind 3500
Melmaq posts big blind 7000
Dealt to MathisKcr [8h 9c]
*** PRE-FLOP *** 
-PangAllin- folds
MathisKcr folds
Faulki folds
Inelastic folds
Professeur40 folds
JJ Szass folds
ForOnce053 calls 3500
Melmaq checks
*** FLOP *** [Jc 6d Qd]
ForOnce053 checks
Melmaq bets 7000
ForOnce053 calls 7000
*** TURN *** [Jc 6d Qd][2d]
ForOnce053 bets 34400
Melmaq calls 34400
*** RIVER *** [Jc 6d Qd 2d][Ts]
ForOnce053 bets 190211 and is all-in
Melmaq folds
ForOnce053 collected 293411 from pot
*** SUMMARY ***
Total pot 293411 | No rake
Board: [Jc 6d Qd 2d Ts]
Seat 4: ForOnce053 (small blind) won 293411


Winamax Poker - Tournament "SPACE KO" buyIn: 1.80€ + 0.20€ level: 21 - HandId: #4282669365817507844-95-1759696999 - Holdem no limit (800/3500/7000) - 2025/10/05 20:43:19 UTC
Table: 'SPACE KO(997136665)#003' 8-max (real money) Seat #4 is the button
Seat 1: Inelastic (111469, 2€ bounty)
Seat 2: Professeur40 (73097, 1.20€ bounty)
Seat 3: JJ Szass (90189, 1.70€ bounty)
Seat 4: ForOnce053 (293411, 4.54€ bounty)
Seat 5: Melmaq (53268, 2€ bounty)
Seat 6: -PangAllin- (54608, 1.94€ bounty)
Seat 7: MathisKcr (194052, 5.19€ bounty)
Seat 8: Faulki (114356, 2.10€ bounty)
*** ANTE/BLINDS ***
Melmaq posts ante 800
-PangAllin- posts ante 800
Inelastic posts ante 800
Professeur40 posts ante 800
JJ Szass posts ante 800
ForOnce053 posts ante 800
MathisKcr posts ante 800
Faulki posts ante 800
Melmaq posts small blind 3500
-PangAllin- posts big blind 7000
Dealt to MathisKcr [Kd 8c]
*** PRE-FLOP *** 
MathisKcr raises 7000 to 14000
Faulki folds
Inelastic folds
Professeur40 folds
JJ Szass calls 14000
ForOnce053 folds
Melmaq calls 10500
-PangAllin- calls 7000
*** FLOP *** [Td 6d Kc]
Melmaq bets 38468 and is all-in
-PangAllin- folds
MathisKcr raises 38468 to 76936
JJ Szass calls 75389 and is all-in
*** TURN *** [Td 6d Kc][6c]
*** RIVER *** [Td 6d Kc 6c][4c]
*** SHOW DOWN ***
JJ Szass shows [Kh Qd] (Two pairs : Kings and 6)
Melmaq shows [Ah 6h] (Trips of 6)
MathisKcr shows [Kd 8c] (Two pairs : Kings and 6)
MathisKcr collected 1547 from side pot 2
Melmaq collected 177804 from main pot
JJ Szass collected 73842 from side pot 1
*** SUMMARY ***
Total pot 253193 | No rake
Board: [Td 6d Kc 6c 4c]
Seat 3: JJ Szass showed [Kh Qd] and won 73842 with Two pairs : Kings and 6
Seat 5: Melmaq (small blind) showed [Ah 6h] and won 177804 with Trips of 6
Seat 7: MathisKcr showed [Kd 8c] and won 1547 with Two pairs : Kings and 6


Winamax Poker - Tournament "SPACE KO" buyIn: 1.80€ + 0.20€ level: 21 - HandId: #4282669365817507844-96-1759697087 - Holdem no limit (800/3500/7000) - 2025/10/05 20:44:47 UTC
Table: 'SPACE KO(997136665)#003' 8-max (real money) Seat #5 is the button
Seat 1: Inelastic (110669, 2€ bounty)
Seat 2: Professeur40 (72297, 1.20€ bounty)
Seat 3: JJ Szass (73842, 1.70€ bounty)
Seat 4: ForOnce053 (292611, 4.54€ bounty)
Seat 5: Melmaq (177804, 2€ bounty)
Seat 6: -PangAllin- (39808, 1.94€ bounty)
Seat 7: MathisKcr (103863, 5.19€ bounty)
Seat 8: Faulki (113556, 2.10€ bounty)
*** ANTE/BLINDS ***
-PangAllin- posts ante 800
MathisKcr posts ante 800
Inelastic posts ante 800
Professeur40 posts ante 800
JJ Szass posts ante 800
ForOnce053 posts ante 800
Melmaq posts ante 800
Faulki posts ante 800
-PangAllin- posts small blind 3500
MathisKcr posts big blind 7000
Dealt to MathisKcr [Qh Qs]
*** PRE-FLOP *** 
Faulki folds
Inelastic folds
Professeur40 calls 7000
JJ Szass folds
ForOnce053 calls 7000
Melmaq folds
-PangAllin- calls 3500
MathisKcr raises 7000 to 14000
Professeur40 calls 7000
ForOnce053 calls 7000
-PangAllin- calls 7000
*** FLOP *** [Kh 3h 4s]
-PangAllin- checks
MathisKcr bets 89063 and is all-in
Professeur40 folds
ForOnce053 raises 89063 to 178126
-PangAllin- folds
*** TURN *** [Kh 3h 4s][4c]
*** RIVER *** [Kh 3h 4s 4c][2c]
*** SHOW DOWN ***
MathisKcr shows [Qh Qs] (Two pairs : Queens and 4)
ForOnce053 shows [Kd 3c] (Two pairs : Kings and 4)
ForOnce053 collected 329589 from pot
*** SUMMARY ***
Total pot 329589 | No rake
Board: [Kh 3h 4s 4c 2c]
Seat 4: ForOnce053 showed [Kd 3c] and won 329589 with Two pairs : Kings and 4
Seat 7: MathisKcr (big blind) showed [Qh Qs] and lost with Two pairs : Queens and 4


