Winamax Poker - Tournament "Expresso" buyIn: 0.46€ + 0.04€ level: 1 - HandId: #4389352844461867009-1-1763852605 - Holdem no limit (10/20) - 2025/11/22 23:03:25 UTC
Table: 'Expresso(1021975848)#0' 3-max (real money) Seat #2 is the button
Seat 1: MathisKcr (500)
Seat 2: flosxmEM (500)
Seat 3: Luffyyy10 (500)
*** ANTE/BLINDS ***
Luffyyy10 posts small blind 10
MathisKcr posts big blind 20
Dealt to MathisKcr [Ks Ac]
*** PRE-FLOP *** 
flosxmEM raises 40 to 60
Luffyyy10 folds
MathisKcr calls 40
*** FLOP *** [5c Qd Ad]
MathisKcr bets 80
flosxmEM calls 80
*** TURN *** [5c Qd Ad][2d]
MathisKcr bets 145
flosxmEM folds
MathisKcr collected 435 from pot
*** SUMMARY ***
Total pot 435 | No rake
Board: [5c Qd Ad 2d]
Seat 1: MathisKcr (big blind) won 435


Winamax Poker - Tournament "Expresso" buyIn: 0.46€ + 0.04€ level: 1 - HandId: #4389352844461867009-2-1763852660 - Holdem no limit (10/20) - 2025/11/22 23:04:20 UTC
Table: 'Expresso(1021975848)#0' 3-max (real money) Seat #3 is the button
Seat 1: MathisKcr (650)
Seat 2: flosxmEM (360)
Seat 3: Luffyyy10 (490)
*** ANTE/BLINDS ***
MathisKcr posts small blind 10
flosxmEM posts big blind 20
Dealt to MathisKcr [3d 3h]
*** PRE-FLOP *** 
Luffyyy10 folds
MathisKcr raises 20 to 40
flosxmEM folds
MathisKcr collected 60 from pot
*** SUMMARY ***
Total pot 60 | No rake
Seat 1: MathisKcr (small blind) won 60


Winamax Poker - Tournament "Expresso" buyIn: 0.46€ + 0.04€ level: 1 - HandId: #4389352844461867009-3-1763852677 - Holdem no limit (10/20) - 2025/11/22 23:04:37 UTC
Table: 'Expresso(1021975848)#0' 3-max (real money) Seat #1 is the button
Seat 1: MathisKcr (670)
Seat 2: flosxmEM (340)
Seat 3: Luffyyy10 (490)
*** ANTE/BLINDS ***
flosxmEM posts small blind 10
Luffyyy10 posts big blind 20
Dealt to MathisKcr [3s Tc]
*** PRE-FLOP *** 
MathisKcr folds
flosxmEM folds
Luffyyy10 collected 30 from pot
*** SUMMARY ***
Total pot 30 | No rake
Seat 3: Luffyyy10 (big blind) won 30


Winamax Poker - Tournament "Expresso" buyIn: 0.46€ + 0.04€ level: 1 - HandId: #4389352844461867009-4-1763852687 - Holdem no limit (10/20) - 2025/11/22 23:04:47 UTC
Table: 'Expresso(1021975848)#0' 3-max (real money) Seat #2 is the button
Seat 1: MathisKcr (670)
Seat 2: flosxmEM (330)
Seat 3: Luffyyy10 (500)
*** ANTE/BLINDS ***
Luffyyy10 posts small blind 10
MathisKcr posts big blind 20
Dealt to MathisKcr [3d 5s]
*** PRE-FLOP *** 
flosxmEM folds
Luffyyy10 raises 40 to 60
MathisKcr folds
Luffyyy10 collected 80 from pot
*** SUMMARY ***
Total pot 80 | No rake
Seat 3: Luffyyy10 (small blind) won 80


Winamax Poker - Tournament "Expresso" buyIn: 0.46€ + 0.04€ level: 2 - HandId: #4389352844461867009-5-1763852704 - Holdem no limit (15/30) - 2025/11/22 23:05:04 UTC
Table: 'Expresso(1021975848)#0' 3-max (real money) Seat #3 is the button
Seat 1: MathisKcr (650)
Seat 2: flosxmEM (330)
Seat 3: Luffyyy10 (520)
*** ANTE/BLINDS ***
MathisKcr posts small blind 15
flosxmEM posts big blind 30
Dealt to MathisKcr [Ac Td]
*** PRE-FLOP *** 
Luffyyy10 raises 75 to 105
MathisKcr calls 90
flosxmEM folds
*** FLOP *** [Js 2h 4s]
MathisKcr checks
Luffyyy10 bets 415 and is all-in
MathisKcr calls 415
*** TURN *** [Js 2h 4s][7h]
*** RIVER *** [Js 2h 4s 7h][4c]
*** SHOW DOWN ***
MathisKcr shows [Ac Td] (One pair : 4)
Luffyyy10 shows [Tc Th] (Two pairs : Tens and 4)
Luffyyy10 collected 1070 from pot
*** SUMMARY ***
Total pot 1070 | No rake
Board: [Js 2h 4s 7h 4c]
Seat 1: MathisKcr (small blind) showed [Ac Td] and lost with One pair : 4
Seat 3: Luffyyy10 (button) showed [Tc Th] and won 1070 with Two pairs : Tens and 4


Winamax Poker - Tournament "Expresso" buyIn: 0.46€ + 0.04€ level: 2 - HandId: #4389352844461867009-6-1763852723 - Holdem no limit (15/30) - 2025/11/22 23:05:23 UTC
Table: 'Expresso(1021975848)#0' 3-max (real money) Seat #1 is the button
Seat 1: MathisKcr (130)
Seat 2: flosxmEM (300)
Seat 3: Luffyyy10 (1070)
*** ANTE/BLINDS ***
flosxmEM posts small blind 15
Luffyyy10 posts big blind 30
Dealt to MathisKcr [6s Ks]
*** PRE-FLOP *** 
MathisKcr calls 30
flosxmEM calls 15
Luffyyy10 raises 90 to 120
MathisKcr raises 10 to 130 and is all-in
flosxmEM folds
Luffyyy10 calls 10
*** FLOP *** [Jc 3h 9c]
*** TURN *** [Jc 3h 9c][8h]
*** RIVER *** [Jc 3h 9c 8h][7s]
*** SHOW DOWN ***
MathisKcr shows [6s Ks] (High card : King)
Luffyyy10 shows [Kh Th] (Straight Jack high)
Luffyyy10 collected 290 from pot
*** SUMMARY ***
Total pot 290 | No rake
Board: [Jc 3h 9c 8h 7s]
Seat 1: MathisKcr (button) showed [6s Ks] and lost with High card : King
Seat 3: Luffyyy10 (big blind) showed [Kh Th] and won 290 with Straight Jack high


