Winamax Poker - Tournament "Expresso Nitro" buyIn: 0.46€ + 0.04€ level: 1 - HandId: #4390882948035903489-1-1763931724 - Holdem no limit (10/20) - 2025/11/23 21:02:04 UTC
Table: 'Expresso Nitro(1022332103)#0' 3-max (real money) Seat #1 is the button
Seat 1: Dit-leur (300)
Seat 2: Ghosthacker (300)
Seat 3: MathisKcr (300)
*** ANTE/BLINDS ***
Ghosthacker posts small blind 10
MathisKcr posts big blind 20
Dealt to MathisKcr [2s 3h]
*** PRE-FLOP *** 
Dit-leur raises 280 to 300 and is all-in
Ghosthacker calls 290 and is all-in
MathisKcr folds
*** FLOP *** [Ac 2h Qh]
*** TURN *** [Ac 2h Qh][5s]
*** RIVER *** [Ac 2h Qh 5s][4s]
*** SHOW DOWN ***
Dit-leur shows [7c 8s] (High card : Ace)
Ghosthacker shows [7d Ad] (One pair : Aces)
Ghosthacker collected 620 from pot
*** SUMMARY ***
Total pot 620 | No rake
Board: [Ac 2h Qh 5s 4s]
Seat 1: Dit-leur (button) showed [7c 8s] and lost with High card : Ace
Seat 2: Ghosthacker (small blind) showed [7d Ad] and won 620 with One pair : Aces


Winamax Poker - Tournament "Expresso Nitro" buyIn: 0.46€ + 0.04€ level: 1 - HandId: #4390882948035903489-2-1763931740 - Holdem no limit (10/20) - 2025/11/23 21:02:20 UTC
Table: 'Expresso Nitro(1022332103)#0' 3-max (real money) Seat #3 is the button
Seat 2: Ghosthacker (620)
Seat 3: MathisKcr (280)
*** ANTE/BLINDS ***
MathisKcr posts small blind 10
Ghosthacker posts big blind 20
Dealt to MathisKcr [Qc 9h]
*** PRE-FLOP *** 
MathisKcr raises 20 to 40
Ghosthacker calls 20
*** FLOP *** [Qh Tc Kd]
Ghosthacker checks
MathisKcr bets 40
Ghosthacker folds
MathisKcr collected 120 from pot
*** SUMMARY ***
Total pot 120 | No rake
Board: [Qh Tc Kd]
Seat 3: MathisKcr (small blind) (button) won 120


Winamax Poker - Tournament "Expresso Nitro" buyIn: 0.46€ + 0.04€ level: 1 - HandId: #4390882948035903489-3-1763931752 - Holdem no limit (10/20) - 2025/11/23 21:02:32 UTC
Table: 'Expresso Nitro(1022332103)#0' 3-max (real money) Seat #2 is the button
Seat 2: Ghosthacker (580)
Seat 3: MathisKcr (320)
*** ANTE/BLINDS ***
Ghosthacker posts small blind 10
MathisKcr posts big blind 20
Dealt to MathisKcr [Ac 9d]
*** PRE-FLOP *** 
Ghosthacker calls 10
MathisKcr raises 20 to 40
Ghosthacker calls 20
*** FLOP *** [Js Kh Th]
MathisKcr bets 60
Ghosthacker folds
MathisKcr collected 140 from pot
*** SUMMARY ***
Total pot 140 | No rake
Board: [Js Kh Th]
Seat 3: MathisKcr (big blind) won 140


Winamax Poker - Tournament "Expresso Nitro" buyIn: 0.46€ + 0.04€ level: 1 - HandId: #4390882948035903489-4-1763931768 - Holdem no limit (10/20) - 2025/11/23 21:02:48 UTC
Table: 'Expresso Nitro(1022332103)#0' 3-max (real money) Seat #3 is the button
Seat 2: Ghosthacker (540)
Seat 3: MathisKcr (360)
*** ANTE/BLINDS ***
MathisKcr posts small blind 10
Ghosthacker posts big blind 20
Dealt to MathisKcr [Td Qh]
*** PRE-FLOP *** 
MathisKcr raises 20 to 40
Ghosthacker raises 500 to 540 and is all-in
MathisKcr calls 320 and is all-in
*** FLOP *** [4c 9h Tc]
*** TURN *** [4c 9h Tc][6d]
*** RIVER *** [4c 9h Tc 6d][5d]
*** SHOW DOWN ***
Ghosthacker shows [8d Ac] (High card : Ace)
MathisKcr shows [Td Qh] (One pair : Tens)
MathisKcr collected 720 from main pot
Ghosthacker collected 180 from side pot 1
*** SUMMARY ***
Total pot 900 | No rake
Board: [4c 9h Tc 6d 5d]
Seat 2: Ghosthacker (big blind) showed [8d Ac] and won 180 with High card : Ace
Seat 3: MathisKcr (small blind) (button) showed [Td Qh] and won 720 with One pair : Tens


Winamax Poker - Tournament "Expresso Nitro" buyIn: 0.46€ + 0.04€ level: 2 - HandId: #4390882948035903489-5-1763931786 - Holdem no limit (15/30) - 2025/11/23 21:03:06 UTC
Table: 'Expresso Nitro(1022332103)#0' 3-max (real money) Seat #2 is the button
Seat 2: Ghosthacker (180)
Seat 3: MathisKcr (720)
*** ANTE/BLINDS ***
Ghosthacker posts small blind 15
MathisKcr posts big blind 30
Dealt to MathisKcr [7d 9c]
*** PRE-FLOP *** 
Ghosthacker folds
MathisKcr collected 45 from pot
*** SUMMARY ***
Total pot 45 | No rake
Seat 3: MathisKcr (big blind) won 45


Winamax Poker - Tournament "Expresso Nitro" buyIn: 0.46€ + 0.04€ level: 2 - HandId: #4390882948035903489-6-1763931791 - Holdem no limit (15/30) - 2025/11/23 21:03:11 UTC
Table: 'Expresso Nitro(1022332103)#0' 3-max (real money) Seat #3 is the button
Seat 2: Ghosthacker (165)
Seat 3: MathisKcr (735)
*** ANTE/BLINDS ***
MathisKcr posts small blind 15
Ghosthacker posts big blind 30
Dealt to MathisKcr [Td 5h]
*** PRE-FLOP *** 
MathisKcr calls 15
Ghosthacker checks
*** FLOP *** [Ad 5s 6d]
Ghosthacker bets 135 and is all-in
MathisKcr calls 135
*** TURN *** [Ad 5s 6d][4d]
*** RIVER *** [Ad 5s 6d 4d][4c]
*** SHOW DOWN ***
MathisKcr shows [Td 5h] (Two pairs : 5 and 4)
Ghosthacker shows [3d 6c] (Two pairs : 6 and 4)
Ghosthacker collected 330 from pot
*** SUMMARY ***
Total pot 330 | No rake
Board: [Ad 5s 6d 4d 4c]
Seat 2: Ghosthacker (big blind) showed [3d 6c] and won 330 with Two pairs : 6 and 4
Seat 3: MathisKcr (small blind) (button) showed [Td 5h] and lost with Two pairs : 5 and 4


Winamax Poker - Tournament "Expresso Nitro" buyIn: 0.46€ + 0.04€ level: 2 - HandId: #4390882948035903489-7-1763931808 - Holdem no limit (15/30) - 2025/11/23 21:03:28 UTC
Table: 'Expresso Nitro(1022332103)#0' 3-max (real money) Seat #2 is the button
Seat 2: Ghosthacker (330)
Seat 3: MathisKcr (570)
*** ANTE/BLINDS ***
Ghosthacker posts small blind 15
MathisKcr posts big blind 30
Dealt to MathisKcr [2c 9s]
*** PRE-FLOP *** 
Ghosthacker calls 15
MathisKcr checks
*** FLOP *** [7d 5d 4c]
MathisKcr bets 60
Ghosthacker calls 60
*** TURN *** [7d 5d 4c][4d]
MathisKcr bets 75
Ghosthacker folds
MathisKcr collected 255 from pot
*** SUMMARY ***
Total pot 255 | No rake
Board: [7d 5d 4c 4d]
Seat 3: MathisKcr (big blind) won 255


Winamax Poker - Tournament "Expresso Nitro" buyIn: 0.46€ + 0.04€ level: 2 - HandId: #4390882948035903489-8-1763931828 - Holdem no limit (15/30) - 2025/11/23 21:03:48 UTC
Table: 'Expresso Nitro(1022332103)#0' 3-max (real money) Seat #3 is the button
Seat 2: Ghosthacker (240)
Seat 3: MathisKcr (660)
*** ANTE/BLINDS ***
MathisKcr posts small blind 15
Ghosthacker posts big blind 30
Dealt to MathisKcr [5d 3c]
*** PRE-FLOP *** 
MathisKcr calls 15
Ghosthacker checks
*** FLOP *** [2s Qh Tc]
Ghosthacker checks
MathisKcr bets 45
Ghosthacker folds
MathisKcr collected 105 from pot
*** SUMMARY ***
Total pot 105 | No rake
Board: [2s Qh Tc]
Seat 3: MathisKcr (small blind) (button) won 105


Winamax Poker - Tournament "Expresso Nitro" buyIn: 0.46€ + 0.04€ level: 3 - HandId: #4390882948035903489-9-1763931842 - Holdem no limit (20/40) - 2025/11/23 21:04:02 UTC
Table: 'Expresso Nitro(1022332103)#0' 3-max (real money) Seat #2 is the button
Seat 2: Ghosthacker (210)
Seat 3: MathisKcr (690)
*** ANTE/BLINDS ***
Ghosthacker posts small blind 20
MathisKcr posts big blind 40
Dealt to MathisKcr [4d Ts]
*** PRE-FLOP *** 
Ghosthacker folds
MathisKcr collected 60 from pot
*** SUMMARY ***
Total pot 60 | No rake
Seat 3: MathisKcr (big blind) won 60


Winamax Poker - Tournament "Expresso Nitro" buyIn: 0.46€ + 0.04€ level: 3 - HandId: #4390882948035903489-10-1763931848 - Holdem no limit (20/40) - 2025/11/23 21:04:08 UTC
Table: 'Expresso Nitro(1022332103)#0' 3-max (real money) Seat #3 is the button
Seat 2: Ghosthacker (190)
Seat 3: MathisKcr (710)
*** ANTE/BLINDS ***
MathisKcr posts small blind 20
Ghosthacker posts big blind 40
Dealt to MathisKcr [3h 4d]
*** PRE-FLOP *** 
MathisKcr raises 40 to 80
Ghosthacker raises 110 to 190 and is all-in
MathisKcr folds
Ghosthacker collected 270 from pot
*** SUMMARY ***
Total pot 270 | No rake
Seat 2: Ghosthacker (big blind) won 270


Winamax Poker - Tournament "Expresso Nitro" buyIn: 0.46€ + 0.04€ level: 3 - HandId: #4390882948035903489-11-1763931860 - Holdem no limit (20/40) - 2025/11/23 21:04:20 UTC
Table: 'Expresso Nitro(1022332103)#0' 3-max (real money) Seat #2 is the button
Seat 2: Ghosthacker (270)
Seat 3: MathisKcr (630)
*** ANTE/BLINDS ***
Ghosthacker posts small blind 20
MathisKcr posts big blind 40
Dealt to MathisKcr [6h Tc]
*** PRE-FLOP *** 
Ghosthacker folds
MathisKcr collected 60 from pot
*** SUMMARY ***
Total pot 60 | No rake
Seat 3: MathisKcr (big blind) won 60


Winamax Poker - Tournament "Expresso Nitro" buyIn: 0.46€ + 0.04€ level: 3 - HandId: #4390882948035903489-12-1763931865 - Holdem no limit (20/40) - 2025/11/23 21:04:25 UTC
Table: 'Expresso Nitro(1022332103)#0' 3-max (real money) Seat #3 is the button
Seat 2: Ghosthacker (250)
Seat 3: MathisKcr (650)
*** ANTE/BLINDS ***
MathisKcr posts small blind 20
Ghosthacker posts big blind 40
Dealt to MathisKcr [Kh 5d]
*** PRE-FLOP *** 
MathisKcr raises 40 to 80
Ghosthacker calls 40
*** FLOP *** [6h 9d Kc]
Ghosthacker checks
MathisKcr bets 100
Ghosthacker folds
MathisKcr collected 260 from pot
*** SUMMARY ***
Total pot 260 | No rake
Board: [6h 9d Kc]
Seat 3: MathisKcr (small blind) (button) won 260


Winamax Poker - Tournament "Expresso Nitro" buyIn: 0.46€ + 0.04€ level: 3 - HandId: #4390882948035903489-13-1763931881 - Holdem no limit (20/40) - 2025/11/23 21:04:41 UTC
Table: 'Expresso Nitro(1022332103)#0' 3-max (real money) Seat #2 is the button
Seat 2: Ghosthacker (170)
Seat 3: MathisKcr (730)
*** ANTE/BLINDS ***
Ghosthacker posts small blind 20
MathisKcr posts big blind 40
Dealt to MathisKcr [4h 4d]
*** PRE-FLOP *** 
Ghosthacker raises 130 to 170 and is all-in
MathisKcr calls 130
*** FLOP *** [Th 9s Kd]
*** TURN *** [Th 9s Kd][Jc]
*** RIVER *** [Th 9s Kd Jc][8d]
*** SHOW DOWN ***
MathisKcr shows [4h 4d] (One pair : 4)
Ghosthacker shows [Qc 2d] (Straight King high)
Ghosthacker collected 340 from pot
*** SUMMARY ***
Total pot 340 | No rake
Board: [Th 9s Kd Jc 8d]
Seat 2: Ghosthacker (small blind) (button) showed [Qc 2d] and won 340 with Straight King high
Seat 3: MathisKcr (big blind) showed [4h 4d] and lost with One pair : 4


Winamax Poker - Tournament "Expresso Nitro" buyIn: 0.46€ + 0.04€ level: 3 - HandId: #4390882948035903489-14-1763931898 - Holdem no limit (20/40) - 2025/11/23 21:04:58 UTC
Table: 'Expresso Nitro(1022332103)#0' 3-max (real money) Seat #3 is the button
Seat 2: Ghosthacker (340)
Seat 3: MathisKcr (560)
*** ANTE/BLINDS ***
MathisKcr posts small blind 20
Ghosthacker posts big blind 40
Dealt to MathisKcr [Ac 3h]
*** PRE-FLOP *** 
MathisKcr raises 80 to 120
Ghosthacker folds
MathisKcr collected 160 from pot
*** SUMMARY ***
Total pot 160 | No rake
Seat 3: MathisKcr (small blind) (button) won 160


Winamax Poker - Tournament "Expresso Nitro" buyIn: 0.46€ + 0.04€ level: 4 - HandId: #4390882948035903489-15-1763931915 - Holdem no limit (30/60) - 2025/11/23 21:05:15 UTC
Table: 'Expresso Nitro(1022332103)#0' 3-max (real money) Seat #2 is the button
Seat 2: Ghosthacker (300)
Seat 3: MathisKcr (600)
*** ANTE/BLINDS ***
Ghosthacker posts small blind 30
MathisKcr posts big blind 60
Dealt to MathisKcr [Ac 9h]
*** PRE-FLOP *** 
Ghosthacker raises 240 to 300 and is all-in
MathisKcr calls 240
*** FLOP *** [Ts Jd Qs]
*** TURN *** [Ts Jd Qs][Qc]
*** RIVER *** [Ts Jd Qs Qc][6c]
*** SHOW DOWN ***
Ghosthacker shows [4c Ks] (One pair : Queens)
MathisKcr shows [Ac 9h] (One pair : Queens)
MathisKcr collected 600 from pot
*** SUMMARY ***
Total pot 600 | No rake
Board: [Ts Jd Qs Qc 6c]
Seat 2: Ghosthacker (small blind) (button) showed [4c Ks] and lost with One pair : Queens
Seat 3: MathisKcr (big blind) showed [Ac 9h] and won 600 with One pair : Queens


