Winamax Poker - Tournament "Kill The Fish" buyIn: 0.45€ + 0.05€ level: 1 - HandId: #4240053824133267462-1-1759926610 - Holdem no limit (25/100/200) - 2025/10/08 12:30:10 UTC
Table: 'Kill The Fish(987214461)#005' 6-max (real money) Seat #4 is the button
Seat 1: Jeckel46 (20000, 0.22€ bounty)
Seat 3: Scorber (20000, 0.22€ bounty)
Seat 4: MathisKcr (20000, 0.22€ bounty)
Seat 5: dpat42 (20000, 0.22€ bounty)
Seat 6: Momee26 (20000, 0.22€ bounty)
*** ANTE/BLINDS ***
dpat42 posts ante 25
Momee26 posts ante 25
Jeckel46 posts ante 25
Scorber posts ante 25
MathisKcr posts ante 25
dpat42 posts small blind 100
Momee26 posts big blind 200
Dealt to MathisKcr [4c 9s]
*** PRE-FLOP *** 
Jeckel46 folds
Scorber folds
MathisKcr folds
dpat42 calls 100
Momee26 checks
*** FLOP *** [Jc 3c 6d]
dpat42 bets 341
Momee26 calls 341
*** TURN *** [Jc 3c 6d][7c]
dpat42 bets 604
Momee26 folds
dpat42 collected 1811 from pot
*** SUMMARY ***
Total pot 1811 | No rake
Board: [Jc 3c 6d 7c]
Seat 5: dpat42 (small blind) won 1811


Winamax Poker - Tournament "Kill The Fish" buyIn: 0.45€ + 0.05€ level: 1 - HandId: #4240053824133267462-2-1759926690 - Holdem no limit (25/100/200) - 2025/10/08 12:31:30 UTC
Table: 'Kill The Fish(987214461)#005' 6-max (real money) Seat #5 is the button
Seat 1: Jeckel46 (19975, 0.22€ bounty)
Seat 3: Scorber (19975, 0.22€ bounty)
Seat 4: MathisKcr (19975, 0.22€ bounty)
Seat 5: dpat42 (20641, 0.22€ bounty)
Seat 6: Momee26 (19434, 0.22€ bounty)
*** ANTE/BLINDS ***
Momee26 posts ante 25
Jeckel46 posts ante 25
Scorber posts ante 25
MathisKcr posts ante 25
dpat42 posts ante 25
Momee26 posts small blind 100
Jeckel46 posts big blind 200
Dealt to MathisKcr [Td Kd]
*** PRE-FLOP *** 
Scorber raises 200 to 400
MathisKcr raises 200 to 600
dpat42 folds
Momee26 folds
Jeckel46 folds
Scorber calls 200
*** FLOP *** [5h Qs 2h]
Scorber checks
MathisKcr bets 600
Scorber calls 600
*** TURN *** [5h Qs 2h][Qh]
Scorber checks
MathisKcr bets 1413
Scorber folds
MathisKcr collected 4238 from pot
*** SUMMARY ***
Total pot 4238 | No rake
Board: [5h Qs 2h Qh]
Seat 4: MathisKcr won 4238


Winamax Poker - Tournament "Kill The Fish" buyIn: 0.45€ + 0.05€ level: 1 - HandId: #4240053824133267462-3-1759926749 - Holdem no limit (25/100/200) - 2025/10/08 12:32:29 UTC
Table: 'Kill The Fish(987214461)#005' 6-max (real money) Seat #6 is the button
Seat 1: Jeckel46 (19750, 0.22€ bounty)
Seat 2: RienAsBrelan (20000, 0.22€ bounty)
Seat 4: MathisKcr (21575, 0.22€ bounty)
Seat 5: dpat42 (20616, 0.22€ bounty)
Seat 6: Momee26 (19309, 0.22€ bounty)
*** ANTE/BLINDS ***
Jeckel46 posts ante 25
RienAsBrelan posts ante 25
MathisKcr posts ante 25
dpat42 posts ante 25
Momee26 posts ante 25
Jeckel46 posts small blind 100
RienAsBrelan posts big blind 200
Dealt to MathisKcr [Ac 6s]
*** PRE-FLOP *** 
MathisKcr raises 200 to 400
dpat42 calls 400
Momee26 folds
Jeckel46 folds
RienAsBrelan folds
*** FLOP *** [2d Jh 8c]
MathisKcr checks
dpat42 checks
*** TURN *** [2d Jh 8c][As]
MathisKcr checks
dpat42 checks
*** RIVER *** [2d Jh 8c As][Ks]
MathisKcr bets 600
dpat42 calls 600
*** SHOW DOWN ***
dpat42 shows [5h 5d] (One pair : 5)
MathisKcr shows [Ac 6s] (One pair : Aces)
MathisKcr collected 2425 from pot
*** SUMMARY ***
Total pot 2425 | No rake
Board: [2d Jh 8c As Ks]
Seat 4: MathisKcr showed [Ac 6s] and won 2425 with One pair : Aces
Seat 5: dpat42 showed [5h 5d] and lost with One pair : 5


Winamax Poker - Tournament "Kill The Fish" buyIn: 0.45€ + 0.05€ level: 1 - HandId: #4240053824133267462-4-1759926820 - Holdem no limit (25/100/200) - 2025/10/08 12:33:40 UTC
Table: 'Kill The Fish(987214461)#005' 6-max (real money) Seat #1 is the button
Seat 1: Jeckel46 (19625, 0.22€ bounty)
Seat 2: RienAsBrelan (19775, 0.22€ bounty)
Seat 4: MathisKcr (22975, 0.22€ bounty)
Seat 5: dpat42 (19591, 0.22€ bounty)
Seat 6: Momee26 (19284, 0.22€ bounty)
*** ANTE/BLINDS ***
RienAsBrelan posts ante 25
MathisKcr posts ante 25
Jeckel46 posts ante 25
dpat42 posts ante 25
Momee26 posts ante 25
RienAsBrelan posts small blind 100
MathisKcr posts big blind 200
Dealt to MathisKcr [6c 2s]
*** PRE-FLOP *** 
dpat42 folds
Momee26 folds
Jeckel46 folds
RienAsBrelan raises 500 to 700
MathisKcr folds
RienAsBrelan collected 1025 from pot
*** SUMMARY ***
Total pot 1025 | No rake
Seat 2: RienAsBrelan (small blind) won 1025


Winamax Poker - Tournament "Kill The Fish" buyIn: 0.45€ + 0.05€ level: 1 - HandId: #4240053824133267462-5-1759926840 - Holdem no limit (25/100/200) - 2025/10/08 12:34:00 UTC
Table: 'Kill The Fish(987214461)#005' 6-max (real money) Seat #2 is the button
Seat 1: Jeckel46 (19600, 0.22€ bounty)
Seat 2: RienAsBrelan (20075, 0.22€ bounty)
Seat 3: Lunaja (20000, 0.22€ bounty)
Seat 4: MathisKcr (22750, 0.22€ bounty)
Seat 6: Momee26 (19259, 0.22€ bounty)
*** ANTE/BLINDS ***
MathisKcr posts ante 25
Momee26 posts ante 25
Jeckel46 posts ante 25
RienAsBrelan posts ante 25
MathisKcr posts small blind 100
Momee26 posts big blind 200
Dealt to MathisKcr [9c 6h]
*** PRE-FLOP *** 
Jeckel46 raises 300 to 500
RienAsBrelan folds
MathisKcr calls 400
Momee26 calls 300
*** FLOP *** [4h Qh Td]
MathisKcr checks
Momee26 checks
Jeckel46 bets 800
MathisKcr folds
Momee26 calls 800
*** TURN *** [4h Qh Td][Qd]
Momee26 checks
Jeckel46 bets 2112
Momee26 folds
Jeckel46 collected 5312 from pot
*** SUMMARY ***
Total pot 5312 | No rake
Board: [4h Qh Td Qd]
Seat 1: Jeckel46 won 5312


Winamax Poker - Tournament "Kill The Fish" buyIn: 0.45€ + 0.05€ level: 1 - HandId: #4240053824133267462-6-1759926932 - Holdem no limit (25/100/200) - 2025/10/08 12:35:32 UTC
Table: 'Kill The Fish(987214461)#005' 6-max (real money) Seat #4 is the button
Seat 1: Jeckel46 (21475, 0.22€ bounty)
Seat 2: RienAsBrelan (20050, 0.22€ bounty)
Seat 3: Lunaja (20000, 0.22€ bounty)
Seat 4: MathisKcr (22225, 0.22€ bounty)
Seat 5: phileas14 (20000, 0.22€ bounty)
Seat 6: Momee26 (17934, 0.22€ bounty)
*** ANTE/BLINDS ***
Momee26 posts ante 25
Jeckel46 posts ante 25
RienAsBrelan posts ante 25
Lunaja posts ante 25
MathisKcr posts ante 25
Momee26 posts small blind 100
Jeckel46 posts big blind 200
Dealt to MathisKcr [5s 7c]
*** PRE-FLOP *** 
RienAsBrelan folds
Lunaja folds
MathisKcr folds
Momee26 calls 100
Jeckel46 checks
*** FLOP *** [Qh 6h 5c]
Momee26 checks
Jeckel46 checks
*** TURN *** [Qh 6h 5c][Ts]
Momee26 checks
Jeckel46 bets 200
Momee26 folds
Jeckel46 collected 725 from pot
*** SUMMARY ***
Total pot 725 | No rake
Board: [Qh 6h 5c Ts]
Seat 1: Jeckel46 (big blind) won 725


Winamax Poker - Tournament "Kill The Fish" buyIn: 0.45€ + 0.05€ level: 1 - HandId: #4240053824133267462-7-1759926978 - Holdem no limit (25/100/200) - 2025/10/08 12:36:18 UTC
Table: 'Kill The Fish(987214461)#005' 6-max (real money) Seat #6 is the button
Seat 1: Jeckel46 (21775, 0.22€ bounty)
Seat 3: Lunaja (19975, 0.22€ bounty)
Seat 4: MathisKcr (22200, 0.22€ bounty)
Seat 5: phileas14 (20000, 0.22€ bounty)
Seat 6: Momee26 (17709, 0.22€ bounty)
*** ANTE/BLINDS ***
Jeckel46 posts ante 25
Lunaja posts ante 25
MathisKcr posts ante 25
phileas14 posts ante 25
Momee26 posts ante 25
Jeckel46 posts small blind 100
Lunaja posts big blind 200
Dealt to MathisKcr [Kc 2d]
*** PRE-FLOP *** 
MathisKcr folds
phileas14 raises 625 to 825
Momee26 folds
Jeckel46 folds
Lunaja calls 625
*** FLOP *** [7d 5h 5s]
Lunaja checks
phileas14 bets 1875
Lunaja calls 1875
*** TURN *** [7d 5h 5s][6c]
Lunaja checks
phileas14 bets 3656
Lunaja raises 13594 to 17250 and is all-in
phileas14 folds
Lunaja collected 26531 from pot
*** SUMMARY ***
Total pot 26531 | No rake
Board: [7d 5h 5s 6c]
Seat 3: Lunaja (big blind) won 26531


Winamax Poker - Tournament "Kill The Fish" buyIn: 0.45€ + 0.05€ level: 1 - HandId: #4240053824133267462-8-1759927031 - Holdem no limit (25/100/200) - 2025/10/08 12:37:11 UTC
Table: 'Kill The Fish(987214461)#005' 6-max (real money) Seat #1 is the button
Seat 1: Jeckel46 (21650, 0.22€ bounty)
Seat 2: mamierenee (20000, 0.22€ bounty)
Seat 3: Lunaja (26531, 0.22€ bounty)
Seat 4: MathisKcr (22175, 0.22€ bounty)
Seat 5: phileas14 (13619, 0.22€ bounty)
Seat 6: Momee26 (17684, 0.22€ bounty)
*** ANTE/BLINDS ***
Lunaja posts ante 25
MathisKcr posts ante 25
Jeckel46 posts ante 25
phileas14 posts ante 25
Momee26 posts ante 25
Lunaja posts small blind 100
MathisKcr posts big blind 200
Dealt to MathisKcr [Js 6d]
*** PRE-FLOP *** 
phileas14 calls 200
Momee26 raises 17459 to 17659 and is all-in
Jeckel46 folds
Lunaja folds
MathisKcr folds
phileas14 folds
Momee26 collected 18284 from pot
*** SUMMARY ***
Total pot 18284 | No rake
Seat 6: Momee26 won 18284


Winamax Poker - Tournament "Kill The Fish" buyIn: 0.45€ + 0.05€ level: 1 - HandId: #4240053824133267462-9-1759927050 - Holdem no limit (25/100/200) - 2025/10/08 12:37:30 UTC
Table: 'Kill The Fish(987214461)#005' 6-max (real money) Seat #3 is the button
Seat 1: Jeckel46 (21625, 0.22€ bounty)
Seat 2: mamierenee (20000, 0.22€ bounty)
Seat 3: Lunaja (26406, 0.22€ bounty)
Seat 4: MathisKcr (21950, 0.22€ bounty)
Seat 5: phileas14 (13394, 0.22€ bounty)
Seat 6: Momee26 (18284, 0.22€ bounty)
*** ANTE/BLINDS ***
MathisKcr posts ante 25
phileas14 posts ante 25
Jeckel46 posts ante 25
mamierenee posts ante 25
Lunaja posts ante 25
Momee26 posts ante 25
MathisKcr posts small blind 100
phileas14 posts big blind 200
Dealt to MathisKcr [8d Kd]
*** PRE-FLOP *** 
Momee26 calls 200
Jeckel46 folds
mamierenee folds
Lunaja folds
MathisKcr raises 200 to 400
phileas14 calls 200
Momee26 calls 200
*** FLOP *** [7c 6h 4h]
MathisKcr checks
phileas14 checks
Momee26 checks
*** TURN *** [7c 6h 4h][6c]
MathisKcr checks
phileas14 bets 1350
Momee26 folds
MathisKcr folds
phileas14 collected 2700 from pot
*** SUMMARY ***
Total pot 2700 | No rake
Board: [7c 6h 4h 6c]
Seat 5: phileas14 (big blind) won 2700


Winamax Poker - Tournament "Kill The Fish" buyIn: 0.45€ + 0.05€ level: 1 - HandId: #4240053824133267462-10-1759927089 - Holdem no limit (25/100/200) - 2025/10/08 12:38:09 UTC
Table: 'Kill The Fish(987214461)#005' 6-max (real money) Seat #4 is the button
Seat 1: Jeckel46 (21600, 0.22€ bounty)
Seat 2: mamierenee (19975, 0.22€ bounty)
Seat 3: Lunaja (26381, 0.22€ bounty)
Seat 4: MathisKcr (21525, 0.22€ bounty)
Seat 5: phileas14 (14319, 0.22€ bounty)
Seat 6: Momee26 (17859, 0.22€ bounty)
*** ANTE/BLINDS ***
phileas14 posts ante 25
Momee26 posts ante 25
Jeckel46 posts ante 25
mamierenee posts ante 25
Lunaja posts ante 25
MathisKcr posts ante 25
phileas14 posts small blind 100
Momee26 posts big blind 200
Dealt to MathisKcr [2s 6c]
*** PRE-FLOP *** 
Jeckel46 folds
mamierenee folds
Lunaja folds
MathisKcr folds
phileas14 folds
Momee26 collected 450 from pot
*** SUMMARY ***
Total pot 450 | No rake
Seat 6: Momee26 (big blind) won 450


Winamax Poker - Tournament "Kill The Fish" buyIn: 0.45€ + 0.05€ level: 1 - HandId: #4240053824133267462-11-1759927097 - Holdem no limit (25/100/200) - 2025/10/08 12:38:17 UTC
Table: 'Kill The Fish(987214461)#005' 6-max (real money) Seat #5 is the button
Seat 1: Jeckel46 (21575, 0.22€ bounty)
Seat 2: mamierenee (19950, 0.22€ bounty)
Seat 3: Lunaja (26356, 0.22€ bounty)
Seat 4: MathisKcr (21500, 0.22€ bounty)
Seat 5: phileas14 (14194, 0.22€ bounty)
Seat 6: Momee26 (18084, 0.22€ bounty)
*** ANTE/BLINDS ***
Momee26 posts ante 25
Jeckel46 posts ante 25
mamierenee posts ante 25
Lunaja posts ante 25
MathisKcr posts ante 25
phileas14 posts ante 25
Momee26 posts small blind 100
Jeckel46 posts big blind 200
Dealt to MathisKcr [Qc Jd]
*** PRE-FLOP *** 
mamierenee folds
Lunaja folds
MathisKcr raises 400 to 600
phileas14 folds
Momee26 folds
Jeckel46 folds
MathisKcr collected 1050 from pot
*** SUMMARY ***
Total pot 1050 | No rake
Seat 4: MathisKcr won 1050


Winamax Poker - Tournament "Kill The Fish" buyIn: 0.45€ + 0.05€ level: 1 - HandId: #4240053824133267462-12-1759927130 - Holdem no limit (25/100/200) - 2025/10/08 12:38:50 UTC
Table: 'Kill The Fish(987214461)#005' 6-max (real money) Seat #6 is the button
Seat 1: Jeckel46 (21350, 0.22€ bounty)
Seat 2: mamierenee (19925, 0.22€ bounty)
Seat 3: Lunaja (26331, 0.22€ bounty)
Seat 4: MathisKcr (21925, 0.22€ bounty)
Seat 5: phileas14 (14169, 0.22€ bounty)
Seat 6: Momee26 (17959, 0.22€ bounty)
*** ANTE/BLINDS ***
Jeckel46 posts ante 25
mamierenee posts ante 25
Lunaja posts ante 25
MathisKcr posts ante 25
phileas14 posts ante 25
Momee26 posts ante 25
Jeckel46 posts small blind 100
mamierenee posts big blind 200
Dealt to MathisKcr [2h 9s]
*** PRE-FLOP *** 
Lunaja folds
MathisKcr folds
phileas14 calls 200
Momee26 calls 200
Jeckel46 folds
mamierenee checks
*** FLOP *** [7c Jd As]
mamierenee checks
phileas14 checks
Momee26 checks
*** TURN *** [7c Jd As][7s]
mamierenee checks
phileas14 checks
Momee26 checks
*** RIVER *** [7c Jd As 7s][Qh]
mamierenee checks
phileas14 checks
Momee26 checks
*** SHOW DOWN ***
mamierenee shows [8h Jc] (Two pairs : Jacks and 7)
Momee26 shows [3s Ks] (One pair : 7)
phileas14 shows [Qd 5d] (Two pairs : Queens and 7)
phileas14 collected 850 from pot
*** SUMMARY ***
Total pot 850 | No rake
Board: [7c Jd As 7s Qh]
Seat 2: mamierenee (big blind) showed [8h Jc] and lost with Two pairs : Jacks and 7
Seat 5: phileas14 showed [Qd 5d] and won 850 with Two pairs : Queens and 7
Seat 6: Momee26 (button) showed [3s Ks] and lost with One pair : 7


Winamax Poker - Tournament "Kill The Fish" buyIn: 0.45€ + 0.05€ level: 1 - HandId: #4240053824133267462-13-1759927161 - Holdem no limit (25/100/200) - 2025/10/08 12:39:21 UTC
Table: 'Kill The Fish(987214461)#005' 6-max (real money) Seat #1 is the button
Seat 1: Jeckel46 (21225, 0.22€ bounty)
Seat 2: mamierenee (19700, 0.22€ bounty)
Seat 3: Lunaja (26306, 0.22€ bounty)
Seat 4: MathisKcr (21900, 0.22€ bounty)
Seat 5: phileas14 (14794, 0.22€ bounty)
Seat 6: Momee26 (17734, 0.22€ bounty)
*** ANTE/BLINDS ***
mamierenee posts ante 25
Lunaja posts ante 25
Jeckel46 posts ante 25
MathisKcr posts ante 25
phileas14 posts ante 25
Momee26 posts ante 25
mamierenee posts small blind 100
Lunaja posts big blind 200
Dealt to MathisKcr [3d Kh]
*** PRE-FLOP *** 
MathisKcr calls 200
phileas14 folds
Momee26 calls 200
Jeckel46 folds
mamierenee calls 100
Lunaja checks
*** FLOP *** [Ks 5h Ah]
mamierenee checks
Lunaja checks
MathisKcr bets 400
Momee26 calls 400
mamierenee calls 400
Lunaja folds
*** TURN *** [Ks 5h Ah][2c]
mamierenee checks
MathisKcr bets 600
Momee26 calls 600
mamierenee folds
*** RIVER *** [Ks 5h Ah 2c][7c]
MathisKcr checks
Momee26 checks
*** SHOW DOWN ***
MathisKcr shows [3d Kh] (One pair : Kings)
Momee26 shows [Jh Kc] (One pair : Kings)
Momee26 collected 3350 from pot
*** SUMMARY ***
Total pot 3350 | No rake
Board: [Ks 5h Ah 2c 7c]
Seat 4: MathisKcr showed [3d Kh] and lost with One pair : Kings
Seat 6: Momee26 showed [Jh Kc] and won 3350 with One pair : Kings


Winamax Poker - Tournament "Kill The Fish" buyIn: 0.45€ + 0.05€ level: 1 - HandId: #4240053824133267462-14-1759927224 - Holdem no limit (25/100/200) - 2025/10/08 12:40:24 UTC
Table: 'Kill The Fish(987214461)#005' 6-max (real money) Seat #2 is the button
Seat 1: Jeckel46 (21200, 0.22€ bounty)
Seat 2: mamierenee (19075, 0.22€ bounty)
Seat 3: Lunaja (26081, 0.22€ bounty)
Seat 4: MathisKcr (20675, 0.22€ bounty)
Seat 5: phileas14 (14769, 0.22€ bounty)
Seat 6: Momee26 (19859, 0.22€ bounty)
*** ANTE/BLINDS ***
Lunaja posts ante 25
MathisKcr posts ante 25
Jeckel46 posts ante 25
mamierenee posts ante 25
phileas14 posts ante 25
Momee26 posts ante 25
Lunaja posts small blind 100
MathisKcr posts big blind 200
Dealt to MathisKcr [Kh 8s]
*** PRE-FLOP *** 
phileas14 raises 650 to 850
Momee26 folds
Jeckel46 folds
mamierenee folds
Lunaja calls 750
MathisKcr calls 650
*** FLOP *** [Th 7s Jd]
Lunaja checks
MathisKcr bets 400
phileas14 calls 400
Lunaja calls 400
*** TURN *** [Th 7s Jd][6c]
Lunaja checks
MathisKcr checks
phileas14 checks
*** RIVER *** [Th 7s Jd 6c][2s]
Lunaja bets 1950
MathisKcr folds
phileas14 calls 1950
*** SHOW DOWN ***
phileas14 shows [7h As] (One pair : 7)
Lunaja shows [Jc 8h] (One pair : Jacks)
Lunaja collected 7800 from pot
*** SUMMARY ***
Total pot 7800 | No rake
Board: [Th 7s Jd 6c 2s]
Seat 3: Lunaja (small blind) showed [Jc 8h] and won 7800 with One pair : Jacks
Seat 5: phileas14 showed [7h As] and lost with One pair : 7


Winamax Poker - Tournament "Kill The Fish" buyIn: 0.45€ + 0.05€ level: 1 - HandId: #4240053824133267462-15-1759927259 - Holdem no limit (25/100/200) - 2025/10/08 12:40:59 UTC
Table: 'Kill The Fish(987214461)#005' 6-max (real money) Seat #3 is the button
Seat 1: Jeckel46 (21175, 0.22€ bounty)
Seat 2: mamierenee (19050, 0.22€ bounty)
Seat 3: Lunaja (30656, 0.22€ bounty)
Seat 4: MathisKcr (19400, 0.22€ bounty)
Seat 5: phileas14 (11544, 0.22€ bounty)
Seat 6: Momee26 (19834, 0.22€ bounty)
*** ANTE/BLINDS ***
MathisKcr posts ante 25
phileas14 posts ante 25
Jeckel46 posts ante 25
mamierenee posts ante 25
Lunaja posts ante 25
Momee26 posts ante 25
MathisKcr posts small blind 100
phileas14 posts big blind 200
Dealt to MathisKcr [4s 3s]
*** PRE-FLOP *** 
Momee26 calls 200
Jeckel46 folds
mamierenee calls 200
Lunaja folds
MathisKcr folds
phileas14 checks
*** FLOP *** [5d 4c Th]
phileas14 checks
Momee26 checks
mamierenee checks
*** TURN *** [5d 4c Th][Tc]
phileas14 checks
Momee26 checks
mamierenee checks
*** RIVER *** [5d 4c Th Tc][Td]
phileas14 checks
Momee26 checks
mamierenee checks
*** SHOW DOWN ***
mamierenee shows [9s Qs] (Trips of Tens)
phileas14 shows [3h 6h] (Trips of Tens)
Momee26 shows [Ah 7s] (Trips of Tens)
Momee26 collected 850 from pot
*** SUMMARY ***
Total pot 850 | No rake
Board: [5d 4c Th Tc Td]
Seat 2: mamierenee showed [9s Qs] and lost with Trips of Tens
Seat 5: phileas14 (big blind) showed [3h 6h] and lost with Trips of Tens
Seat 6: Momee26 showed [Ah 7s] and won 850 with Trips of Tens


Winamax Poker - Tournament "Kill The Fish" buyIn: 0.45€ + 0.05€ level: 1 - HandId: #4240053824133267462-16-1759927291 - Holdem no limit (25/100/200) - 2025/10/08 12:41:31 UTC
Table: 'Kill The Fish(987214461)#005' 6-max (real money) Seat #4 is the button
Seat 1: Jeckel46 (21150, 0.22€ bounty)
Seat 2: mamierenee (18825, 0.22€ bounty)
Seat 3: Lunaja (30631, 0.22€ bounty)
Seat 4: MathisKcr (19275, 0.22€ bounty)
Seat 5: phileas14 (11319, 0.22€ bounty)
Seat 6: Momee26 (20459, 0.22€ bounty)
*** ANTE/BLINDS ***
phileas14 posts ante 25
Momee26 posts ante 25
Jeckel46 posts ante 25
mamierenee posts ante 25
Lunaja posts ante 25
MathisKcr posts ante 25
phileas14 posts small blind 100
Momee26 posts big blind 200
Dealt to MathisKcr [4s 3c]
*** PRE-FLOP *** 
Jeckel46 folds
mamierenee folds
Lunaja folds
MathisKcr folds
phileas14 raises 550 to 750
Momee26 calls 550
*** FLOP *** [Jh Ks Qh]
phileas14 checks
Momee26 bets 19684 and is all-in
phileas14 folds
Momee26 collected 21334 from pot
*** SUMMARY ***
Total pot 21334 | No rake
Board: [Jh Ks Qh]
Seat 6: Momee26 (big blind) won 21334


Winamax Poker - Tournament "Kill The Fish" buyIn: 0.45€ + 0.05€ level: 1 - HandId: #4240053824133267462-17-1759927313 - Holdem no limit (25/100/200) - 2025/10/08 12:41:53 UTC
Table: 'Kill The Fish(987214461)#005' 6-max (real money) Seat #5 is the button
Seat 1: Jeckel46 (21125, 0.22€ bounty)
Seat 2: mamierenee (18800, 0.22€ bounty)
Seat 3: Lunaja (30606, 0.22€ bounty)
Seat 4: MathisKcr (19250, 0.22€ bounty)
Seat 5: phileas14 (10544, 0.22€ bounty)
Seat 6: Momee26 (21334, 0.22€ bounty)
*** ANTE/BLINDS ***
Momee26 posts ante 25
Jeckel46 posts ante 25
mamierenee posts ante 25
Lunaja posts ante 25
MathisKcr posts ante 25
phileas14 posts ante 25
Momee26 posts small blind 100
Jeckel46 posts big blind 200
Dealt to MathisKcr [2d 5c]
*** PRE-FLOP *** 
mamierenee calls 200
Lunaja folds
MathisKcr folds
phileas14 calls 200
Momee26 calls 100
Jeckel46 checks
*** FLOP *** [3d Kc Kh]
Momee26 checks
Jeckel46 checks
mamierenee checks
phileas14 checks
*** TURN *** [3d Kc Kh][9c]
Momee26 checks
Jeckel46 checks
mamierenee checks
phileas14 bets 950
Momee26 folds
Jeckel46 folds
mamierenee calls 950
*** RIVER *** [3d Kc Kh 9c][9s]
mamierenee checks
phileas14 checks
*** SHOW DOWN ***
mamierenee shows [Qc Ah] (Two pairs : Kings and 9)
phileas14 shows [9d Td] (Full of 9 and Kings)
phileas14 collected 2850 from pot
*** SUMMARY ***
Total pot 2850 | No rake
Board: [3d Kc Kh 9c 9s]
Seat 2: mamierenee showed [Qc Ah] and lost with Two pairs : Kings and 9
Seat 5: phileas14 (button) showed [9d Td] and won 2850 with Full of 9 and Kings


Winamax Poker - Tournament "Kill The Fish" buyIn: 0.45€ + 0.05€ level: 1 - HandId: #4240053824133267462-18-1759927355 - Holdem no limit (25/100/200) - 2025/10/08 12:42:35 UTC
Table: 'Kill The Fish(987214461)#005' 6-max (real money) Seat #6 is the button
Seat 1: Jeckel46 (20900, 0.22€ bounty)
Seat 2: mamierenee (17625, 0.22€ bounty)
Seat 3: Lunaja (30581, 0.22€ bounty)
Seat 4: MathisKcr (19225, 0.22€ bounty)
Seat 5: phileas14 (12219, 0.22€ bounty)
Seat 6: Momee26 (21109, 0.22€ bounty)
*** ANTE/BLINDS ***
Jeckel46 posts ante 25
mamierenee posts ante 25
Lunaja posts ante 25
MathisKcr posts ante 25
phileas14 posts ante 25
Momee26 posts ante 25
Jeckel46 posts small blind 100
mamierenee posts big blind 200
Dealt to MathisKcr [Kh Jd]
*** PRE-FLOP *** 
Lunaja raises 200 to 400
MathisKcr raises 200 to 600
phileas14 folds
Momee26 folds
Jeckel46 folds
mamierenee calls 400
Lunaja calls 200
*** FLOP *** [5c 7d 7s]
mamierenee checks
Lunaja checks
MathisKcr bets 600
mamierenee folds
Lunaja raises 1903 to 2503
MathisKcr calls 1903
*** TURN *** [5c 7d 7s][Ad]
Lunaja checks
MathisKcr checks
*** RIVER *** [5c 7d 7s Ad][Qs]
Lunaja bets 4586
MathisKcr folds
Lunaja collected 11642 from pot
*** SUMMARY ***
Total pot 11642 | No rake
Board: [5c 7d 7s Ad Qs]
Seat 3: Lunaja won 11642


Winamax Poker - Tournament "Kill The Fish" buyIn: 0.45€ + 0.05€ level: 1 - HandId: #4240053824133267462-19-1759927405 - Holdem no limit (25/100/200) - 2025/10/08 12:43:25 UTC
Table: 'Kill The Fish(987214461)#005' 6-max (real money) Seat #1 is the button
Seat 1: Jeckel46 (20775, 0.22€ bounty)
Seat 2: mamierenee (17000, 0.22€ bounty)
Seat 3: Lunaja (34509, 0.22€ bounty)
Seat 4: MathisKcr (16097, 0.22€ bounty)
Seat 5: phileas14 (12194, 0.22€ bounty)
Seat 6: Momee26 (21084, 0.22€ bounty)
*** ANTE/BLINDS ***
mamierenee posts ante 25
Lunaja posts ante 25
Jeckel46 posts ante 25
MathisKcr posts ante 25
phileas14 posts ante 25
Momee26 posts ante 25
mamierenee posts small blind 100
Lunaja posts big blind 200
Dealt to MathisKcr [Jh Kh]
*** PRE-FLOP *** 
MathisKcr raises 400 to 600
phileas14 calls 600
Momee26 folds
Jeckel46 folds
mamierenee folds
Lunaja raises 33884 to 34484 and is all-in
MathisKcr calls 15472 and is all-in
phileas14 calls 11569 and is all-in
*** FLOP *** [3h Ad Qs]
*** TURN *** [3h Ad Qs][Kd]
*** RIVER *** [3h Ad Qs Kd][2s]
*** SHOW DOWN ***
phileas14 shows [4c 4h] (One pair : 4)
Lunaja shows [6d 6s] (One pair : 6)
MathisKcr shows [Jh Kh] (One pair : Kings)
MathisKcr collected 44563 from main pot
Lunaja collected 18412 from side pot 1
*** SUMMARY ***
Total pot 62975 | No rake
Board: [3h Ad Qs Kd 2s]
Seat 3: Lunaja (big blind) showed [6d 6s] and won 18412 with One pair : 6
Seat 4: MathisKcr showed [Jh Kh] and won 44563 with One pair : Kings
Seat 5: phileas14 showed [4c 4h] and lost with One pair : 4


Winamax Poker - Tournament "Kill The Fish" buyIn: 0.45€ + 0.05€ level: 1 - HandId: #4240053824133267462-20-1759927499 - Holdem no limit (25/100/200) - 2025/10/08 12:44:59 UTC
Table: 'Kill The Fish(987214461)#005' 6-max (real money) Seat #2 is the button
Seat 1: Jeckel46 (20750, 0.22€ bounty)
Seat 2: mamierenee (16875, 0.22€ bounty)
Seat 3: Lunaja (18412, 0.22€ bounty)
Seat 4: MathisKcr (44563, 0.33€ bounty)
Seat 6: Momee26 (21059, 0.22€ bounty)
*** ANTE/BLINDS ***
Lunaja posts ante 25
MathisKcr posts ante 25
Jeckel46 posts ante 25
mamierenee posts ante 25
Momee26 posts ante 25
Lunaja posts small blind 100
MathisKcr posts big blind 200
Dealt to MathisKcr [9c 5c]
*** PRE-FLOP *** 
Momee26 folds
Jeckel46 folds
mamierenee calls 200
Lunaja raises 18187 to 18387 and is all-in
MathisKcr folds
mamierenee folds
Lunaja collected 18912 from pot
*** SUMMARY ***
Total pot 18912 | No rake
Seat 3: Lunaja (small blind) won 18912


Winamax Poker - Tournament "Kill The Fish" buyIn: 0.45€ + 0.05€ level: 1 - HandId: #4240053824133267462-21-1759927520 - Holdem no limit (25/100/200) - 2025/10/08 12:45:20 UTC
Table: 'Kill The Fish(987214461)#005' 6-max (real money) Seat #3 is the button
Seat 1: Jeckel46 (20725, 0.22€ bounty)
Seat 2: mamierenee (16650, 0.22€ bounty)
Seat 3: Lunaja (18912, 0.22€ bounty)
Seat 4: MathisKcr (44338, 0.33€ bounty)
Seat 5: ..Fredo83.. (20000, 0.22€ bounty)
Seat 6: Momee26 (21034, 0.22€ bounty)
*** ANTE/BLINDS ***
MathisKcr posts ante 25
..Fredo83.. posts ante 25
Jeckel46 posts ante 25
mamierenee posts ante 25
Lunaja posts ante 25
Momee26 posts ante 25
MathisKcr posts small blind 100
..Fredo83.. posts big blind 200
Dealt to MathisKcr [2c 2s]
*** PRE-FLOP *** 
Momee26 calls 200
Jeckel46 folds
mamierenee folds
Lunaja raises 18687 to 18887 and is all-in
MathisKcr folds
..Fredo83.. folds
Momee26 folds
Lunaja collected 19537 from pot
*** SUMMARY ***
Total pot 19537 | No rake
Seat 3: Lunaja (button) won 19537


Winamax Poker - Tournament "Kill The Fish" buyIn: 0.45€ + 0.05€ level: 1 - HandId: #4240053824133267462-22-1759927541 - Holdem no limit (25/100/200) - 2025/10/08 12:45:41 UTC
Table: 'Kill The Fish(987214461)#005' 6-max (real money) Seat #4 is the button
Seat 1: Jeckel46 (20700, 0.22€ bounty)
Seat 2: mamierenee (16625, 0.22€ bounty)
Seat 3: Lunaja (19537, 0.22€ bounty)
Seat 4: MathisKcr (44213, 0.33€ bounty)
Seat 5: ..Fredo83.. (19775, 0.22€ bounty)
Seat 6: Momee26 (20809, 0.22€ bounty)
*** ANTE/BLINDS ***
..Fredo83.. posts ante 25
Momee26 posts ante 25
Jeckel46 posts ante 25
mamierenee posts ante 25
Lunaja posts ante 25
MathisKcr posts ante 25
..Fredo83.. posts small blind 100
Momee26 posts big blind 200
Dealt to MathisKcr [Ad 3h]
*** PRE-FLOP *** 
Jeckel46 folds
mamierenee folds
Lunaja folds
MathisKcr raises 400 to 600
..Fredo83.. calls 500
Momee26 calls 400
*** FLOP *** [Jh 4h Qc]
..Fredo83.. checks
Momee26 checks
MathisKcr bets 800
..Fredo83.. calls 800
Momee26 folds
*** TURN *** [Jh 4h Qc][8c]
..Fredo83.. checks
MathisKcr checks
*** RIVER *** [Jh 4h Qc 8c][Qs]
..Fredo83.. checks
MathisKcr checks
*** SHOW DOWN ***
..Fredo83.. shows [Th Kc] (One pair : Queens)
MathisKcr shows [Ad 3h] (One pair : Queens)
MathisKcr collected 3550 from pot
*** SUMMARY ***
Total pot 3550 | No rake
Board: [Jh 4h Qc 8c Qs]
Seat 4: MathisKcr (button) showed [Ad 3h] and won 3550 with One pair : Queens
Seat 5: ..Fredo83.. (small blind) showed [Th Kc] and lost with One pair : Queens


Winamax Poker - Tournament "Kill The Fish" buyIn: 0.45€ + 0.05€ level: 1 - HandId: #4240053824133267462-23-1759927573 - Holdem no limit (25/100/200) - 2025/10/08 12:46:13 UTC
Table: 'Kill The Fish(987214461)#005' 6-max (real money) Seat #5 is the button
Seat 1: Jeckel46 (20675, 0.22€ bounty)
Seat 2: mamierenee (16600, 0.22€ bounty)
Seat 3: Lunaja (19512, 0.22€ bounty)
Seat 4: MathisKcr (46338, 0.33€ bounty)
Seat 5: ..Fredo83.. (18350, 0.22€ bounty)
Seat 6: Momee26 (20184, 0.22€ bounty)
*** ANTE/BLINDS ***
Momee26 posts ante 25
Jeckel46 posts ante 25
mamierenee posts ante 25
Lunaja posts ante 25
MathisKcr posts ante 25
..Fredo83.. posts ante 25
Momee26 posts small blind 100
Jeckel46 posts big blind 200
Dealt to MathisKcr [8d Th]
*** PRE-FLOP *** 
mamierenee folds
Lunaja raises 19287 to 19487 and is all-in
MathisKcr folds
..Fredo83.. folds
Momee26 folds
Jeckel46 folds
Lunaja collected 19937 from pot
*** SUMMARY ***
Total pot 19937 | No rake
Seat 3: Lunaja won 19937


Winamax Poker - Tournament "Kill The Fish" buyIn: 0.45€ + 0.05€ level: 1 - HandId: #4240053824133267462-24-1759927605 - Holdem no limit (25/100/200) - 2025/10/08 12:46:45 UTC
Table: 'Kill The Fish(987214461)#005' 6-max (real money) Seat #6 is the button
Seat 1: Jeckel46 (20450, 0.22€ bounty)
Seat 2: mamierenee (16575, 0.22€ bounty)
Seat 3: Lunaja (19937, 0.22€ bounty)
Seat 4: MathisKcr (46313, 0.33€ bounty)
Seat 5: ..Fredo83.. (18325, 0.22€ bounty)
Seat 6: Momee26 (20059, 0.22€ bounty)
*** ANTE/BLINDS ***
Jeckel46 posts ante 25
mamierenee posts ante 25
Lunaja posts ante 25
MathisKcr posts ante 25
..Fredo83.. posts ante 25
Momee26 posts ante 25
Jeckel46 posts small blind 100
mamierenee posts big blind 200
Dealt to MathisKcr [4d Ac]
*** PRE-FLOP *** 
Lunaja raises 19712 to 19912 and is all-in
MathisKcr calls 19912
..Fredo83.. folds
Momee26 folds
Jeckel46 folds
mamierenee folds
*** FLOP *** [8h 6h 9s]
*** TURN *** [8h 6h 9s][Js]
*** RIVER *** [8h 6h 9s Js][Kh]
*** SHOW DOWN ***
MathisKcr shows [4d Ac] (High card : Ace)
Lunaja shows [Kd Kc] (Trips of Kings)
Lunaja collected 40274 from pot
*** SUMMARY ***
Total pot 40274 | No rake
Board: [8h 6h 9s Js Kh]
Seat 3: Lunaja showed [Kd Kc] and won 40274 with Trips of Kings
Seat 4: MathisKcr showed [4d Ac] and lost with High card : Ace


Winamax Poker - Tournament "Kill The Fish" buyIn: 0.45€ + 0.05€ level: 1 - HandId: #4240053824133267462-25-1759927625 - Holdem no limit (25/100/200) - 2025/10/08 12:47:05 UTC
Table: 'Kill The Fish(987214461)#005' 6-max (real money) Seat #1 is the button
Seat 1: Jeckel46 (20325, 0.22€ bounty)
Seat 2: mamierenee (16350, 0.22€ bounty)
Seat 3: Lunaja (40274, 0.22€ bounty)
Seat 4: MathisKcr (26376, 0.33€ bounty)
Seat 5: ..Fredo83.. (18300, 0.22€ bounty)
Seat 6: Momee26 (20034, 0.22€ bounty)
*** ANTE/BLINDS ***
mamierenee posts ante 25
Lunaja posts ante 25
Jeckel46 posts ante 25
MathisKcr posts ante 25
..Fredo83.. posts ante 25
Momee26 posts ante 25
mamierenee posts small blind 100
Lunaja posts big blind 200
Dealt to MathisKcr [5d 6c]
*** PRE-FLOP *** 
MathisKcr folds
..Fredo83.. calls 200
Momee26 calls 200
Jeckel46 calls 200
mamierenee folds
Lunaja raises 400 to 600
..Fredo83.. calls 400
Momee26 calls 400
Jeckel46 calls 400
*** FLOP *** [9s 6h Ad]
Lunaja checks
..Fredo83.. checks
Momee26 checks
Jeckel46 checks
*** TURN *** [9s 6h Ad][5s]
Lunaja checks
..Fredo83.. checks
Momee26 checks
Jeckel46 checks
*** RIVER *** [9s 6h Ad 5s][4d]
Lunaja bets 1723
..Fredo83.. raises 1723 to 3446
Momee26 folds
Jeckel46 folds
Lunaja folds
..Fredo83.. collected 7819 from pot
*** SUMMARY ***
Total pot 7819 | No rake
Board: [9s 6h Ad 5s 4d]
Seat 5: ..Fredo83.. won 7819


Winamax Poker - Tournament "Kill The Fish" buyIn: 0.45€ + 0.05€ level: 1 - HandId: #4240053824133267462-26-1759927687 - Holdem no limit (25/100/200) - 2025/10/08 12:48:07 UTC
Table: 'Kill The Fish(987214461)#005' 6-max (real money) Seat #2 is the button
Seat 1: Jeckel46 (19700, 0.22€ bounty)
Seat 2: mamierenee (16225, 0.22€ bounty)
Seat 3: Lunaja (37926, 0.22€ bounty)
Seat 4: MathisKcr (26351, 0.33€ bounty)
Seat 5: ..Fredo83.. (22048, 0.22€ bounty)
Seat 6: Momee26 (19409, 0.22€ bounty)
*** ANTE/BLINDS ***
Lunaja posts ante 25
MathisKcr posts ante 25
Jeckel46 posts ante 25
mamierenee posts ante 25
..Fredo83.. posts ante 25
Momee26 posts ante 25
Lunaja posts small blind 100
MathisKcr posts big blind 200
Dealt to MathisKcr [Th 6s]
*** PRE-FLOP *** 
..Fredo83.. folds
Momee26 calls 200
Jeckel46 folds
mamierenee calls 200
Lunaja folds
MathisKcr checks
*** FLOP *** [8d 4h As]
MathisKcr bets 400
Momee26 folds
mamierenee folds
MathisKcr collected 1250 from pot
*** SUMMARY ***
Total pot 1250 | No rake
Board: [8d 4h As]
Seat 4: MathisKcr (big blind) won 1250


Winamax Poker - Tournament "Kill The Fish" buyIn: 0.45€ + 0.05€ level: 1 - HandId: #4240053824133267462-27-1759927728 - Holdem no limit (25/100/200) - 2025/10/08 12:48:48 UTC
Table: 'Kill The Fish(987214461)#005' 6-max (real money) Seat #3 is the button
Seat 1: Jeckel46 (19675, 0.22€ bounty)
Seat 2: mamierenee (16000, 0.22€ bounty)
Seat 3: Lunaja (37801, 0.22€ bounty)
Seat 4: MathisKcr (26976, 0.33€ bounty)
Seat 5: ..Fredo83.. (22023, 0.22€ bounty)
Seat 6: Momee26 (19184, 0.22€ bounty)
*** ANTE/BLINDS ***
MathisKcr posts ante 25
..Fredo83.. posts ante 25
Jeckel46 posts ante 25
mamierenee posts ante 25
Lunaja posts ante 25
Momee26 posts ante 25
MathisKcr posts small blind 100
..Fredo83.. posts big blind 200
Dealt to MathisKcr [2d 9d]
*** PRE-FLOP *** 
Momee26 folds
Jeckel46 folds
mamierenee folds
Lunaja folds
MathisKcr calls 100
..Fredo83.. checks
*** FLOP *** [Tc 5s 9s]
MathisKcr checks
..Fredo83.. checks
*** TURN *** [Tc 5s 9s][6h]
MathisKcr bets 600
..Fredo83.. folds
MathisKcr collected 1150 from pot
*** SUMMARY ***
Total pot 1150 | No rake
Board: [Tc 5s 9s 6h]
Seat 4: MathisKcr (small blind) won 1150


Winamax Poker - Tournament "Kill The Fish" buyIn: 0.45€ + 0.05€ level: 1 - HandId: #4240053824133267462-28-1759927749 - Holdem no limit (25/100/200) - 2025/10/08 12:49:09 UTC
Table: 'Kill The Fish(987214461)#005' 6-max (real money) Seat #4 is the button
Seat 1: Jeckel46 (19650, 0.22€ bounty)
Seat 2: mamierenee (15975, 0.22€ bounty)
Seat 3: Lunaja (37776, 0.22€ bounty)
Seat 4: MathisKcr (27301, 0.33€ bounty)
Seat 5: ..Fredo83.. (21798, 0.22€ bounty)
Seat 6: Momee26 (19159, 0.22€ bounty)
*** ANTE/BLINDS ***
..Fredo83.. posts ante 25
Momee26 posts ante 25
Jeckel46 posts ante 25
mamierenee posts ante 25
Lunaja posts ante 25
MathisKcr posts ante 25
..Fredo83.. posts small blind 100
Momee26 posts big blind 200
Dealt to MathisKcr [7h 8h]
*** PRE-FLOP *** 
Jeckel46 folds
mamierenee folds
Lunaja folds
MathisKcr calls 200
..Fredo83.. calls 100
Momee26 checks
*** FLOP *** [Kh 6d 7s]
..Fredo83.. checks
Momee26 checks
MathisKcr bets 400
..Fredo83.. raises 400 to 800
Momee26 folds
MathisKcr calls 400
*** TURN *** [Kh 6d 7s][5c]
..Fredo83.. bets 2350
MathisKcr calls 2350
*** RIVER *** [Kh 6d 7s 5c][8s]
..Fredo83.. bets 200
MathisKcr raises 3625 to 3825
..Fredo83.. calls 3625
*** SHOW DOWN ***
MathisKcr shows [7h 8h] (Two pairs : 8 and 7)
..Fredo83.. shows [6s 6c] (Trips of 6)
..Fredo83.. collected 14700 from pot
*** SUMMARY ***
Total pot 14700 | No rake
Board: [Kh 6d 7s 5c 8s]
Seat 4: MathisKcr (button) showed [7h 8h] and lost with Two pairs : 8 and 7
Seat 5: ..Fredo83.. (small blind) showed [6s 6c] and won 14700 with Trips of 6


Winamax Poker - Tournament "Kill The Fish" buyIn: 0.45€ + 0.05€ level: 1 - HandId: #4240053824133267462-29-1759927826 - Holdem no limit (25/100/200) - 2025/10/08 12:50:26 UTC
Table: 'Kill The Fish(987214461)#005' 6-max (real money) Seat #5 is the button
Seat 1: Jeckel46 (19625, 0.22€ bounty)
Seat 2: mamierenee (15950, 0.22€ bounty)
Seat 3: Lunaja (37751, 0.22€ bounty)
Seat 4: MathisKcr (20101, 0.33€ bounty)
Seat 5: ..Fredo83.. (29298, 0.22€ bounty)
Seat 6: Momee26 (18934, 0.22€ bounty)
*** ANTE/BLINDS ***
Momee26 posts ante 25
Jeckel46 posts ante 25
mamierenee posts ante 25
Lunaja posts ante 25
MathisKcr posts ante 25
..Fredo83.. posts ante 25
Momee26 posts small blind 100
Jeckel46 posts big blind 200
Dealt to MathisKcr [Td 3h]
*** PRE-FLOP *** 
mamierenee folds
Lunaja folds
MathisKcr folds
..Fredo83.. calls 200
Momee26 raises 18709 to 18909 and is all-in
Jeckel46 folds
..Fredo83.. folds
Momee26 collected 19459 from pot
*** SUMMARY ***
Total pot 19459 | No rake
Seat 6: Momee26 (small blind) won 19459


Winamax Poker - Tournament "Kill The Fish" buyIn: 0.45€ + 0.05€ level: 1 - HandId: #4240053824133267462-30-1759927858 - Holdem no limit (25/100/200) - 2025/10/08 12:50:58 UTC
Table: 'Kill The Fish(987214461)#005' 6-max (real money) Seat #6 is the button
Seat 1: Jeckel46 (19400, 0.22€ bounty)
Seat 2: mamierenee (15925, 0.22€ bounty)
Seat 3: Lunaja (37726, 0.22€ bounty)
Seat 4: MathisKcr (20076, 0.33€ bounty)
Seat 5: ..Fredo83.. (29073, 0.22€ bounty)
Seat 6: Momee26 (19459, 0.22€ bounty)
*** ANTE/BLINDS ***
Jeckel46 posts ante 25
mamierenee posts ante 25
Lunaja posts ante 25
MathisKcr posts ante 25
..Fredo83.. posts ante 25
Momee26 posts ante 25
Jeckel46 posts small blind 100
mamierenee posts big blind 200
Dealt to MathisKcr [Ts 9s]
*** PRE-FLOP *** 
Lunaja folds
MathisKcr calls 200
..Fredo83.. calls 200
Momee26 folds
Jeckel46 folds
mamierenee checks
*** FLOP *** [9c As Jh]
mamierenee checks
MathisKcr bets 400
..Fredo83.. folds
mamierenee folds
MathisKcr collected 1250 from pot
*** SUMMARY ***
Total pot 1250 | No rake
Board: [9c As Jh]
Seat 4: MathisKcr won 1250


Winamax Poker - Tournament "Kill The Fish" buyIn: 0.45€ + 0.05€ level: 1 - HandId: #4240053824133267462-31-1759927902 - Holdem no limit (25/100/200) - 2025/10/08 12:51:42 UTC
Table: 'Kill The Fish(987214461)#005' 6-max (real money) Seat #1 is the button
Seat 1: Jeckel46 (19275, 0.22€ bounty)
Seat 2: mamierenee (15700, 0.22€ bounty)
Seat 3: Lunaja (37701, 0.22€ bounty)
Seat 4: MathisKcr (20701, 0.33€ bounty)
Seat 5: ..Fredo83.. (28848, 0.22€ bounty)
Seat 6: Momee26 (19434, 0.22€ bounty)
*** ANTE/BLINDS ***
mamierenee posts ante 25
Lunaja posts ante 25
Jeckel46 posts ante 25
MathisKcr posts ante 25
..Fredo83.. posts ante 25
Momee26 posts ante 25
mamierenee posts small blind 100
Lunaja posts big blind 200
Dealt to MathisKcr [6c 6d]
*** PRE-FLOP *** 
MathisKcr raises 20476 to 20676 and is all-in
..Fredo83.. folds
Momee26 folds
Jeckel46 folds
mamierenee folds
Lunaja calls 20476
*** FLOP *** [Tc 8s 3d]
*** TURN *** [Tc 8s 3d][Th]
*** RIVER *** [Tc 8s 3d Th][6s]
*** SHOW DOWN ***
Lunaja shows [7c Kc] (One pair : Tens)
MathisKcr shows [6c 6d] (Full of 6 and Tens)
MathisKcr collected 41602 from pot
*** SUMMARY ***
Total pot 41602 | No rake
Board: [Tc 8s 3d Th 6s]
Seat 3: Lunaja (big blind) showed [7c Kc] and lost with One pair : Tens
Seat 4: MathisKcr showed [6c 6d] and won 41602 with Full of 6 and Tens


Winamax Poker - Tournament "Kill The Fish" buyIn: 0.45€ + 0.05€ level: 1 - HandId: #4240053824133267462-32-1759927932 - Holdem no limit (25/100/200) - 2025/10/08 12:52:12 UTC
Table: 'Kill The Fish(987214461)#005' 6-max (real money) Seat #2 is the button
Seat 1: Jeckel46 (19250, 0.22€ bounty)
Seat 2: mamierenee (15575, 0.22€ bounty)
Seat 3: Lunaja (17000, 0.22€ bounty)
Seat 4: MathisKcr (41602, 0.33€ bounty)
Seat 5: ..Fredo83.. (28823, 0.22€ bounty)
Seat 6: Momee26 (19409, 0.22€ bounty)
*** ANTE/BLINDS ***
Lunaja posts ante 25
MathisKcr posts ante 25
Jeckel46 posts ante 25
mamierenee posts ante 25
..Fredo83.. posts ante 25
Momee26 posts ante 25
Lunaja posts small blind 100
MathisKcr posts big blind 200
Dealt to MathisKcr [Qh Th]
*** PRE-FLOP *** 
..Fredo83.. calls 200
Momee26 calls 200
Jeckel46 folds
mamierenee calls 200
Lunaja folds
MathisKcr raises 200 to 400
..Fredo83.. calls 200
Momee26 calls 200
mamierenee calls 200
*** FLOP *** [Jc 6c 2h]
MathisKcr bets 600
..Fredo83.. folds
Momee26 folds
mamierenee folds
MathisKcr collected 2450 from pot
*** SUMMARY ***
Total pot 2450 | No rake
Board: [Jc 6c 2h]
Seat 4: MathisKcr (big blind) won 2450


Winamax Poker - Tournament "Kill The Fish" buyIn: 0.45€ + 0.05€ level: 1 - HandId: #4240053824133267462-33-1759927962 - Holdem no limit (25/100/200) - 2025/10/08 12:52:42 UTC
Table: 'Kill The Fish(987214461)#005' 6-max (real money) Seat #3 is the button
Seat 1: Jeckel46 (19225, 0.22€ bounty)
Seat 2: mamierenee (15150, 0.22€ bounty)
Seat 3: Lunaja (16875, 0.22€ bounty)
Seat 4: MathisKcr (43027, 0.33€ bounty)
Seat 5: ..Fredo83.. (28398, 0.22€ bounty)
Seat 6: Momee26 (18984, 0.22€ bounty)
*** ANTE/BLINDS ***
MathisKcr posts ante 25
..Fredo83.. posts ante 25
Jeckel46 posts ante 25
mamierenee posts ante 25
Lunaja posts ante 25
Momee26 posts ante 25
MathisKcr posts small blind 100
..Fredo83.. posts big blind 200
Dealt to MathisKcr [Td 7c]
*** PRE-FLOP *** 
Momee26 folds
Jeckel46 folds
mamierenee folds
Lunaja raises 16650 to 16850 and is all-in
MathisKcr folds
..Fredo83.. folds
Lunaja collected 17300 from pot
*** SUMMARY ***
Total pot 17300 | No rake
Seat 3: Lunaja (button) won 17300


Winamax Poker - Tournament "Kill The Fish" buyIn: 0.45€ + 0.05€ level: 1 - HandId: #4240053824133267462-34-1759927981 - Holdem no limit (25/100/200) - 2025/10/08 12:53:01 UTC
Table: 'Kill The Fish(987214461)#005' 6-max (real money) Seat #4 is the button
Seat 2: mamierenee (15125, 0.22€ bounty)
Seat 3: Lunaja (17300, 0.22€ bounty)
Seat 4: MathisKcr (42902, 0.33€ bounty)
Seat 5: ..Fredo83.. (28173, 0.22€ bounty)
Seat 6: Momee26 (18959, 0.22€ bounty)
*** ANTE/BLINDS ***
..Fredo83.. posts ante 25
Momee26 posts ante 25
mamierenee posts ante 25
Lunaja posts ante 25
MathisKcr posts ante 25
..Fredo83.. posts small blind 100
Momee26 posts big blind 200
Dealt to MathisKcr [4c 8h]
*** PRE-FLOP *** 
mamierenee folds
Lunaja raises 17075 to 17275 and is all-in
MathisKcr folds
..Fredo83.. folds
Momee26 folds
Lunaja collected 17700 from pot
*** SUMMARY ***
Total pot 17700 | No rake
Seat 3: Lunaja won 17700


Winamax Poker - Tournament "Kill The Fish" buyIn: 0.45€ + 0.05€ level: 1 - HandId: #4240053824133267462-35-1759927991 - Holdem no limit (25/100/200) - 2025/10/08 12:53:11 UTC
Table: 'Kill The Fish(987214461)#005' 6-max (real money) Seat #5 is the button
Seat 2: mamierenee (15100, 0.22€ bounty)
Seat 3: Lunaja (17700, 0.22€ bounty)
Seat 4: MathisKcr (42877, 0.33€ bounty)
Seat 5: ..Fredo83.. (28048, 0.22€ bounty)
Seat 6: Momee26 (18734, 0.22€ bounty)
*** ANTE/BLINDS ***
Momee26 posts ante 25
mamierenee posts ante 25
Lunaja posts ante 25
MathisKcr posts ante 25
..Fredo83.. posts ante 25
Momee26 posts small blind 100
mamierenee posts big blind 200
Dealt to MathisKcr [7c 9c]
*** PRE-FLOP *** 
Lunaja folds
MathisKcr calls 200
..Fredo83.. calls 200
Momee26 calls 100
mamierenee checks
*** FLOP *** [Kd 2d 3s]
Momee26 checks
mamierenee bets 925
MathisKcr folds
..Fredo83.. calls 925
Momee26 folds
*** TURN *** [Kd 2d 3s][Ks]
mamierenee bets 200
..Fredo83.. calls 200
*** RIVER *** [Kd 2d 3s Ks][7d]
mamierenee checks
..Fredo83.. checks
*** SHOW DOWN ***
..Fredo83.. shows [2h Jh] (Two pairs : Kings and 2)
mamierenee shows [Ac Ah] (Two pairs : Aces and Kings)
mamierenee collected 3175 from pot
*** SUMMARY ***
Total pot 3175 | No rake
Board: [Kd 2d 3s Ks 7d]
Seat 2: mamierenee (big blind) showed [Ac Ah] and won 3175 with Two pairs : Aces and Kings
Seat 5: ..Fredo83.. (button) showed [2h Jh] and lost with Two pairs : Kings and 2


Winamax Poker - Tournament "Kill The Fish" buyIn: 0.45€ + 0.05€ level: 1 - HandId: #4240053824133267462-36-1759928037 - Holdem no limit (25/100/200) - 2025/10/08 12:53:57 UTC
Table: 'Kill The Fish(987214461)#005' 6-max (real money) Seat #6 is the button
Seat 1: wmx-q1 (20000, 0.22€ bounty)
Seat 2: mamierenee (16925, 0.22€ bounty)
Seat 3: Lunaja (17675, 0.22€ bounty)
Seat 4: MathisKcr (42652, 0.33€ bounty)
Seat 5: ..Fredo83.. (26698, 0.22€ bounty)
Seat 6: Momee26 (18509, 0.22€ bounty)
*** ANTE/BLINDS ***
mamierenee posts ante 25
Lunaja posts ante 25
MathisKcr posts ante 25
..Fredo83.. posts ante 25
Momee26 posts ante 25
mamierenee posts small blind 100
Lunaja posts big blind 200
Dealt to MathisKcr [7c 4s]
*** PRE-FLOP *** 
MathisKcr folds
..Fredo83.. calls 200
Momee26 calls 200
mamierenee raises 200 to 400
Lunaja raises 17250 to 17650 and is all-in
..Fredo83.. calls 17450
Momee26 folds
mamierenee calls 16500 and is all-in
*** FLOP *** [9d 4c 7h]
*** TURN *** [9d 4c 7h][Jc]
*** RIVER *** [9d 4c 7h Jc][5d]
*** SHOW DOWN ***
Lunaja shows [2d As] (High card : Ace)
mamierenee shows [Jd Js] (Trips of Jacks)
..Fredo83.. shows [Ts Th] (One pair : Tens)
..Fredo83.. collected 1500 from side pot 1
mamierenee collected 51025 from main pot
*** SUMMARY ***
Total pot 52525 | No rake
Board: [9d 4c 7h Jc 5d]
Seat 2: mamierenee (small blind) showed [Jd Js] and won 51025 with Trips of Jacks
Seat 3: Lunaja (big blind) showed [2d As] and lost with High card : Ace
Seat 5: ..Fredo83.. showed [Ts Th] and won 1500 with One pair : Tens


Winamax Poker - Tournament "Kill The Fish" buyIn: 0.45€ + 0.05€ level: 1 - HandId: #4240053824133267462-37-1759928063 - Holdem no limit (25/100/200) - 2025/10/08 12:54:23 UTC
Table: 'Kill The Fish(987214461)#005' 6-max (real money) Seat #2 is the button
Seat 1: wmx-q1 (20000, 0.22€ bounty)
Seat 2: mamierenee (51025, 0.22€ bounty)
Seat 4: MathisKcr (42627, 0.33€ bounty)
Seat 5: ..Fredo83.. (10523, 0.33€ bounty)
Seat 6: Momee26 (18284, 0.22€ bounty)
*** ANTE/BLINDS ***
MathisKcr posts ante 25
wmx-q1 posts ante 25
mamierenee posts ante 25
..Fredo83.. posts ante 25
Momee26 posts ante 25
MathisKcr posts big blind 200
Dealt to MathisKcr [8h 7s]
*** PRE-FLOP *** 
..Fredo83.. folds
Momee26 folds
wmx-q1 folds
mamierenee folds
MathisKcr collected 325 from pot
*** SUMMARY ***
Total pot 325 | No rake
Seat 4: MathisKcr (big blind) won 325


Winamax Poker - Tournament "Kill The Fish" buyIn: 0.45€ + 0.05€ level: 1 - HandId: #4240053824133267462-38-1759928079 - Holdem no limit (25/100/200) - 2025/10/08 12:54:39 UTC
Table: 'Kill The Fish(987214461)#005' 6-max (real money) Seat #3 is the button
Seat 1: wmx-q1 (19975, 0.22€ bounty)
Seat 2: mamierenee (51000, 0.22€ bounty)
Seat 4: MathisKcr (42727, 0.33€ bounty)
Seat 5: ..Fredo83.. (10498, 0.33€ bounty)
Seat 6: Momee26 (18259, 0.22€ bounty)
*** ANTE/BLINDS ***
MathisKcr posts ante 25
..Fredo83.. posts ante 25
wmx-q1 posts ante 25
mamierenee posts ante 25
Momee26 posts ante 25
MathisKcr posts small blind 100
..Fredo83.. posts big blind 200
Dealt to MathisKcr [2c Kd]
*** PRE-FLOP *** 
Momee26 calls 200
wmx-q1 calls 200
mamierenee folds
MathisKcr calls 100
..Fredo83.. checks
*** FLOP *** [8h 7c 5d]
MathisKcr checks
..Fredo83.. checks
Momee26 checks
wmx-q1 bets 463
MathisKcr folds
..Fredo83.. calls 463
Momee26 folds
*** TURN *** [8h 7c 5d][3c]
..Fredo83.. checks
wmx-q1 bets 1026
..Fredo83.. calls 1026
*** RIVER *** [8h 7c 5d 3c][Qc]
..Fredo83.. checks
wmx-q1 checks
*** SHOW DOWN ***
wmx-q1 shows [Ah 7h] (One pair : 7)
..Fredo83.. shows [Ks 8c] (One pair : 8)
..Fredo83.. collected 3903 from pot
*** SUMMARY ***
Total pot 3903 | No rake
Board: [8h 7c 5d 3c Qc]
Seat 1: wmx-q1 showed [Ah 7h] and lost with One pair : 7
Seat 5: ..Fredo83.. (big blind) showed [Ks 8c] and won 3903 with One pair : 8


Winamax Poker - Tournament "Kill The Fish" buyIn: 0.45€ + 0.05€ level: 2 - HandId: #4240053824133267462-39-1759928460 - Holdem no limit (30/125/250) - 2025/10/08 13:01:00 UTC
Table: 'Kill The Fish(987214461)#005' 6-max (real money) Seat #4 is the button
Seat 1: wmx-q1 (18261, 0.22€ bounty)
Seat 2: mamierenee (50975, 0.22€ bounty)
Seat 3: SM-Joker20 (20000, 0.22€ bounty)
Seat 4: MathisKcr (42502, 0.33€ bounty)
Seat 5: ..Fredo83.. (12687, 0.33€ bounty)
Seat 6: Momee26 (18034, 0.22€ bounty)
*** ANTE/BLINDS ***
..Fredo83.. posts ante 30
Momee26 posts ante 30
wmx-q1 posts ante 30
mamierenee posts ante 30
SM-Joker20 posts ante 30
MathisKcr posts ante 30
..Fredo83.. posts small blind 125
Momee26 posts big blind 250
Dealt to MathisKcr [Qc 5d]
*** PRE-FLOP *** 
wmx-q1 folds
mamierenee folds
SM-Joker20 folds
MathisKcr calls 250
..Fredo83.. folds
Momee26 checks
*** FLOP *** [Tc 5s 4s]
Momee26 bets 17754 and is all-in
MathisKcr folds
Momee26 collected 18559 from pot
*** SUMMARY ***
Total pot 18559 | No rake
Board: [Tc 5s 4s]
Seat 6: Momee26 (big blind) won 18559


Winamax Poker - Tournament "Kill The Fish" buyIn: 0.45€ + 0.05€ level: 2 - HandId: #4240053824133267462-40-1759928509 - Holdem no limit (30/125/250) - 2025/10/08 13:01:49 UTC
Table: 'Kill The Fish(987214461)#005' 6-max (real money) Seat #5 is the button
Seat 1: wmx-q1 (18231, 0.22€ bounty)
Seat 2: mamierenee (50945, 0.22€ bounty)
Seat 3: SM-Joker20 (19970, 0.22€ bounty)
Seat 4: MathisKcr (42222, 0.33€ bounty)
Seat 5: ..Fredo83.. (12532, 0.33€ bounty)
Seat 6: Momee26 (18559, 0.22€ bounty)
*** ANTE/BLINDS ***
Momee26 posts ante 30
wmx-q1 posts ante 30
mamierenee posts ante 30
SM-Joker20 posts ante 30
MathisKcr posts ante 30
..Fredo83.. posts ante 30
Momee26 posts small blind 125
wmx-q1 posts big blind 250
Dealt to MathisKcr [7c Qd]
*** PRE-FLOP *** 
mamierenee raises 250 to 500
SM-Joker20 calls 500
MathisKcr calls 500
..Fredo83.. folds
Momee26 folds
wmx-q1 folds
*** FLOP *** [4c 5d 8c]
mamierenee bets 250
SM-Joker20 calls 250
MathisKcr calls 250
*** TURN *** [4c 5d 8c][Jc]
mamierenee bets 250
SM-Joker20 folds
MathisKcr calls 250
*** RIVER *** [4c 5d 8c Jc][3h]
mamierenee bets 250
MathisKcr calls 250
*** SHOW DOWN ***
MathisKcr shows [7c Qd] (High card : Queen)
mamierenee shows [Kh Ks] (One pair : Kings)
mamierenee collected 3805 from pot
*** SUMMARY ***
Total pot 3805 | No rake
Board: [4c 5d 8c Jc 3h]
Seat 2: mamierenee showed [Kh Ks] and won 3805 with One pair : Kings
Seat 4: MathisKcr showed [7c Qd] and lost with High card : Queen


Winamax Poker - Tournament "Kill The Fish" buyIn: 0.45€ + 0.05€ level: 2 - HandId: #4240053824133267462-41-1759928589 - Holdem no limit (30/125/250) - 2025/10/08 13:03:09 UTC
Table: 'Kill The Fish(987214461)#005' 6-max (real money) Seat #6 is the button
Seat 1: wmx-q1 (17951, 0.22€ bounty)
Seat 2: mamierenee (53470, 0.22€ bounty)
Seat 3: SM-Joker20 (19190, 0.22€ bounty)
Seat 4: MathisKcr (40942, 0.33€ bounty)
Seat 5: ..Fredo83.. (12502, 0.33€ bounty)
Seat 6: Momee26 (18404, 0.22€ bounty)
*** ANTE/BLINDS ***
wmx-q1 posts ante 30
mamierenee posts ante 30
SM-Joker20 posts ante 30
MathisKcr posts ante 30
..Fredo83.. posts ante 30
Momee26 posts ante 30
wmx-q1 posts small blind 125
mamierenee posts big blind 250
Dealt to MathisKcr [Qd 7d]
*** PRE-FLOP *** 
SM-Joker20 calls 250
MathisKcr calls 250
..Fredo83.. folds
Momee26 raises 18124 to 18374 and is all-in
wmx-q1 folds
mamierenee calls 18124
SM-Joker20 folds
MathisKcr folds
*** FLOP *** [7s Kh 3h]
*** TURN *** [7s Kh 3h][Ah]
*** RIVER *** [7s Kh 3h Ah][Ks]
*** SHOW DOWN ***
mamierenee shows [Qs Ad] (Two pairs : Aces and Kings)
Momee26 shows [Ac Kc] (Full of Kings and Aces)
Momee26 collected 37553 from pot
*** SUMMARY ***
Total pot 37553 | No rake
Board: [7s Kh 3h Ah Ks]
Seat 2: mamierenee (big blind) showed [Qs Ad] and lost with Two pairs : Aces and Kings
Seat 6: Momee26 (button) showed [Ac Kc] and won 37553 with Full of Kings and Aces


Winamax Poker - Tournament "Kill The Fish" buyIn: 0.45€ + 0.05€ level: 2 - HandId: #4240053824133267462-42-1759928618 - Holdem no limit (30/125/250) - 2025/10/08 13:03:38 UTC
Table: 'Kill The Fish(987214461)#005' 6-max (real money) Seat #1 is the button
Seat 1: wmx-q1 (17796, 0.22€ bounty)
Seat 2: mamierenee (35066, 0.22€ bounty)
Seat 3: SM-Joker20 (18910, 0.22€ bounty)
Seat 4: MathisKcr (40662, 0.33€ bounty)
Seat 5: ..Fredo83.. (12472, 0.33€ bounty)
Seat 6: Momee26 (37553, 0.22€ bounty)
*** ANTE/BLINDS ***
mamierenee posts ante 30
SM-Joker20 posts ante 30
wmx-q1 posts ante 30
MathisKcr posts ante 30
..Fredo83.. posts ante 30
Momee26 posts ante 30
mamierenee posts small blind 125
SM-Joker20 posts big blind 250
Dealt to MathisKcr [8h 2s]
*** PRE-FLOP *** 
MathisKcr folds
..Fredo83.. folds
Momee26 folds
wmx-q1 folds
mamierenee folds
SM-Joker20 collected 555 from pot
*** SUMMARY ***
Total pot 555 | No rake
Seat 3: SM-Joker20 (big blind) won 555


Winamax Poker - Tournament "Kill The Fish" buyIn: 0.45€ + 0.05€ level: 2 - HandId: #4240053824133267462-43-1759928632 - Holdem no limit (30/125/250) - 2025/10/08 13:03:52 UTC
Table: 'Kill The Fish(987214461)#005' 6-max (real money) Seat #2 is the button
Seat 1: wmx-q1 (17766, 0.22€ bounty)
Seat 2: mamierenee (34911, 0.22€ bounty)
Seat 3: SM-Joker20 (19185, 0.22€ bounty)
Seat 4: MathisKcr (40632, 0.33€ bounty)
Seat 5: ..Fredo83.. (12442, 0.33€ bounty)
Seat 6: Momee26 (37523, 0.22€ bounty)
*** ANTE/BLINDS ***
SM-Joker20 posts ante 30
MathisKcr posts ante 30
wmx-q1 posts ante 30
mamierenee posts ante 30
..Fredo83.. posts ante 30
Momee26 posts ante 30
SM-Joker20 posts small blind 125
MathisKcr posts big blind 250
Dealt to MathisKcr [Th Qc]
*** PRE-FLOP *** 
..Fredo83.. calls 250
Momee26 calls 250
wmx-q1 calls 250
mamierenee folds
SM-Joker20 calls 125
MathisKcr raises 250 to 500
..Fredo83.. calls 250
Momee26 calls 250
wmx-q1 raises 17236 to 17736 and is all-in
SM-Joker20 calls 17486
MathisKcr raises 22866 to 40602 and is all-in
..Fredo83.. calls 11912 and is all-in
Momee26 folds
SM-Joker20 calls 1419 and is all-in
*** FLOP *** [Ts Td 4c]
*** TURN *** [Ts Td 4c][5d]
*** RIVER *** [Ts Td 4c 5d][6d]
*** SHOW DOWN ***
wmx-q1 shows [Ad Qs] (One pair : Tens)
SM-Joker20 shows [8s 8d] (Two pairs : Tens and 8)
..Fredo83.. shows [6s 4s] (Two pairs : Tens and 6)
MathisKcr shows [Th Qc] (Trips of Tens)
MathisKcr collected 90585 from pot
*** SUMMARY ***
Total pot 90585 | No rake
Board: [Ts Td 4c 5d 6d]
Seat 1: wmx-q1 showed [Ad Qs] and lost with One pair : Tens
Seat 3: SM-Joker20 (small blind) showed [8s 8d] and lost with Two pairs : Tens and 8
Seat 4: MathisKcr (big blind) showed [Th Qc] and won 90585 with Trips of Tens
Seat 5: ..Fredo83.. showed [6s 4s] and lost with Two pairs : Tens and 6


Winamax Poker - Tournament "Kill The Fish" buyIn: 0.45€ + 0.05€ level: 2 - HandId: #4240053824133267462-44-1759928703 - Holdem no limit (30/125/250) - 2025/10/08 13:05:03 UTC
Table: 'Kill The Fish(987214461)#005' 6-max (real money) Seat #3 is the button
Seat 2: mamierenee (34881, 0.22€ bounty)
Seat 4: MathisKcr (90585, 0.71€ bounty)
Seat 6: Momee26 (36993, 0.22€ bounty)
*** ANTE/BLINDS ***
MathisKcr posts ante 30
Momee26 posts ante 30
mamierenee posts ante 30
MathisKcr posts small blind 125
Momee26 posts big blind 250
Dealt to MathisKcr [8s Ac]
*** PRE-FLOP *** 
mamierenee folds
MathisKcr raises 250 to 500
Momee26 calls 250
*** FLOP *** [2c Jc 6d]
MathisKcr bets 500
Momee26 folds
MathisKcr collected 1590 from pot
*** SUMMARY ***
Total pot 1590 | No rake
Board: [2c Jc 6d]
Seat 4: MathisKcr (small blind) won 1590


Winamax Poker - Tournament "Kill The Fish" buyIn: 0.45€ + 0.05€ level: 2 - HandId: #4240053824133267462-45-1759928734 - Holdem no limit (30/125/250) - 2025/10/08 13:05:34 UTC
Table: 'Kill The Fish(987214461)#005' 6-max (real money) Seat #4 is the button
Seat 2: mamierenee (34851, 0.22€ bounty)
Seat 3: Scorber (32501, 0.33€ bounty)
Seat 4: MathisKcr (91145, 0.71€ bounty)
Seat 5: vincent.w (25760, 0.38€ bounty)
Seat 6: Momee26 (36463, 0.22€ bounty)
*** ANTE/BLINDS ***
Momee26 posts ante 30
mamierenee posts ante 30
Scorber posts ante 30
MathisKcr posts ante 30
Momee26 posts small blind 125
mamierenee posts big blind 250
Dealt to MathisKcr [4c Th]
*** PRE-FLOP *** 
Scorber folds
MathisKcr folds
Momee26 calls 125
mamierenee checks
*** FLOP *** [2c 9s 8d]
Momee26 checks
mamierenee checks
*** TURN *** [2c 9s 8d][As]
Momee26 checks
mamierenee checks
*** RIVER *** [2c 9s 8d As][6c]
Momee26 checks
mamierenee checks
*** SHOW DOWN ***
Momee26 shows [Jc Ks] (High card : Ace)
mamierenee shows [Kh 9h] (One pair : 9)
mamierenee collected 620 from pot
*** SUMMARY ***
Total pot 620 | No rake
Board: [2c 9s 8d As 6c]
Seat 2: mamierenee (big blind) showed [Kh 9h] and won 620 with One pair : 9
Seat 6: Momee26 (small blind) showed [Jc Ks] and lost with High card : Ace


Winamax Poker - Tournament "Kill The Fish" buyIn: 0.45€ + 0.05€ level: 3 - HandId: #4240053824133267462-46-1759928763 - Holdem no limit (35/150/300) - 2025/10/08 13:06:03 UTC
Table: 'Kill The Fish(987214461)#005' 6-max (real money) Seat #6 is the button
Seat 1: Gosmon (20000, 0.22€ bounty)
Seat 2: mamierenee (35191, 0.22€ bounty)
Seat 3: Scorber (32471, 0.33€ bounty)
Seat 4: MathisKcr (91115, 0.71€ bounty)
Seat 5: vincent.w (25760, 0.38€ bounty)
Seat 6: Momee26 (36183, 0.22€ bounty)
*** ANTE/BLINDS ***
mamierenee posts ante 35
Scorber posts ante 35
MathisKcr posts ante 35
vincent.w posts ante 35
Momee26 posts ante 35
mamierenee posts small blind 150
Scorber posts big blind 300
Dealt to MathisKcr [2c 6h]
*** PRE-FLOP *** 
MathisKcr folds
vincent.w calls 300
Momee26 folds
mamierenee folds
Scorber checks
*** FLOP *** [9d Th 8d]
Scorber bets 463
vincent.w raises 463 to 926
Scorber raises 31210 to 32136 and is all-in
vincent.w calls 24499 and is all-in
*** TURN *** [9d Th 8d][5h]
*** RIVER *** [9d Th 8d 5h][9s]
*** SHOW DOWN ***
Scorber shows [7h 6c] (Straight Ten high)
vincent.w shows [Js Qd] (Straight Queen high)
vincent.w collected 51775 from main pot
Scorber collected 6711 from side pot 1
*** SUMMARY ***
Total pot 58486 | No rake
Board: [9d Th 8d 5h 9s]
Seat 3: Scorber (big blind) showed [7h 6c] and won 6711 with Straight Ten high
Seat 5: vincent.w showed [Js Qd] and won 51775 with Straight Queen high


Winamax Poker - Tournament "Kill The Fish" buyIn: 0.45€ + 0.05€ level: 3 - HandId: #4240053824133267477-1-1759928807 - Holdem no limit (35/150/300) - 2025/10/08 13:06:47 UTC
Table: 'Kill The Fish(987214461)#020' 6-max (real money) Seat #3 is the button
Seat 1: MathisKcr (91080, 0.71€ bounty)
Seat 3: Yak-36264464 (20000, 0.22€ bounty)
Seat 6: anaise100667 (19760, 0.22€ bounty)
*** ANTE/BLINDS ***
anaise100667 posts ante 35
MathisKcr posts ante 35
Yak-36264464 posts ante 35
anaise100667 posts small blind 150
MathisKcr posts big blind 300
Dealt to MathisKcr [Jc 7h]
*** PRE-FLOP *** 
Yak-36264464 calls 300
anaise100667 folds
MathisKcr checks
*** FLOP *** [Ks Ts 5h]
MathisKcr bets 600
Yak-36264464 calls 600
*** TURN *** [Ks Ts 5h][4s]
MathisKcr checks
Yak-36264464 checks
*** RIVER *** [Ks Ts 5h 4s][3d]
MathisKcr checks
Yak-36264464 checks
*** SHOW DOWN ***
MathisKcr shows [Jc 7h] (High card : King)
Yak-36264464 shows [9c Ad] (High card : Ace)
Yak-36264464 collected 2055 from pot
*** SUMMARY ***
Total pot 2055 | No rake
Board: [Ks Ts 5h 4s 3d]
Seat 1: MathisKcr (big blind) showed [Jc 7h] and lost with High card : King
Seat 3: Yak-36264464 (button) showed [9c Ad] and won 2055 with High card : Ace


Winamax Poker - Tournament "Kill The Fish" buyIn: 0.45€ + 0.05€ level: 3 - HandId: #4240053824133267477-2-1759928829 - Holdem no limit (35/150/300) - 2025/10/08 13:07:09 UTC
Table: 'Kill The Fish(987214461)#020' 6-max (real money) Seat #6 is the button
Seat 1: MathisKcr (90145, 0.71€ bounty)
Seat 3: Yak-36264464 (21120, 0.22€ bounty)
Seat 4: ICETEAM157 (39538, 0.33€ bounty)
Seat 5: Titine543 (19940, 0.22€ bounty)
Seat 6: anaise100667 (19575, 0.22€ bounty)
*** ANTE/BLINDS ***
MathisKcr posts ante 35
Yak-36264464 posts ante 35
ICETEAM157 posts ante 35
Titine543 posts ante 35
anaise100667 posts ante 35
MathisKcr posts small blind 150
Yak-36264464 posts big blind 300
Dealt to MathisKcr [5d 5s]
*** PRE-FLOP *** 
ICETEAM157 folds
Titine543 raises 925 to 1225
anaise100667 folds
MathisKcr raises 88885 to 90110 and is all-in
Yak-36264464 folds
Titine543 calls 18680 and is all-in
*** FLOP *** [8h As 6c]
*** TURN *** [8h As 6c][5c]
*** RIVER *** [8h As 6c 5c][Jh]
*** SHOW DOWN ***
Titine543 shows [7d 7s] (One pair : 7)
MathisKcr shows [5d 5s] (Trips of 5)
MathisKcr collected 110490 from pot
*** SUMMARY ***
Total pot 110490 | No rake
Board: [8h As 6c 5c Jh]
Seat 1: MathisKcr (small blind) showed [5d 5s] and won 110490 with Trips of 5
Seat 5: Titine543 showed [7d 7s] and lost with One pair : 7


Winamax Poker - Tournament "Kill The Fish" buyIn: 0.45€ + 0.05€ level: 3 - HandId: #4240053824133267477-3-1759928898 - Holdem no limit (35/150/300) - 2025/10/08 13:08:18 UTC
Table: 'Kill The Fish(987214461)#020' 6-max (real money) Seat #1 is the button
Seat 1: MathisKcr (110490, 0.82€ bounty)
Seat 3: Yak-36264464 (20785, 0.22€ bounty)
Seat 4: ICETEAM157 (39503, 0.33€ bounty)
Seat 6: anaise100667 (19540, 0.22€ bounty)
*** ANTE/BLINDS ***
Yak-36264464 posts ante 35
ICETEAM157 posts ante 35
MathisKcr posts ante 35
anaise100667 posts ante 35
Yak-36264464 posts small blind 150
ICETEAM157 posts big blind 300
Dealt to MathisKcr [9h 8s]
*** PRE-FLOP *** 
anaise100667 folds
MathisKcr calls 300
Yak-36264464 calls 150
ICETEAM157 checks
*** FLOP *** [4c Tc 2h]
Yak-36264464 checks
ICETEAM157 checks
MathisKcr bets 600
Yak-36264464 folds
ICETEAM157 folds
MathisKcr collected 1640 from pot
*** SUMMARY ***
Total pot 1640 | No rake
Board: [4c Tc 2h]
Seat 1: MathisKcr (button) won 1640


Winamax Poker - Tournament "Kill The Fish" buyIn: 0.45€ + 0.05€ level: 3 - HandId: #4240053824133267477-4-1759928924 - Holdem no limit (35/150/300) - 2025/10/08 13:08:44 UTC
Table: 'Kill The Fish(987214461)#020' 6-max (real money) Seat #3 is the button
Seat 1: MathisKcr (111195, 0.82€ bounty)
Seat 2: -JAMBE_NOIRE (13287, 0.22€ bounty)
Seat 3: Yak-36264464 (20450, 0.22€ bounty)
Seat 4: ICETEAM157 (39168, 0.33€ bounty)
Seat 6: anaise100667 (19505, 0.22€ bounty)
*** ANTE/BLINDS ***
ICETEAM157 posts ante 35
anaise100667 posts ante 35
MathisKcr posts ante 35
-JAMBE_NOIRE posts ante 35
Yak-36264464 posts ante 35
ICETEAM157 posts small blind 150
anaise100667 posts big blind 300
Dealt to MathisKcr [9s 8s]
*** PRE-FLOP *** 
MathisKcr calls 300
-JAMBE_NOIRE folds
Yak-36264464 folds
ICETEAM157 folds
anaise100667 raises 18570 to 18870
MathisKcr folds
anaise100667 collected 19495 from pot
*** SUMMARY ***
Total pot 19495 | No rake
Seat 6: anaise100667 (big blind) won 19495


Winamax Poker - Tournament "Kill The Fish" buyIn: 0.45€ + 0.05€ level: 3 - HandId: #4240053824133267477-5-1759928966 - Holdem no limit (35/150/300) - 2025/10/08 13:09:26 UTC
Table: 'Kill The Fish(987214461)#020' 6-max (real money) Seat #4 is the button
Seat 1: MathisKcr (110860, 0.82€ bounty)
Seat 2: -JAMBE_NOIRE (13252, 0.22€ bounty)
Seat 3: Yak-36264464 (20415, 0.22€ bounty)
Seat 4: ICETEAM157 (38983, 0.33€ bounty)
Seat 6: anaise100667 (20095, 0.22€ bounty)
*** ANTE/BLINDS ***
anaise100667 posts ante 35
MathisKcr posts ante 35
-JAMBE_NOIRE posts ante 35
Yak-36264464 posts ante 35
ICETEAM157 posts ante 35
anaise100667 posts small blind 150
MathisKcr posts big blind 300
Dealt to MathisKcr [Jc 4s]
*** PRE-FLOP *** 
-JAMBE_NOIRE folds
Yak-36264464 calls 300
ICETEAM157 calls 300
anaise100667 calls 150
MathisKcr checks
*** FLOP *** [8c 8h 5c]
anaise100667 checks
MathisKcr bets 600
Yak-36264464 folds
ICETEAM157 calls 600
anaise100667 folds
*** TURN *** [8c 8h 5c][7d]
MathisKcr checks
ICETEAM157 checks
*** RIVER *** [8c 8h 5c 7d][3s]
MathisKcr bets 900
ICETEAM157 calls 900
*** SHOW DOWN ***
MathisKcr shows [Jc 4s] (One pair : 8)
ICETEAM157 shows [5h 4c] (Two pairs : 8 and 5)
ICETEAM157 collected 4375 from pot
*** SUMMARY ***
Total pot 4375 | No rake
Board: [8c 8h 5c 7d 3s]
Seat 1: MathisKcr (big blind) showed [Jc 4s] and lost with One pair : 8
Seat 4: ICETEAM157 (button) showed [5h 4c] and won 4375 with Two pairs : 8 and 5


Winamax Poker - Tournament "Kill The Fish" buyIn: 0.45€ + 0.05€ level: 3 - HandId: #4240053824133267477-6-1759929035 - Holdem no limit (35/150/300) - 2025/10/08 13:10:35 UTC
Table: 'Kill The Fish(987214461)#020' 6-max (real money) Seat #6 is the button
Seat 1: MathisKcr (109025, 0.82€ bounty)
Seat 2: -JAMBE_NOIRE (13217, 0.22€ bounty)
Seat 3: Yak-36264464 (20080, 0.22€ bounty)
Seat 4: ICETEAM157 (41523, 0.33€ bounty)
Seat 5: alez74 (20000, 0.22€ bounty)
Seat 6: anaise100667 (19760, 0.22€ bounty)
*** ANTE/BLINDS ***
MathisKcr posts ante 35
-JAMBE_NOIRE posts ante 35
Yak-36264464 posts ante 35
ICETEAM157 posts ante 35
alez74 posts ante 35
anaise100667 posts ante 35
MathisKcr posts small blind 150
-JAMBE_NOIRE posts big blind 300
Dealt to MathisKcr [6c 5c]
*** PRE-FLOP *** 
Yak-36264464 raises 300 to 600
ICETEAM157 folds
alez74 raises 300 to 900
anaise100667 folds
MathisKcr folds
-JAMBE_NOIRE calls 600
Yak-36264464 calls 300
*** FLOP *** [6h 4c 2h]
-JAMBE_NOIRE checks
Yak-36264464 checks
alez74 checks
*** TURN *** [6h 4c 2h][Kd]
-JAMBE_NOIRE checks
Yak-36264464 checks
alez74 bets 1530
-JAMBE_NOIRE folds
Yak-36264464 folds
alez74 collected 4590 from pot
*** SUMMARY ***
Total pot 4590 | No rake
Board: [6h 4c 2h Kd]
Seat 5: alez74 won 4590


Winamax Poker - Tournament "Kill The Fish" buyIn: 0.45€ + 0.05€ level: 4 - HandId: #4240053824133267477-7-1759929123 - Holdem no limit (40/175/350) - 2025/10/08 13:12:03 UTC
Table: 'Kill The Fish(987214461)#020' 6-max (real money) Seat #1 is the button
Seat 1: MathisKcr (108840, 0.82€ bounty)
Seat 2: -JAMBE_NOIRE (12282, 0.22€ bounty)
Seat 3: Yak-36264464 (19145, 0.22€ bounty)
Seat 4: ICETEAM157 (41488, 0.33€ bounty)
Seat 5: alez74 (22125, 0.22€ bounty)
Seat 6: anaise100667 (19725, 0.22€ bounty)
*** ANTE/BLINDS ***
-JAMBE_NOIRE posts ante 40
Yak-36264464 posts ante 40
MathisKcr posts ante 40
ICETEAM157 posts ante 40
alez74 posts ante 40
anaise100667 posts ante 40
-JAMBE_NOIRE posts small blind 175
Yak-36264464 posts big blind 350
Dealt to MathisKcr [5d 7c]
*** PRE-FLOP *** 
ICETEAM157 folds
alez74 raises 350 to 700
anaise100667 calls 700
MathisKcr folds
-JAMBE_NOIRE folds
Yak-36264464 calls 350
*** FLOP *** [Tc Kc 5s]
Yak-36264464 checks
alez74 checks
anaise100667 checks
*** TURN *** [Tc Kc 5s][Td]
Yak-36264464 checks
alez74 bets 629
anaise100667 calls 629
Yak-36264464 raises 2641 to 3270
alez74 folds
anaise100667 calls 2641
*** RIVER *** [Tc Kc 5s Td][6c]
Yak-36264464 bets 3389
anaise100667 calls 3389
*** SHOW DOWN ***
Yak-36264464 shows [Jh 3h] (One pair : Tens)
anaise100667 shows [Kd Jd] (Two pairs : Kings and Tens)
anaise100667 collected 16462 from pot
*** SUMMARY ***
Total pot 16462 | No rake
Board: [Tc Kc 5s Td 6c]
Seat 3: Yak-36264464 (big blind) showed [Jh 3h] and lost with One pair : Tens
Seat 6: anaise100667 showed [Kd Jd] and won 16462 with Two pairs : Kings and Tens


Winamax Poker - Tournament "Kill The Fish" buyIn: 0.45€ + 0.05€ level: 4 - HandId: #4240053824133267477-8-1759929191 - Holdem no limit (40/175/350) - 2025/10/08 13:13:11 UTC
Table: 'Kill The Fish(987214461)#020' 6-max (real money) Seat #2 is the button
Seat 1: MathisKcr (108800, 0.82€ bounty)
Seat 2: -JAMBE_NOIRE (12067, 0.22€ bounty)
Seat 3: Yak-36264464 (11746, 0.22€ bounty)
Seat 4: ICETEAM157 (41448, 0.33€ bounty)
Seat 5: alez74 (20756, 0.22€ bounty)
Seat 6: anaise100667 (28788, 0.22€ bounty)
*** ANTE/BLINDS ***
Yak-36264464 posts ante 40
ICETEAM157 posts ante 40
MathisKcr posts ante 40
-JAMBE_NOIRE posts ante 40
alez74 posts ante 40
anaise100667 posts ante 40
Yak-36264464 posts small blind 175
ICETEAM157 posts big blind 350
Dealt to MathisKcr [Jc 4d]
*** PRE-FLOP *** 
alez74 raises 350 to 700
anaise100667 folds
MathisKcr folds
-JAMBE_NOIRE raises 1400 to 2100
Yak-36264464 folds
ICETEAM157 folds
alez74 calls 1400
*** FLOP *** [8s 3c 5s]
alez74 checks
-JAMBE_NOIRE checks
*** TURN *** [8s 3c 5s][As]
alez74 checks
-JAMBE_NOIRE bets 1241
alez74 calls 1241
*** RIVER *** [8s 3c 5s As][6h]
alez74 bets 2606
-JAMBE_NOIRE raises 6080 to 8686 and is all-in
alez74 calls 6080
*** SHOW DOWN ***
alez74 shows [Ah 7d] (One pair : Aces)
-JAMBE_NOIRE shows [3s Ks] (Flush Ace high)
-JAMBE_NOIRE collected 24819 from pot
*** SUMMARY ***
Total pot 24819 | No rake
Board: [8s 3c 5s As 6h]
Seat 2: -JAMBE_NOIRE (button) showed [3s Ks] and won 24819 with Flush Ace high
Seat 5: alez74 showed [Ah 7d] and lost with One pair : Aces


Winamax Poker - Tournament "Kill The Fish" buyIn: 0.45€ + 0.05€ level: 4 - HandId: #4240053824133267477-9-1759929265 - Holdem no limit (40/175/350) - 2025/10/08 13:14:25 UTC
Table: 'Kill The Fish(987214461)#020' 6-max (real money) Seat #3 is the button
Seat 1: MathisKcr (108760, 0.82€ bounty)
Seat 2: -JAMBE_NOIRE (24819, 0.22€ bounty)
Seat 3: Yak-36264464 (11531, 0.22€ bounty)
Seat 4: ICETEAM157 (41058, 0.33€ bounty)
Seat 5: alez74 (8689, 0.22€ bounty)
Seat 6: anaise100667 (28748, 0.22€ bounty)
*** ANTE/BLINDS ***
ICETEAM157 posts ante 40
alez74 posts ante 40
MathisKcr posts ante 40
-JAMBE_NOIRE posts ante 40
Yak-36264464 posts ante 40
anaise100667 posts ante 40
ICETEAM157 posts small blind 175
alez74 posts big blind 350
Dealt to MathisKcr [Kc Tc]
*** PRE-FLOP *** 
anaise100667 folds
MathisKcr raises 700 to 1050
-JAMBE_NOIRE folds
Yak-36264464 folds
ICETEAM157 folds
alez74 raises 7599 to 8649 and is all-in
MathisKcr calls 7599
*** FLOP *** [As Ad 4h]
*** TURN *** [As Ad 4h][Qd]
*** RIVER *** [As Ad 4h Qd][6h]
*** SHOW DOWN ***
MathisKcr shows [Kc Tc] (One pair : Aces)
alez74 shows [Qh 7h] (Two pairs : Aces and Queens)
alez74 collected 17713 from pot
*** SUMMARY ***
Total pot 17713 | No rake
Board: [As Ad 4h Qd 6h]
Seat 1: MathisKcr showed [Kc Tc] and lost with One pair : Aces
Seat 5: alez74 (big blind) showed [Qh 7h] and won 17713 with Two pairs : Aces and Queens


Winamax Poker - Tournament "Kill The Fish" buyIn: 0.45€ + 0.05€ level: 4 - HandId: #4240053824133267477-10-1759929309 - Holdem no limit (40/175/350) - 2025/10/08 13:15:09 UTC
Table: 'Kill The Fish(987214461)#020' 6-max (real money) Seat #4 is the button
Seat 1: MathisKcr (100071, 0.82€ bounty)
Seat 2: -JAMBE_NOIRE (24779, 0.22€ bounty)
Seat 3: Yak-36264464 (11491, 0.22€ bounty)
Seat 4: ICETEAM157 (40843, 0.33€ bounty)
Seat 5: alez74 (17713, 0.22€ bounty)
Seat 6: anaise100667 (28708, 0.22€ bounty)
*** ANTE/BLINDS ***
alez74 posts ante 40
anaise100667 posts ante 40
MathisKcr posts ante 40
-JAMBE_NOIRE posts ante 40
Yak-36264464 posts ante 40
ICETEAM157 posts ante 40
alez74 posts small blind 175
anaise100667 posts big blind 350
Dealt to MathisKcr [Jc 2s]
*** PRE-FLOP *** 
MathisKcr folds
-JAMBE_NOIRE folds
Yak-36264464 calls 350
ICETEAM157 folds
alez74 raises 875 to 1225
anaise100667 folds
Yak-36264464 calls 875
*** FLOP *** [9s 3c Td]
alez74 checks
Yak-36264464 checks
*** TURN *** [9s 3c Td][7s]
alez74 bets 1110
Yak-36264464 folds
alez74 collected 4150 from pot
*** SUMMARY ***
Total pot 4150 | No rake
Board: [9s 3c Td 7s]
Seat 5: alez74 (small blind) won 4150


Winamax Poker - Tournament "Kill The Fish" buyIn: 0.45€ + 0.05€ level: 4 - HandId: #4240053824133267477-11-1759929355 - Holdem no limit (40/175/350) - 2025/10/08 13:15:55 UTC
Table: 'Kill The Fish(987214461)#020' 6-max (real money) Seat #5 is the button
Seat 1: MathisKcr (100031, 0.82€ bounty)
Seat 2: -JAMBE_NOIRE (24739, 0.22€ bounty)
Seat 3: Yak-36264464 (10226, 0.22€ bounty)
Seat 4: ICETEAM157 (40803, 0.33€ bounty)
Seat 5: alez74 (19488, 0.22€ bounty)
Seat 6: anaise100667 (28318, 0.22€ bounty)
*** ANTE/BLINDS ***
anaise100667 posts ante 40
MathisKcr posts ante 40
-JAMBE_NOIRE posts ante 40
Yak-36264464 posts ante 40
ICETEAM157 posts ante 40
alez74 posts ante 40
anaise100667 posts small blind 175
MathisKcr posts big blind 350
Dealt to MathisKcr [7s 9h]
*** PRE-FLOP *** 
-JAMBE_NOIRE folds
Yak-36264464 folds
ICETEAM157 folds
alez74 raises 525 to 875
anaise100667 folds
MathisKcr folds
alez74 collected 1640 from pot
*** SUMMARY ***
Total pot 1640 | No rake
Seat 5: alez74 (button) won 1640


Winamax Poker - Tournament "Kill The Fish" buyIn: 0.45€ + 0.05€ level: 5 - HandId: #4240053824133267477-12-1759929376 - Holdem no limit (50/200/400) - 2025/10/08 13:16:16 UTC
Table: 'Kill The Fish(987214461)#020' 6-max (real money) Seat #6 is the button
Seat 1: MathisKcr (99641, 0.82€ bounty)
Seat 2: -JAMBE_NOIRE (24699, 0.22€ bounty)
Seat 3: Yak-36264464 (10186, 0.22€ bounty)
Seat 4: ICETEAM157 (40763, 0.33€ bounty)
Seat 5: alez74 (20213, 0.22€ bounty)
Seat 6: anaise100667 (28103, 0.22€ bounty)
*** ANTE/BLINDS ***
MathisKcr posts ante 50
-JAMBE_NOIRE posts ante 50
Yak-36264464 posts ante 50
ICETEAM157 posts ante 50
alez74 posts ante 50
anaise100667 posts ante 50
MathisKcr posts small blind 200
-JAMBE_NOIRE posts big blind 400
Dealt to MathisKcr [7d 5c]
*** PRE-FLOP *** 
Yak-36264464 folds
ICETEAM157 folds
alez74 folds
anaise100667 folds
MathisKcr raises 400 to 800
-JAMBE_NOIRE folds
MathisKcr collected 1500 from pot
*** SUMMARY ***
Total pot 1500 | No rake
Seat 1: MathisKcr (small blind) won 1500


Winamax Poker - Tournament "Kill The Fish" buyIn: 0.45€ + 0.05€ level: 5 - HandId: #4240053824133267477-13-1759929429 - Holdem no limit (50/200/400) - 2025/10/08 13:17:09 UTC
Table: 'Kill The Fish(987214461)#020' 6-max (real money) Seat #1 is the button
Seat 1: MathisKcr (100291, 0.82€ bounty)
Seat 2: -JAMBE_NOIRE (24249, 0.22€ bounty)
Seat 3: Yak-36264464 (10136, 0.22€ bounty)
Seat 4: ICETEAM157 (40713, 0.33€ bounty)
Seat 5: alez74 (20163, 0.22€ bounty)
Seat 6: anaise100667 (28053, 0.22€ bounty)
*** ANTE/BLINDS ***
-JAMBE_NOIRE posts ante 50
Yak-36264464 posts ante 50
MathisKcr posts ante 50
ICETEAM157 posts ante 50
alez74 posts ante 50
anaise100667 posts ante 50
-JAMBE_NOIRE posts small blind 200
Yak-36264464 posts big blind 400
Dealt to MathisKcr [Kc 5s]
*** PRE-FLOP *** 
ICETEAM157 folds
alez74 folds
anaise100667 folds
MathisKcr raises 400 to 800
-JAMBE_NOIRE folds
Yak-36264464 folds
MathisKcr collected 1700 from pot
*** SUMMARY ***
Total pot 1700 | No rake
Seat 1: MathisKcr (button) won 1700


Winamax Poker - Tournament "Kill The Fish" buyIn: 0.45€ + 0.05€ level: 5 - HandId: #4240053824133267477-14-1759929504 - Holdem no limit (50/200/400) - 2025/10/08 13:18:24 UTC
Table: 'Kill The Fish(987214461)#020' 6-max (real money) Seat #2 is the button
Seat 1: MathisKcr (101141, 0.82€ bounty)
Seat 2: -JAMBE_NOIRE (23999, 0.22€ bounty)
Seat 3: Yak-36264464 (9686, 0.22€ bounty)
Seat 4: ICETEAM157 (40663, 0.33€ bounty)
Seat 5: alez74 (20113, 0.22€ bounty)
Seat 6: anaise100667 (28003, 0.22€ bounty)
*** ANTE/BLINDS ***
Yak-36264464 posts ante 50
ICETEAM157 posts ante 50
MathisKcr posts ante 50
-JAMBE_NOIRE posts ante 50
alez74 posts ante 50
anaise100667 posts ante 50
Yak-36264464 posts small blind 200
ICETEAM157 posts big blind 400
Dealt to MathisKcr [Jh Kh]
*** PRE-FLOP *** 
alez74 folds
anaise100667 folds
MathisKcr raises 800 to 1200
-JAMBE_NOIRE raises 2400 to 3600
Yak-36264464 raises 6036 to 9636 and is all-in
ICETEAM157 folds
MathisKcr raises 91455 to 101091 and is all-in
-JAMBE_NOIRE calls 20349 and is all-in
*** FLOP *** [Kd Tc 4c]
*** TURN *** [Kd Tc 4c][6d]
*** RIVER *** [Kd Tc 4c 6d][9s]
*** SHOW DOWN ***
-JAMBE_NOIRE shows [As Qh] (High card : Ace)
MathisKcr shows [Jh Kh] (One pair : Kings)
Yak-36264464 shows [Ac Ks] (One pair : Kings)
Yak-36264464 collected 29608 from main pot
MathisKcr collected 105768 from side pot 1
*** SUMMARY ***
Total pot 135376 | No rake
Board: [Kd Tc 4c 6d 9s]
Seat 1: MathisKcr showed [Jh Kh] and won 105768 with One pair : Kings
Seat 2: -JAMBE_NOIRE (button) showed [As Qh] and lost with High card : Ace
Seat 3: Yak-36264464 (small blind) showed [Ac Ks] and won 29608 with One pair : Kings


Winamax Poker - Tournament "Kill The Fish" buyIn: 0.45€ + 0.05€ level: 5 - HandId: #4240053824133267477-15-1759929554 - Holdem no limit (50/200/400) - 2025/10/08 13:19:14 UTC
Table: 'Kill The Fish(987214461)#020' 6-max (real money) Seat #3 is the button
Seat 1: MathisKcr (105768, 0.93€ bounty)
Seat 3: Yak-36264464 (29608, 0.22€ bounty)
Seat 4: ICETEAM157 (40213, 0.33€ bounty)
Seat 5: alez74 (20063, 0.22€ bounty)
Seat 6: anaise100667 (27953, 0.22€ bounty)
*** ANTE/BLINDS ***
ICETEAM157 posts ante 50
alez74 posts ante 50
MathisKcr posts ante 50
Yak-36264464 posts ante 50
anaise100667 posts ante 50
ICETEAM157 posts small blind 200
alez74 posts big blind 400
Dealt to MathisKcr [2c Ac]
*** PRE-FLOP *** 
anaise100667 folds
MathisKcr raises 400 to 800
Yak-36264464 calls 800
ICETEAM157 calls 600
alez74 raises 19213 to 20013 and is all-in
MathisKcr folds
Yak-36264464 folds
ICETEAM157 folds
alez74 collected 22663 from pot
*** SUMMARY ***
Total pot 22663 | No rake
Seat 5: alez74 (big blind) won 22663


Winamax Poker - Tournament "Kill The Fish" buyIn: 0.45€ + 0.05€ level: 5 - HandId: #4240053824133267477-16-1759929607 - Holdem no limit (50/200/400) - 2025/10/08 13:20:07 UTC
Table: 'Kill The Fish(987214461)#020' 6-max (real money) Seat #4 is the button
Seat 1: MathisKcr (104918, 0.93€ bounty)
Seat 3: Yak-36264464 (28758, 0.22€ bounty)
Seat 4: ICETEAM157 (39363, 0.33€ bounty)
Seat 5: alez74 (22663, 0.22€ bounty)
Seat 6: anaise100667 (27903, 0.22€ bounty)
*** ANTE/BLINDS ***
alez74 posts ante 50
anaise100667 posts ante 50
MathisKcr posts ante 50
Yak-36264464 posts ante 50
ICETEAM157 posts ante 50
alez74 posts small blind 200
anaise100667 posts big blind 400
Dealt to MathisKcr [7h 7c]
*** PRE-FLOP *** 
MathisKcr raises 800 to 1200
Yak-36264464 calls 1200
ICETEAM157 folds
alez74 folds
anaise100667 folds
*** FLOP *** [Jc 8h Th]
MathisKcr checks
Yak-36264464 checks
*** TURN *** [Jc 8h Th][4s]
MathisKcr checks
Yak-36264464 checks
*** RIVER *** [Jc 8h Th 4s][6h]
MathisKcr checks
Yak-36264464 checks
*** SHOW DOWN ***
Yak-36264464 shows [Ac Qc] (High card : Ace)
MathisKcr shows [7h 7c] (One pair : 7)
MathisKcr collected 3250 from pot
*** SUMMARY ***
Total pot 3250 | No rake
Board: [Jc 8h Th 4s 6h]
Seat 1: MathisKcr showed [7h 7c] and won 3250 with One pair : 7
Seat 3: Yak-36264464 showed [Ac Qc] and lost with High card : Ace


Winamax Poker - Tournament "Kill The Fish" buyIn: 0.45€ + 0.05€ level: 5 - HandId: #4240053824133267477-17-1759929633 - Holdem no limit (50/200/400) - 2025/10/08 13:20:33 UTC
Table: 'Kill The Fish(987214461)#020' 6-max (real money) Seat #5 is the button
Seat 1: MathisKcr (106918, 0.93€ bounty)
Seat 3: Yak-36264464 (27508, 0.22€ bounty)
Seat 4: ICETEAM157 (39313, 0.33€ bounty)
Seat 5: alez74 (22413, 0.22€ bounty)
Seat 6: anaise100667 (27453, 0.22€ bounty)
*** ANTE/BLINDS ***
anaise100667 posts ante 50
MathisKcr posts ante 50
Yak-36264464 posts ante 50
ICETEAM157 posts ante 50
alez74 posts ante 50
anaise100667 posts small blind 200
MathisKcr posts big blind 400
Dealt to MathisKcr [3c Qd]
*** PRE-FLOP *** 
Yak-36264464 raises 400 to 800
ICETEAM157 calls 800
alez74 calls 800
anaise100667 calls 600
MathisKcr calls 400
*** FLOP *** [3d Jc Kd]
anaise100667 checks
MathisKcr bets 800
Yak-36264464 calls 800
ICETEAM157 calls 800
alez74 calls 800
anaise100667 folds
*** TURN *** [3d Jc Kd][As]
MathisKcr checks
Yak-36264464 bets 4843
ICETEAM157 folds
alez74 folds
MathisKcr folds
Yak-36264464 collected 12293 from pot
*** SUMMARY ***
Total pot 12293 | No rake
Board: [3d Jc Kd As]
Seat 3: Yak-36264464 won 12293


Winamax Poker - Tournament "Kill The Fish" buyIn: 0.45€ + 0.05€ level: 6 - HandId: #4240053824133267477-18-1759929678 - Holdem no limit (60/250/500) - 2025/10/08 13:21:18 UTC
Table: 'Kill The Fish(987214461)#020' 6-max (real money) Seat #6 is the button
Seat 1: MathisKcr (105268, 0.93€ bounty)
Seat 2: ToineRob (20000, 0.22€ bounty)
Seat 3: Yak-36264464 (33308, 0.22€ bounty)
Seat 4: ICETEAM157 (37663, 0.33€ bounty)
Seat 5: alez74 (20763, 0.22€ bounty)
Seat 6: anaise100667 (26603, 0.22€ bounty)
*** ANTE/BLINDS ***
MathisKcr posts ante 60
ToineRob posts ante 60
Yak-36264464 posts ante 60
ICETEAM157 posts ante 60
alez74 posts ante 60
anaise100667 posts ante 60
MathisKcr posts small blind 250
ToineRob posts big blind 500
Dealt to MathisKcr [4d 6s]
*** PRE-FLOP *** 
Yak-36264464 calls 500
ICETEAM157 calls 500
alez74 calls 500
anaise100667 folds
MathisKcr calls 250
ToineRob checks
*** FLOP *** [Qh 9h 5h]
MathisKcr checks
ToineRob checks
Yak-36264464 bets 2860
ICETEAM157 folds
alez74 calls 2860
MathisKcr folds
ToineRob folds
*** TURN *** [Qh 9h 5h][Td]
Yak-36264464 bets 8580
alez74 calls 8580
*** RIVER *** [Qh 9h 5h Td][Kc]
Yak-36264464 bets 21308 and is all-in
alez74 calls 8763 and is all-in
*** SHOW DOWN ***
alez74 shows [3c Ah] (High card : Ace)
Yak-36264464 shows [8h Th] (Flush Queen high)
Yak-36264464 collected 55811 from pot
*** SUMMARY ***
Total pot 55811 | No rake
Board: [Qh 9h 5h Td Kc]
Seat 3: Yak-36264464 showed [8h Th] and won 55811 with Flush Queen high
Seat 5: alez74 showed [3c Ah] and lost with High card : Ace


Winamax Poker - Tournament "Kill The Fish" buyIn: 0.45€ + 0.05€ level: 6 - HandId: #4240053824133267477-19-1759929716 - Holdem no limit (60/250/500) - 2025/10/08 13:21:56 UTC
Table: 'Kill The Fish(987214461)#020' 6-max (real money) Seat #1 is the button
Seat 1: MathisKcr (104708, 0.93€ bounty)
Seat 2: ToineRob (19440, 0.22€ bounty)
Seat 3: Yak-36264464 (55811, 0.33€ bounty)
Seat 4: ICETEAM157 (37103, 0.33€ bounty)
Seat 6: anaise100667 (26543, 0.22€ bounty)
*** ANTE/BLINDS ***
ToineRob posts ante 60
Yak-36264464 posts ante 60
MathisKcr posts ante 60
ICETEAM157 posts ante 60
anaise100667 posts ante 60
ToineRob posts small blind 250
Yak-36264464 posts big blind 500
Dealt to MathisKcr [7s 8h]
*** PRE-FLOP *** 
ICETEAM157 calls 500
anaise100667 folds
MathisKcr calls 500
ToineRob folds
Yak-36264464 checks
*** FLOP *** [5s 8c 4s]
Yak-36264464 checks
ICETEAM157 checks
MathisKcr bets 2050
Yak-36264464 folds
ICETEAM157 folds
MathisKcr collected 4100 from pot
*** SUMMARY ***
Total pot 4100 | No rake
Board: [5s 8c 4s]
Seat 1: MathisKcr (button) won 4100


Winamax Poker - Tournament "Kill The Fish" buyIn: 0.45€ + 0.05€ level: 6 - HandId: #4240053824133267477-20-1759929743 - Holdem no limit (60/250/500) - 2025/10/08 13:22:23 UTC
Table: 'Kill The Fish(987214461)#020' 6-max (real money) Seat #2 is the button
Seat 1: MathisKcr (106198, 0.93€ bounty)
Seat 2: ToineRob (19130, 0.22€ bounty)
Seat 3: Yak-36264464 (55251, 0.33€ bounty)
Seat 4: ICETEAM157 (36543, 0.33€ bounty)
Seat 6: anaise100667 (26483, 0.22€ bounty)
*** ANTE/BLINDS ***
Yak-36264464 posts ante 60
ICETEAM157 posts ante 60
MathisKcr posts ante 60
ToineRob posts ante 60
anaise100667 posts ante 60
Yak-36264464 posts small blind 250
ICETEAM157 posts big blind 500
Dealt to MathisKcr [8c Ks]
*** PRE-FLOP *** 
anaise100667 folds
MathisKcr raises 500 to 1000
ToineRob folds
Yak-36264464 folds
ICETEAM157 calls 500
*** FLOP *** [Ad 6h Td]
ICETEAM157 checks
MathisKcr bets 1000
ICETEAM157 folds
MathisKcr collected 3550 from pot
*** SUMMARY ***
Total pot 3550 | No rake
Board: [Ad 6h Td]
Seat 1: MathisKcr won 3550


Winamax Poker - Tournament "Kill The Fish" buyIn: 0.45€ + 0.05€ level: 6 - HandId: #4240053824133267477-21-1759929762 - Holdem no limit (60/250/500) - 2025/10/08 13:22:42 UTC
Table: 'Kill The Fish(987214461)#020' 6-max (real money) Seat #3 is the button
Seat 1: MathisKcr (107688, 0.93€ bounty)
Seat 2: ToineRob (19070, 0.22€ bounty)
Seat 3: Yak-36264464 (54941, 0.33€ bounty)
Seat 4: ICETEAM157 (35483, 0.33€ bounty)
Seat 6: anaise100667 (26423, 0.22€ bounty)
*** ANTE/BLINDS ***
ICETEAM157 posts ante 60
anaise100667 posts ante 60
MathisKcr posts ante 60
ToineRob posts ante 60
Yak-36264464 posts ante 60
ICETEAM157 posts small blind 250
anaise100667 posts big blind 500
Dealt to MathisKcr [2s 8d]
*** PRE-FLOP *** 
MathisKcr folds
ToineRob folds
Yak-36264464 calls 500
ICETEAM157 calls 250
anaise100667 checks
*** FLOP *** [Qc Kd 7c]
ICETEAM157 checks
anaise100667 checks
Yak-36264464 checks
*** TURN *** [Qc Kd 7c][5h]
ICETEAM157 checks
anaise100667 checks
Yak-36264464 checks
*** RIVER *** [Qc Kd 7c 5h][Th]
ICETEAM157 checks
anaise100667 checks
Yak-36264464 checks
*** SHOW DOWN ***
ICETEAM157 shows [4s 4h] (One pair : 4)
anaise100667 shows [8s Ad] (High card : Ace)
Yak-36264464 shows [Jd 7d] (One pair : 7)
Yak-36264464 collected 1800 from pot
*** SUMMARY ***
Total pot 1800 | No rake
Board: [Qc Kd 7c 5h Th]
Seat 3: Yak-36264464 (button) showed [Jd 7d] and won 1800 with One pair : 7
Seat 4: ICETEAM157 (small blind) showed [4s 4h] and lost with One pair : 4
Seat 6: anaise100667 (big blind) showed [8s Ad] and lost with High card : Ace


Winamax Poker - Tournament "Kill The Fish" buyIn: 0.45€ + 0.05€ level: 6 - HandId: #4240053824133267477-22-1759929800 - Holdem no limit (60/250/500) - 2025/10/08 13:23:20 UTC
Table: 'Kill The Fish(987214461)#020' 6-max (real money) Seat #4 is the button
Seat 1: MathisKcr (107628, 0.93€ bounty)
Seat 2: ToineRob (19010, 0.22€ bounty)
Seat 3: Yak-36264464 (56181, 0.33€ bounty)
Seat 4: ICETEAM157 (34923, 0.33€ bounty)
Seat 6: anaise100667 (25863, 0.22€ bounty)
*** ANTE/BLINDS ***
anaise100667 posts ante 60
MathisKcr posts ante 60
ToineRob posts ante 60
Yak-36264464 posts ante 60
ICETEAM157 posts ante 60
anaise100667 posts small blind 250
MathisKcr posts big blind 500
Dealt to MathisKcr [Ts Jh]
*** PRE-FLOP *** 
ToineRob calls 500
Yak-36264464 folds
ICETEAM157 folds
anaise100667 folds
MathisKcr raises 750 to 1250
ToineRob calls 750
*** FLOP *** [5c 5h Jd]
MathisKcr bets 2000
ToineRob calls 2000
*** TURN *** [5c 5h Jd][7s]
MathisKcr checks
ToineRob checks
*** RIVER *** [5c 5h Jd 7s][2c]
MathisKcr bets 3525
ToineRob raises 12175 to 15700 and is all-in
MathisKcr calls 12175
*** SHOW DOWN ***
MathisKcr shows [Ts Jh] (Two pairs : Jacks and 5)
ToineRob shows [5d Ad] (Trips of 5)
ToineRob collected 38450 from pot
*** SUMMARY ***
Total pot 38450 | No rake
Board: [5c 5h Jd 7s 2c]
Seat 1: MathisKcr (big blind) showed [Ts Jh] and lost with Two pairs : Jacks and 5
Seat 2: ToineRob showed [5d Ad] and won 38450 with Trips of 5


Winamax Poker - Tournament "Kill The Fish" buyIn: 0.45€ + 0.05€ level: 6 - HandId: #4240053824133267477-23-1759929838 - Holdem no limit (60/250/500) - 2025/10/08 13:23:58 UTC
Table: 'Kill The Fish(987214461)#020' 6-max (real money) Seat #6 is the button
Seat 1: MathisKcr (88618, 0.93€ bounty)
Seat 2: ToineRob (38450, 0.22€ bounty)
Seat 3: Yak-36264464 (56121, 0.33€ bounty)
Seat 4: ICETEAM157 (34863, 0.33€ bounty)
Seat 6: anaise100667 (25553, 0.22€ bounty)
*** ANTE/BLINDS ***
MathisKcr posts ante 60
ToineRob posts ante 60
Yak-36264464 posts ante 60
ICETEAM157 posts ante 60
anaise100667 posts ante 60
MathisKcr posts small blind 250
ToineRob posts big blind 500
Dealt to MathisKcr [7d Ac]
*** PRE-FLOP *** 
Yak-36264464 raises 500 to 1000
ICETEAM157 calls 1000
anaise100667 folds
MathisKcr raises 500 to 1500
ToineRob folds
Yak-36264464 calls 500
ICETEAM157 calls 500
*** FLOP *** [4h As Qh]
MathisKcr bets 2650
Yak-36264464 folds
ICETEAM157 raises 10600 to 13250
MathisKcr raises 73808 to 87058 and is all-in
ICETEAM157 calls 20053 and is all-in
*** TURN *** [4h As Qh][9s]
*** RIVER *** [4h As Qh 9s][Ah]
*** SHOW DOWN ***
MathisKcr shows [7d Ac] (Trips of Aces)
ICETEAM157 shows [4d Ad] (Full of Aces and 4)
ICETEAM157 collected 71906 from main pot
MathisKcr collected 53755 from side pot 1
*** SUMMARY ***
Total pot 125661 | No rake
Board: [4h As Qh 9s Ah]
Seat 1: MathisKcr (small blind) showed [7d Ac] and won 53755 with Trips of Aces
Seat 4: ICETEAM157 showed [4d Ad] and won 71906 with Full of Aces and 4


Winamax Poker - Tournament "Kill The Fish" buyIn: 0.45€ + 0.05€ level: 6 - HandId: #4240053824133267477-24-1759929872 - Holdem no limit (60/250/500) - 2025/10/08 13:24:32 UTC
Table: 'Kill The Fish(987214461)#020' 6-max (real money) Seat #1 is the button
Seat 1: MathisKcr (53755, 0.93€ bounty)
Seat 2: ToineRob (37890, 0.22€ bounty)
Seat 3: Yak-36264464 (54561, 0.33€ bounty)
Seat 4: ICETEAM157 (71906, 0.33€ bounty)
Seat 6: anaise100667 (25493, 0.22€ bounty)
*** ANTE/BLINDS ***
ToineRob posts ante 60
Yak-36264464 posts ante 60
MathisKcr posts ante 60
ICETEAM157 posts ante 60
anaise100667 posts ante 60
ToineRob posts small blind 250
Yak-36264464 posts big blind 500
Dealt to MathisKcr [Kd 9d]
*** PRE-FLOP *** 
ICETEAM157 folds
anaise100667 folds
MathisKcr raises 1000 to 1500
ToineRob calls 1250
Yak-36264464 calls 1000
*** FLOP *** [8s Td 9h]
ToineRob checks
Yak-36264464 checks
MathisKcr bets 52195 and is all-in
ToineRob calls 36330 and is all-in
Yak-36264464 folds
*** TURN *** [8s Td 9h][Qc]
*** RIVER *** [8s Td 9h Qc][3s]
*** SHOW DOWN ***
ToineRob shows [Kh 7h] (High card : King)
MathisKcr shows [Kd 9d] (One pair : 9)
MathisKcr collected 93325 from pot
*** SUMMARY ***
Total pot 93325 | No rake
Board: [8s Td 9h Qc 3s]
Seat 1: MathisKcr (button) showed [Kd 9d] and won 93325 with One pair : 9
Seat 2: ToineRob (small blind) showed [Kh 7h] and lost with High card : King


Winamax Poker - Tournament "Kill The Fish" buyIn: 0.45€ + 0.05€ level: 6 - HandId: #4240053824133267477-25-1759929913 - Holdem no limit (60/250/500) - 2025/10/08 13:25:13 UTC
Table: 'Kill The Fish(987214461)#020' 6-max (real money) Seat #2 is the button
Seat 1: MathisKcr (93325, 1.04€ bounty)
Seat 3: Yak-36264464 (53001, 0.33€ bounty)
Seat 4: ICETEAM157 (71846, 0.33€ bounty)
Seat 6: anaise100667 (25433, 0.22€ bounty)
*** ANTE/BLINDS ***
Yak-36264464 posts ante 60
ICETEAM157 posts ante 60
MathisKcr posts ante 60
anaise100667 posts ante 60
Yak-36264464 posts small blind 250
ICETEAM157 posts big blind 500
Dealt to MathisKcr [8c 2d]
*** PRE-FLOP *** 
anaise100667 raises 24873 to 25373 and is all-in
MathisKcr folds
Yak-36264464 folds
ICETEAM157 folds
anaise100667 collected 26363 from pot
*** SUMMARY ***
Total pot 26363 | No rake
Seat 6: anaise100667 won 26363


Winamax Poker - Tournament "Kill The Fish" buyIn: 0.45€ + 0.05€ level: 6 - HandId: #4240053824133267477-26-1759929928 - Holdem no limit (60/250/500) - 2025/10/08 13:25:28 UTC
Table: 'Kill The Fish(987214461)#020' 6-max (real money) Seat #3 is the button
Seat 1: MathisKcr (93265, 1.04€ bounty)
Seat 3: Yak-36264464 (52691, 0.33€ bounty)
Seat 4: ICETEAM157 (71286, 0.33€ bounty)
Seat 5: Grarmendujeu (32937, 0.33€ bounty)
Seat 6: anaise100667 (26363, 0.22€ bounty)
*** ANTE/BLINDS ***
ICETEAM157 posts ante 60
Grarmendujeu posts ante 60
MathisKcr posts ante 60
Yak-36264464 posts ante 60
anaise100667 posts ante 60
ICETEAM157 posts small blind 250
Grarmendujeu posts big blind 500
Dealt to MathisKcr [7s 7d]
*** PRE-FLOP *** 
anaise100667 folds
MathisKcr raises 92705 to 93205 and is all-in
Yak-36264464 calls 52631 and is all-in
ICETEAM157 folds
Grarmendujeu folds
*** FLOP *** [Td 6d Qs]
*** TURN *** [Td 6d Qs][9h]
*** RIVER *** [Td 6d Qs 9h][Ts]
*** SHOW DOWN ***
MathisKcr shows [7s 7d] (Two pairs : Tens and 7)
Yak-36264464 shows [Kh Qh] (Two pairs : Queens and Tens)
Yak-36264464 collected 106312 from main pot
MathisKcr collected 40574 from side pot 1
*** SUMMARY ***
Total pot 146886 | No rake
Board: [Td 6d Qs 9h Ts]
Seat 1: MathisKcr showed [7s 7d] and won 40574 with Two pairs : Tens and 7
Seat 3: Yak-36264464 (button) showed [Kh Qh] and won 106312 with Two pairs : Queens and Tens


Winamax Poker - Tournament "Kill The Fish" buyIn: 0.45€ + 0.05€ level: 6 - HandId: #4240053824133267477-27-1759929954 - Holdem no limit (60/250/500) - 2025/10/08 13:25:54 UTC
Table: 'Kill The Fish(987214461)#020' 6-max (real money) Seat #4 is the button
Seat 1: MathisKcr (40574, 1.04€ bounty)
Seat 3: Yak-36264464 (106312, 0.33€ bounty)
Seat 4: ICETEAM157 (70976, 0.33€ bounty)
Seat 5: Grarmendujeu (32377, 0.33€ bounty)
Seat 6: anaise100667 (26303, 0.22€ bounty)
*** ANTE/BLINDS ***
Grarmendujeu posts ante 60
anaise100667 posts ante 60
MathisKcr posts ante 60
Yak-36264464 posts ante 60
ICETEAM157 posts ante 60
Grarmendujeu posts small blind 250
anaise100667 posts big blind 500
Dealt to MathisKcr [2d 8d]
*** PRE-FLOP *** 
MathisKcr folds
Yak-36264464 folds
ICETEAM157 raises 1550 to 2050
Grarmendujeu folds
anaise100667 folds
ICETEAM157 collected 3100 from pot
*** SUMMARY ***
Total pot 3100 | No rake
Seat 4: ICETEAM157 (button) won 3100


Winamax Poker - Tournament "Kill The Fish" buyIn: 0.45€ + 0.05€ level: 7 - HandId: #4240053824133267477-28-1759929976 - Holdem no limit (70/300/600) - 2025/10/08 13:26:16 UTC
Table: 'Kill The Fish(987214461)#020' 6-max (real money) Seat #5 is the button
Seat 1: MathisKcr (40514, 1.04€ bounty)
Seat 3: Yak-36264464 (106252, 0.33€ bounty)
Seat 4: ICETEAM157 (71966, 0.33€ bounty)
Seat 5: Grarmendujeu (32067, 0.33€ bounty)
Seat 6: anaise100667 (25743, 0.22€ bounty)
*** ANTE/BLINDS ***
anaise100667 posts ante 70
MathisKcr posts ante 70
Yak-36264464 posts ante 70
ICETEAM157 posts ante 70
Grarmendujeu posts ante 70
anaise100667 posts small blind 300
MathisKcr posts big blind 600
Dealt to MathisKcr [3d Ts]
*** PRE-FLOP *** 
Yak-36264464 folds
ICETEAM157 folds
Grarmendujeu raises 900 to 1500
anaise100667 folds
MathisKcr folds
Grarmendujeu collected 2750 from pot
*** SUMMARY ***
Total pot 2750 | No rake
Seat 5: Grarmendujeu (button) won 2750


Winamax Poker - Tournament "Kill The Fish" buyIn: 0.45€ + 0.05€ level: 7 - HandId: #4240053824133267477-29-1759929998 - Holdem no limit (70/300/600) - 2025/10/08 13:26:38 UTC
Table: 'Kill The Fish(987214461)#020' 6-max (real money) Seat #6 is the button
Seat 1: MathisKcr (39844, 1.04€ bounty)
Seat 3: Yak-36264464 (106182, 0.33€ bounty)
Seat 4: ICETEAM157 (71896, 0.33€ bounty)
Seat 5: Grarmendujeu (33247, 0.33€ bounty)
Seat 6: anaise100667 (25373, 0.22€ bounty)
*** ANTE/BLINDS ***
MathisKcr posts ante 70
Yak-36264464 posts ante 70
ICETEAM157 posts ante 70
Grarmendujeu posts ante 70
anaise100667 posts ante 70
MathisKcr posts small blind 300
Yak-36264464 posts big blind 600
Dealt to MathisKcr [6c 8h]
*** PRE-FLOP *** 
ICETEAM157 calls 600
Grarmendujeu folds
anaise100667 calls 600
MathisKcr calls 300
Yak-36264464 checks
*** FLOP *** [Kd Jd 5c]
MathisKcr checks
Yak-36264464 checks
ICETEAM157 checks
anaise100667 checks
*** TURN *** [Kd Jd 5c][9c]
MathisKcr checks
Yak-36264464 checks
ICETEAM157 checks
anaise100667 checks
*** RIVER *** [Kd Jd 5c 9c][7h]
MathisKcr bets 1375
Yak-36264464 folds
ICETEAM157 folds
anaise100667 folds
MathisKcr collected 4125 from pot
*** SUMMARY ***
Total pot 4125 | No rake
Board: [Kd Jd 5c 9c 7h]
Seat 1: MathisKcr (small blind) won 4125


Winamax Poker - Tournament "Kill The Fish" buyIn: 0.45€ + 0.05€ level: 7 - HandId: #4240053824133267477-30-1759930050 - Holdem no limit (70/300/600) - 2025/10/08 13:27:30 UTC
Table: 'Kill The Fish(987214461)#020' 6-max (real money) Seat #1 is the button
Seat 1: MathisKcr (41924, 1.04€ bounty)
Seat 3: Yak-36264464 (105512, 0.33€ bounty)
Seat 4: ICETEAM157 (71226, 0.33€ bounty)
Seat 5: Grarmendujeu (33177, 0.33€ bounty)
Seat 6: anaise100667 (24703, 0.22€ bounty)
*** ANTE/BLINDS ***
Yak-36264464 posts ante 70
ICETEAM157 posts ante 70
MathisKcr posts ante 70
Grarmendujeu posts ante 70
anaise100667 posts ante 70
Yak-36264464 posts small blind 300
ICETEAM157 posts big blind 600
Dealt to MathisKcr [Ad 4c]
*** PRE-FLOP *** 
Grarmendujeu raises 900 to 1500
anaise100667 folds
MathisKcr raises 40354 to 41854 and is all-in
Yak-36264464 folds
ICETEAM157 folds
Grarmendujeu folds
MathisKcr collected 44604 from pot
*** SUMMARY ***
Total pot 44604 | No rake
Seat 1: MathisKcr (button) won 44604


Winamax Poker - Tournament "Kill The Fish" buyIn: 0.45€ + 0.05€ level: 12 - HandId: #4240053824133267468-129-1759931491 - Holdem no limit (160/700/1400) - 2025/10/08 13:51:31 UTC
Table: 'Kill The Fish(987214461)#011' 6-max (real money) Seat #2 is the button
Seat 1: Estragaun (80416, 0.57€ bounty)
Seat 2: febrejugon (49092, 0.49€ bounty)
Seat 3: Kiojin (30931, 0.22€ bounty)
Seat 4: Maiaelle73 (140286, 0.55€ bounty)
Seat 5: MathisKcr (29004, 1.04€ bounty)
Seat 6: yepyep0074 (43221, 0.22€ bounty)
*** ANTE/BLINDS ***
Kiojin posts ante 160
Maiaelle73 posts ante 160
Estragaun posts ante 160
febrejugon posts ante 160
MathisKcr posts ante 160
yepyep0074 posts ante 160
Kiojin posts small blind 700
Maiaelle73 posts big blind 1400
Dealt to MathisKcr [Th 6s]
*** PRE-FLOP *** 
MathisKcr folds
yepyep0074 folds
Estragaun folds
febrejugon folds
Kiojin calls 700
Maiaelle73 checks
*** FLOP *** [Td 5h 3c]
Kiojin bets 1400
Maiaelle73 calls 1400
*** TURN *** [Td 5h 3c][2s]
Kiojin bets 4900
Maiaelle73 calls 4900
*** RIVER *** [Td 5h 3c 2s][Ts]
Kiojin bets 23071 and is all-in
Maiaelle73 folds
Kiojin collected 39431 from pot
*** SUMMARY ***
Total pot 39431 | No rake
Board: [Td 5h 3c 2s Ts]
Seat 3: Kiojin (small blind) won 39431


Winamax Poker - Tournament "Kill The Fish" buyIn: 0.45€ + 0.05€ level: 12 - HandId: #4240053824133267468-130-1759931533 - Holdem no limit (160/700/1400) - 2025/10/08 13:52:13 UTC
Table: 'Kill The Fish(987214461)#011' 6-max (real money) Seat #3 is the button
Seat 1: Estragaun (80256, 0.57€ bounty)
Seat 2: febrejugon (48932, 0.49€ bounty)
Seat 3: Kiojin (39431, 0.22€ bounty)
Seat 4: Maiaelle73 (132426, 0.55€ bounty)
Seat 5: MathisKcr (28844, 1.04€ bounty)
Seat 6: yepyep0074 (43061, 0.22€ bounty)
*** ANTE/BLINDS ***
Maiaelle73 posts ante 160
MathisKcr posts ante 160
Estragaun posts ante 160
febrejugon posts ante 160
Kiojin posts ante 160
yepyep0074 posts ante 160
Maiaelle73 posts small blind 700
MathisKcr posts big blind 1400
Dealt to MathisKcr [7d As]
*** PRE-FLOP *** 
yepyep0074 folds
Estragaun folds
febrejugon folds
Kiojin raises 1400 to 2800
Maiaelle73 folds
MathisKcr raises 5600 to 8400
Kiojin folds
MathisKcr collected 12860 from pot
*** SUMMARY ***
Total pot 12860 | No rake
Seat 5: MathisKcr (big blind) won 12860


Winamax Poker - Tournament "Kill The Fish" buyIn: 0.45€ + 0.05€ level: 12 - HandId: #4240053824133267468-131-1759931556 - Holdem no limit (160/700/1400) - 2025/10/08 13:52:36 UTC
Table: 'Kill The Fish(987214461)#011' 6-max (real money) Seat #4 is the button
Seat 1: Estragaun (80096, 0.57€ bounty)
Seat 2: febrejugon (48772, 0.49€ bounty)
Seat 3: Kiojin (36471, 0.22€ bounty)
Seat 4: Maiaelle73 (131566, 0.55€ bounty)
Seat 5: MathisKcr (33144, 1.04€ bounty)
Seat 6: yepyep0074 (42901, 0.22€ bounty)
*** ANTE/BLINDS ***
MathisKcr posts ante 160
yepyep0074 posts ante 160
Estragaun posts ante 160
febrejugon posts ante 160
Kiojin posts ante 160
Maiaelle73 posts ante 160
MathisKcr posts small blind 700
yepyep0074 posts big blind 1400
Dealt to MathisKcr [5h Kd]
*** PRE-FLOP *** 
Estragaun folds
febrejugon folds
Kiojin folds
Maiaelle73 raises 2800 to 4200
MathisKcr calls 3500
yepyep0074 folds
*** FLOP *** [4h Ks 7d]
MathisKcr bets 28784 and is all-in
Maiaelle73 calls 28784
*** TURN *** [4h Ks 7d][Kc]
*** RIVER *** [4h Ks 7d Kc][6c]
*** SHOW DOWN ***
MathisKcr shows [5h Kd] (Trips of Kings)
Maiaelle73 shows [Ts Kh] (Trips of Kings)
Maiaelle73 collected 68328 from pot
*** SUMMARY ***
Total pot 68328 | No rake
Board: [4h Ks 7d Kc 6c]
Seat 4: Maiaelle73 (button) showed [Ts Kh] and won 68328 with Trips of Kings
Seat 5: MathisKcr (small blind) showed [5h Kd] and lost with Trips of Kings


