Winamax Poker - Tournament "Starting Block WiPT" buyIn: 0€ + 0€ level: 1 - HandId: #4254785188296392705-1-1758030953 - Holdem no limit (10/20) - 2025/09/16 13:55:53 UTC
Table: 'Starting Block WiPT(990644374)#0' 6-max (real money) Seat #4 is the button
Seat 1: MathisKcr (1500)
Seat 2: Camekage (1500)
Seat 3: moussdieg (1500)
Seat 4: PastaPizzaRa (1500)
Seat 5: Mat_ctr13 (1500)
Seat 6: DePasWINaMAX (1500)
*** ANTE/BLINDS ***
Mat_ctr13 posts small blind 10
DePasWINaMAX posts big blind 20
Dealt to MathisKcr [8h Kc]
*** PRE-FLOP *** 
MathisKcr calls 20
Camekage calls 20
moussdieg calls 20
PastaPizzaRa calls 20
Mat_ctr13 calls 10
DePasWINaMAX checks
*** FLOP *** [Qs Jc 5c]
Mat_ctr13 checks
DePasWINaMAX checks
MathisKcr checks
Camekage checks
moussdieg bets 78
PastaPizzaRa calls 78
Mat_ctr13 calls 78
DePasWINaMAX folds
MathisKcr calls 78
Camekage folds
*** TURN *** [Qs Jc 5c][4s]
Mat_ctr13 checks
MathisKcr checks
moussdieg bets 432
PastaPizzaRa calls 432
Mat_ctr13 folds
MathisKcr folds
*** RIVER *** [Qs Jc 5c 4s][6s]
moussdieg checks
PastaPizzaRa bets 970 and is all-in
moussdieg folds
PastaPizzaRa collected 2266 from pot
*** SUMMARY ***
Total pot 2266 | No rake
Board: [Qs Jc 5c 4s 6s]
Seat 4: PastaPizzaRa (button) won 2266


Winamax Poker - Tournament "Starting Block WiPT" buyIn: 0€ + 0€ level: 2 - HandId: #4254785188296392705-2-1758031057 - Holdem no limit (15/30) - 2025/09/16 13:57:37 UTC
Table: 'Starting Block WiPT(990644374)#0' 6-max (real money) Seat #5 is the button
Seat 1: MathisKcr (1402)
Seat 2: Camekage (1480)
Seat 3: moussdieg (970)
Seat 4: PastaPizzaRa (2266)
Seat 5: Mat_ctr13 (1402)
Seat 6: DePasWINaMAX (1480)
*** ANTE/BLINDS ***
DePasWINaMAX posts small blind 15
MathisKcr posts big blind 30
Dealt to MathisKcr [Qd 8h]
*** PRE-FLOP *** 
Camekage folds
moussdieg calls 30
PastaPizzaRa calls 30
Mat_ctr13 calls 30
DePasWINaMAX folds
MathisKcr raises 60 to 90
moussdieg calls 60
PastaPizzaRa calls 60
Mat_ctr13 calls 60
*** FLOP *** [Ks 8s Jc]
MathisKcr bets 150
moussdieg calls 150
PastaPizzaRa calls 150
Mat_ctr13 calls 150
*** TURN *** [Ks 8s Jc][2s]
MathisKcr checks
moussdieg checks
PastaPizzaRa bets 135
Mat_ctr13 raises 1027 to 1162 and is all-in
MathisKcr calls 1162 and is all-in
moussdieg folds
PastaPizzaRa folds
*** RIVER *** [Ks 8s Jc 2s][8d]
*** SHOW DOWN ***
Mat_ctr13 shows [Tc 3c] (One pair : 8)
MathisKcr shows [Qd 8h] (Trips of 8)
MathisKcr collected 3434 from pot
*** SUMMARY ***
Total pot 3434 | No rake
Board: [Ks 8s Jc 2s 8d]
Seat 1: MathisKcr (big blind) showed [Qd 8h] and won 3434 with Trips of 8
Seat 5: Mat_ctr13 (button) showed [Tc 3c] and lost with One pair : 8


Winamax Poker - Tournament "Starting Block WiPT" buyIn: 0€ + 0€ level: 3 - HandId: #4254785188296392705-3-1758031169 - Holdem no limit (20/40) - 2025/09/16 13:59:29 UTC
Table: 'Starting Block WiPT(990644374)#0' 6-max (real money) Seat #6 is the button
Seat 1: MathisKcr (3434)
Seat 2: Camekage (1480)
Seat 3: moussdieg (730)
Seat 4: PastaPizzaRa (1891)
Seat 6: DePasWINaMAX (1465)
*** ANTE/BLINDS ***
MathisKcr posts small blind 20
Camekage posts big blind 40
Dealt to MathisKcr [Qd Qh]
*** PRE-FLOP *** 
moussdieg calls 40
PastaPizzaRa folds
DePasWINaMAX raises 60 to 100
MathisKcr raises 100 to 200
Camekage folds
moussdieg calls 160
DePasWINaMAX calls 100
*** FLOP *** [Ks Th 9c]
MathisKcr bets 160
moussdieg folds
DePasWINaMAX raises 1105 to 1265 and is all-in
MathisKcr calls 1105
*** TURN *** [Ks Th 9c][Ad]
*** RIVER *** [Ks Th 9c Ad][4s]
*** SHOW DOWN ***
MathisKcr shows [Qd Qh] (One pair : Queens)
DePasWINaMAX shows [Kc 2c] (One pair : Kings)
DePasWINaMAX collected 3170 from pot
*** SUMMARY ***
Total pot 3170 | No rake
Board: [Ks Th 9c Ad 4s]
Seat 1: MathisKcr (small blind) showed [Qd Qh] and lost with One pair : Queens
Seat 6: DePasWINaMAX (button) showed [Kc 2c] and won 3170 with One pair : Kings


Winamax Poker - Tournament "Starting Block WiPT" buyIn: 0€ + 0€ level: 4 - HandId: #4254785188296392705-4-1758031222 - Holdem no limit (30/60) - 2025/09/16 14:00:22 UTC
Table: 'Starting Block WiPT(990644374)#0' 6-max (real money) Seat #1 is the button
Seat 1: MathisKcr (1969)
Seat 2: Camekage (1440)
Seat 3: moussdieg (530)
Seat 4: PastaPizzaRa (1891)
Seat 6: DePasWINaMAX (3170)
*** ANTE/BLINDS ***
Camekage posts small blind 30
moussdieg posts big blind 60
Dealt to MathisKcr [Qd Td]
*** PRE-FLOP *** 
PastaPizzaRa folds
DePasWINaMAX folds
MathisKcr raises 120 to 180
Camekage raises 1260 to 1440 and is all-in
moussdieg calls 470 and is all-in
MathisKcr calls 1260
*** FLOP *** [Ah 7h 9s]
*** TURN *** [Ah 7h 9s][Th]
*** RIVER *** [Ah 7h 9s Th][As]
*** SHOW DOWN ***
Camekage shows [Kd 4s] (One pair : Aces)
moussdieg shows [Ks 7c] (Two pairs : Aces and 7)
MathisKcr shows [Qd Td] (Two pairs : Aces and Tens)
MathisKcr collected 3410 from pot
*** SUMMARY ***
Total pot 3410 | No rake
Board: [Ah 7h 9s Th As]
Seat 1: MathisKcr (button) showed [Qd Td] and won 3410 with Two pairs : Aces and Tens
Seat 2: Camekage (small blind) showed [Kd 4s] and lost with One pair : Aces
Seat 3: moussdieg (big blind) showed [Ks 7c] and lost with Two pairs : Aces and 7


Winamax Poker - Tournament "Starting Block WiPT" buyIn: 0€ + 0€ level: 4 - HandId: #4254785188296392705-5-1758031259 - Holdem no limit (30/60) - 2025/09/16 14:00:59 UTC
Table: 'Starting Block WiPT(990644374)#0' 6-max (real money) Seat #2 is the button
Seat 1: MathisKcr (3939)
Seat 4: PastaPizzaRa (1891)
Seat 6: DePasWINaMAX (3170)
*** ANTE/BLINDS ***
PastaPizzaRa posts big blind 60
Dealt to MathisKcr [4d 6c]
*** PRE-FLOP *** 
DePasWINaMAX folds
MathisKcr folds
PastaPizzaRa collected 60 from pot
*** SUMMARY ***
Total pot 60 | No rake
Seat 4: PastaPizzaRa (big blind) won 60


Winamax Poker - Tournament "Starting Block WiPT" buyIn: 0€ + 0€ level: 4 - HandId: #4254785188296392705-6-1758031268 - Holdem no limit (30/60) - 2025/09/16 14:01:08 UTC
Table: 'Starting Block WiPT(990644374)#0' 6-max (real money) Seat #3 is the button
Seat 1: MathisKcr (3939)
Seat 4: PastaPizzaRa (1891)
Seat 6: DePasWINaMAX (3170)
*** ANTE/BLINDS ***
PastaPizzaRa posts small blind 30
DePasWINaMAX posts big blind 60
Dealt to MathisKcr [Qc 2d]
*** PRE-FLOP *** 
MathisKcr calls 60
PastaPizzaRa calls 30
DePasWINaMAX checks
*** FLOP *** [8s 8d Kh]
PastaPizzaRa checks
DePasWINaMAX checks
MathisKcr checks
*** TURN *** [8s 8d Kh][7s]
PastaPizzaRa bets 117
DePasWINaMAX folds
MathisKcr folds
PastaPizzaRa collected 297 from pot
*** SUMMARY ***
Total pot 297 | No rake
Board: [8s 8d Kh 7s]
Seat 4: PastaPizzaRa (small blind) won 297


Winamax Poker - Tournament "Starting Block WiPT" buyIn: 0€ + 0€ level: 4 - HandId: #4254785188296392705-7-1758031293 - Holdem no limit (30/60) - 2025/09/16 14:01:33 UTC
Table: 'Starting Block WiPT(990644374)#0' 6-max (real money) Seat #4 is the button
Seat 1: MathisKcr (3879)
Seat 4: PastaPizzaRa (2011)
Seat 6: DePasWINaMAX (3110)
*** ANTE/BLINDS ***
DePasWINaMAX posts small blind 30
MathisKcr posts big blind 60
Dealt to MathisKcr [5s Jc]
*** PRE-FLOP *** 
PastaPizzaRa folds
DePasWINaMAX calls 30
MathisKcr checks
*** FLOP *** [Th Ts 8c]
DePasWINaMAX checks
MathisKcr bets 180
DePasWINaMAX folds
MathisKcr collected 300 from pot
*** SUMMARY ***
Total pot 300 | No rake
Board: [Th Ts 8c]
Seat 1: MathisKcr (big blind) won 300


Winamax Poker - Tournament "Starting Block WiPT" buyIn: 0€ + 0€ level: 4 - HandId: #4254785188296392705-8-1758031309 - Holdem no limit (30/60) - 2025/09/16 14:01:49 UTC
Table: 'Starting Block WiPT(990644374)#0' 6-max (real money) Seat #6 is the button
Seat 1: MathisKcr (3939)
Seat 4: PastaPizzaRa (2011)
Seat 6: DePasWINaMAX (3050)
*** ANTE/BLINDS ***
MathisKcr posts small blind 30
PastaPizzaRa posts big blind 60
Dealt to MathisKcr [4c Qd]
*** PRE-FLOP *** 
DePasWINaMAX calls 60
MathisKcr calls 30
PastaPizzaRa checks
*** FLOP *** [6h 9c Ts]
MathisKcr checks
PastaPizzaRa bets 60
DePasWINaMAX calls 60
MathisKcr calls 60
*** TURN *** [6h 9c Ts][3s]
MathisKcr checks
PastaPizzaRa checks
DePasWINaMAX checks
*** RIVER *** [6h 9c Ts 3s][Ac]
MathisKcr checks
PastaPizzaRa checks
DePasWINaMAX checks
*** SHOW DOWN ***
MathisKcr shows [4c Qd] (High card : Ace)
DePasWINaMAX shows [7c Kd] (High card : Ace)
PastaPizzaRa shows [6c 8h] (One pair : 6)
PastaPizzaRa collected 360 from pot
*** SUMMARY ***
Total pot 360 | No rake
Board: [6h 9c Ts 3s Ac]
Seat 1: MathisKcr (small blind) showed [4c Qd] and lost with High card : Ace
Seat 4: PastaPizzaRa (big blind) showed [6c 8h] and won 360 with One pair : 6
Seat 6: DePasWINaMAX (button) showed [7c Kd] and lost with High card : Ace


Winamax Poker - Tournament "Starting Block WiPT" buyIn: 0€ + 0€ level: 5 - HandId: #4254785188296392705-9-1758031336 - Holdem no limit (40/80) - 2025/09/16 14:02:16 UTC
Table: 'Starting Block WiPT(990644374)#0' 6-max (real money) Seat #1 is the button
Seat 1: MathisKcr (3819)
Seat 4: PastaPizzaRa (2251)
Seat 6: DePasWINaMAX (2930)
*** ANTE/BLINDS ***
PastaPizzaRa posts small blind 40
DePasWINaMAX posts big blind 80
Dealt to MathisKcr [5d Js]
*** PRE-FLOP *** 
MathisKcr calls 80
PastaPizzaRa calls 40
DePasWINaMAX checks
*** FLOP *** [7s 8s 7d]
PastaPizzaRa checks
DePasWINaMAX checks
MathisKcr checks
*** TURN *** [7s 8s 7d][9s]
PastaPizzaRa bets 80
DePasWINaMAX raises 80 to 160
MathisKcr calls 160
PastaPizzaRa calls 80
*** RIVER *** [7s 8s 7d 9s][3h]
PastaPizzaRa checks
DePasWINaMAX bets 2690 and is all-in
MathisKcr folds
PastaPizzaRa folds
DePasWINaMAX collected 3410 from pot
*** SUMMARY ***
Total pot 3410 | No rake
Board: [7s 8s 7d 9s 3h]
Seat 6: DePasWINaMAX (big blind) won 3410


Winamax Poker - Tournament "Starting Block WiPT" buyIn: 0€ + 0€ level: 5 - HandId: #4254785188296392705-10-1758031371 - Holdem no limit (40/80) - 2025/09/16 14:02:51 UTC
Table: 'Starting Block WiPT(990644374)#0' 6-max (real money) Seat #4 is the button
Seat 1: MathisKcr (3579)
Seat 4: PastaPizzaRa (2011)
Seat 6: DePasWINaMAX (3410)
*** ANTE/BLINDS ***
DePasWINaMAX posts small blind 40
MathisKcr posts big blind 80
Dealt to MathisKcr [Qs Ah]
*** PRE-FLOP *** 
PastaPizzaRa folds
DePasWINaMAX calls 40
MathisKcr raises 160 to 240
DePasWINaMAX calls 160
*** FLOP *** [Qc 9d 9h]
DePasWINaMAX checks
MathisKcr bets 400
DePasWINaMAX folds
MathisKcr collected 880 from pot
*** SUMMARY ***
Total pot 880 | No rake
Board: [Qc 9d 9h]
Seat 1: MathisKcr (big blind) won 880


Winamax Poker - Tournament "Starting Block WiPT" buyIn: 0€ + 0€ level: 5 - HandId: #4254785188296392705-11-1758031388 - Holdem no limit (40/80) - 2025/09/16 14:03:08 UTC
Table: 'Starting Block WiPT(990644374)#0' 6-max (real money) Seat #6 is the button
Seat 1: MathisKcr (3819)
Seat 4: PastaPizzaRa (2011)
Seat 6: DePasWINaMAX (3170)
*** ANTE/BLINDS ***
MathisKcr posts small blind 40
PastaPizzaRa posts big blind 80
Dealt to MathisKcr [6c 2h]
*** PRE-FLOP *** 
DePasWINaMAX folds
MathisKcr calls 40
PastaPizzaRa checks
*** FLOP *** [3c 7s Jc]
MathisKcr checks
PastaPizzaRa checks
*** TURN *** [3c 7s Jc][Jh]
MathisKcr checks
PastaPizzaRa bets 80
MathisKcr folds
PastaPizzaRa collected 240 from pot
*** SUMMARY ***
Total pot 240 | No rake
Board: [3c 7s Jc Jh]
Seat 4: PastaPizzaRa (big blind) won 240


Winamax Poker - Tournament "Starting Block WiPT" buyIn: 0€ + 0€ level: 6 - HandId: #4254785188296392705-12-1758031405 - Holdem no limit (60/120) - 2025/09/16 14:03:25 UTC
Table: 'Starting Block WiPT(990644374)#0' 6-max (real money) Seat #1 is the button
Seat 1: MathisKcr (3739)
Seat 4: PastaPizzaRa (2091)
Seat 6: DePasWINaMAX (3170)
*** ANTE/BLINDS ***
PastaPizzaRa posts small blind 60
DePasWINaMAX posts big blind 120
Dealt to MathisKcr [9s 3d]
*** PRE-FLOP *** 
MathisKcr folds
PastaPizzaRa folds
DePasWINaMAX collected 180 from pot
*** SUMMARY ***
Total pot 180 | No rake
Seat 6: DePasWINaMAX (big blind) won 180


Winamax Poker - Tournament "Starting Block WiPT" buyIn: 0€ + 0€ level: 6 - HandId: #4254785188296392705-13-1758031412 - Holdem no limit (60/120) - 2025/09/16 14:03:32 UTC
Table: 'Starting Block WiPT(990644374)#0' 6-max (real money) Seat #4 is the button
Seat 1: MathisKcr (3739)
Seat 4: PastaPizzaRa (2031)
Seat 6: DePasWINaMAX (3230)
*** ANTE/BLINDS ***
DePasWINaMAX posts small blind 60
MathisKcr posts big blind 120
Dealt to MathisKcr [4s Ks]
*** PRE-FLOP *** 
PastaPizzaRa folds
DePasWINaMAX calls 60
MathisKcr raises 240 to 360
DePasWINaMAX calls 240
*** FLOP *** [8s 6d Js]
DePasWINaMAX bets 2870 and is all-in
MathisKcr calls 2870
*** TURN *** [8s 6d Js][Kd]
*** RIVER *** [8s 6d Js Kd][Qd]
*** SHOW DOWN ***
MathisKcr shows [4s Ks] (One pair : Kings)
DePasWINaMAX shows [Td 5d] (Flush King high)
DePasWINaMAX collected 6460 from pot
*** SUMMARY ***
Total pot 6460 | No rake
Board: [8s 6d Js Kd Qd]
Seat 1: MathisKcr (big blind) showed [4s Ks] and lost with One pair : Kings
Seat 6: DePasWINaMAX (small blind) showed [Td 5d] and won 6460 with Flush King high


Winamax Poker - Tournament "Starting Block WiPT" buyIn: 0€ + 0€ level: 6 - HandId: #4254785188296392705-14-1758031435 - Holdem no limit (60/120) - 2025/09/16 14:03:55 UTC
Table: 'Starting Block WiPT(990644374)#0' 6-max (real money) Seat #6 is the button
Seat 1: MathisKcr (509)
Seat 4: PastaPizzaRa (2031)
Seat 6: DePasWINaMAX (6460)
*** ANTE/BLINDS ***
MathisKcr posts small blind 60
PastaPizzaRa posts big blind 120
Dealt to MathisKcr [9d Js]
*** PRE-FLOP *** 
DePasWINaMAX folds
MathisKcr raises 389 to 509 and is all-in
PastaPizzaRa folds
MathisKcr collected 629 from pot
*** SUMMARY ***
Total pot 629 | No rake
Seat 1: MathisKcr (small blind) won 629


Winamax Poker - Tournament "Starting Block WiPT" buyIn: 0€ + 0€ level: 6 - HandId: #4254785188296392705-15-1758031447 - Holdem no limit (60/120) - 2025/09/16 14:04:07 UTC
Table: 'Starting Block WiPT(990644374)#0' 6-max (real money) Seat #1 is the button
Seat 1: MathisKcr (629)
Seat 4: PastaPizzaRa (1911)
Seat 6: DePasWINaMAX (6460)
*** ANTE/BLINDS ***
PastaPizzaRa posts small blind 60
DePasWINaMAX posts big blind 120
Dealt to MathisKcr [As 7c]
*** PRE-FLOP *** 
MathisKcr calls 120
PastaPizzaRa folds
DePasWINaMAX raises 6340 to 6460 and is all-in
MathisKcr calls 509 and is all-in
*** FLOP *** [3h 5d 2d]
*** TURN *** [3h 5d 2d][7d]
*** RIVER *** [3h 5d 2d 7d][4c]
*** SHOW DOWN ***
MathisKcr shows [As 7c] (Straight 5 high)
DePasWINaMAX shows [Th Kh] (High card : King)
DePasWINaMAX collected 5831 from side pot 1
MathisKcr collected 1318 from main pot
*** SUMMARY ***
Total pot 7149 | No rake
Board: [3h 5d 2d 7d 4c]
Seat 1: MathisKcr (button) showed [As 7c] and won 1318 with Straight 5 high
Seat 6: DePasWINaMAX (big blind) showed [Th Kh] and won 5831 with High card : King


Winamax Poker - Tournament "Starting Block WiPT" buyIn: 0€ + 0€ level: 6 - HandId: #4254785188296392705-16-1758031473 - Holdem no limit (60/120) - 2025/09/16 14:04:33 UTC
Table: 'Starting Block WiPT(990644374)#0' 6-max (real money) Seat #4 is the button
Seat 1: MathisKcr (1318)
Seat 4: PastaPizzaRa (1851)
Seat 6: DePasWINaMAX (5831)
*** ANTE/BLINDS ***
DePasWINaMAX posts small blind 60
MathisKcr posts big blind 120
Dealt to MathisKcr [Qc 7h]
*** PRE-FLOP *** 
PastaPizzaRa raises 1731 to 1851 and is all-in
DePasWINaMAX folds
MathisKcr folds
PastaPizzaRa collected 2031 from pot
*** SUMMARY ***
Total pot 2031 | No rake
Seat 4: PastaPizzaRa (button) won 2031


Winamax Poker - Tournament "Starting Block WiPT" buyIn: 0€ + 0€ level: 6 - HandId: #4254785188296392705-17-1758031481 - Holdem no limit (60/120) - 2025/09/16 14:04:41 UTC
Table: 'Starting Block WiPT(990644374)#0' 6-max (real money) Seat #6 is the button
Seat 1: MathisKcr (1198)
Seat 4: PastaPizzaRa (2031)
Seat 6: DePasWINaMAX (5771)
*** ANTE/BLINDS ***
MathisKcr posts small blind 60
PastaPizzaRa posts big blind 120
Dealt to MathisKcr [Kh Jd]
*** PRE-FLOP *** 
DePasWINaMAX folds
MathisKcr raises 240 to 360
PastaPizzaRa folds
MathisKcr collected 480 from pot
*** SUMMARY ***
Total pot 480 | No rake
Seat 1: MathisKcr (small blind) won 480


Winamax Poker - Tournament "Starting Block WiPT" buyIn: 0€ + 0€ level: 7 - HandId: #4254785188296392705-18-1758031494 - Holdem no limit (10/60/120) - 2025/09/16 14:04:54 UTC
Table: 'Starting Block WiPT(990644374)#0' 6-max (real money) Seat #1 is the button
Seat 1: MathisKcr (1318)
Seat 4: PastaPizzaRa (1911)
Seat 6: DePasWINaMAX (5771)
*** ANTE/BLINDS ***
PastaPizzaRa posts ante 10
DePasWINaMAX posts ante 10
MathisKcr posts ante 10
PastaPizzaRa posts small blind 60
DePasWINaMAX posts big blind 120
Dealt to MathisKcr [9h 8h]
*** PRE-FLOP *** 
MathisKcr calls 120
PastaPizzaRa calls 60
DePasWINaMAX raises 5641 to 5761 and is all-in
MathisKcr folds
PastaPizzaRa folds
DePasWINaMAX collected 6031 from pot
*** SUMMARY ***
Total pot 6031 | No rake
Seat 6: DePasWINaMAX (big blind) won 6031


Winamax Poker - Tournament "Starting Block WiPT" buyIn: 0€ + 0€ level: 7 - HandId: #4254785188296392705-19-1758031504 - Holdem no limit (10/60/120) - 2025/09/16 14:05:04 UTC
Table: 'Starting Block WiPT(990644374)#0' 6-max (real money) Seat #4 is the button
Seat 1: MathisKcr (1188)
Seat 4: PastaPizzaRa (1781)
Seat 6: DePasWINaMAX (6031)
*** ANTE/BLINDS ***
DePasWINaMAX posts ante 10
MathisKcr posts ante 10
PastaPizzaRa posts ante 10
DePasWINaMAX posts small blind 60
MathisKcr posts big blind 120
Dealt to MathisKcr [9c 6h]
*** PRE-FLOP *** 
PastaPizzaRa folds
DePasWINaMAX folds
MathisKcr collected 210 from pot
*** SUMMARY ***
Total pot 210 | No rake
Seat 1: MathisKcr (big blind) won 210


Winamax Poker - Tournament "Starting Block WiPT" buyIn: 0€ + 0€ level: 7 - HandId: #4254785188296392705-20-1758031510 - Holdem no limit (10/60/120) - 2025/09/16 14:05:10 UTC
Table: 'Starting Block WiPT(990644374)#0' 6-max (real money) Seat #6 is the button
Seat 1: MathisKcr (1268)
Seat 4: PastaPizzaRa (1771)
Seat 6: DePasWINaMAX (5961)
*** ANTE/BLINDS ***
MathisKcr posts ante 10
PastaPizzaRa posts ante 10
DePasWINaMAX posts ante 10
MathisKcr posts small blind 60
PastaPizzaRa posts big blind 120
Dealt to MathisKcr [Jd Qd]
*** PRE-FLOP *** 
DePasWINaMAX folds
MathisKcr raises 240 to 360
PastaPizzaRa folds
MathisKcr collected 510 from pot
*** SUMMARY ***
Total pot 510 | No rake
Seat 1: MathisKcr (small blind) won 510


Winamax Poker - Tournament "Starting Block WiPT" buyIn: 0€ + 0€ level: 7 - HandId: #4254785188296392705-21-1758031519 - Holdem no limit (10/60/120) - 2025/09/16 14:05:19 UTC
Table: 'Starting Block WiPT(990644374)#0' 6-max (real money) Seat #1 is the button
Seat 1: MathisKcr (1408)
Seat 4: PastaPizzaRa (1641)
Seat 6: DePasWINaMAX (5951)
*** ANTE/BLINDS ***
PastaPizzaRa posts ante 10
DePasWINaMAX posts ante 10
MathisKcr posts ante 10
PastaPizzaRa posts small blind 60
DePasWINaMAX posts big blind 120
Dealt to MathisKcr [9s Ac]
*** PRE-FLOP *** 
MathisKcr calls 120
PastaPizzaRa folds
DePasWINaMAX checks
*** FLOP *** [4h 6s 8d]
DePasWINaMAX checks
MathisKcr bets 360
DePasWINaMAX raises 5461 to 5821 and is all-in
MathisKcr calls 918 and is all-in
*** TURN *** [4h 6s 8d][7c]
*** RIVER *** [4h 6s 8d 7c][3d]
*** SHOW DOWN ***
MathisKcr shows [9s Ac] (High card : Ace)
DePasWINaMAX shows [Kh 6h] (One pair : 6)
DePasWINaMAX collected 7429 from pot
*** SUMMARY ***
Total pot 7429 | No rake
Board: [4h 6s 8d 7c 3d]
Seat 1: MathisKcr (button) showed [9s Ac] and lost with High card : Ace
Seat 6: DePasWINaMAX (big blind) showed [Kh 6h] and won 7429 with One pair : 6


