Winamax Poker - Tournament "Tremplin Saint-Malo" buyIn: 0€ + 0€ level: 1 - HandId: #4166882841428230517-1-1766343632 - Holdem no limit (10/20) - 2025/12/21 19:00:32 UTC
Table: 'Tremplin Saint-Malo(970178014)#0372' 8-max (real money) Seat #7 is the button
Seat 1: Katwish (3000)
Seat 2: AvecCoeur (3000)
Seat 3: Cuppagrits (3000)
Seat 4: XMChasseur83 (3000)
Seat 5: tunisiano22 (3000)
Seat 6: Gbessiark (3000)
Seat 7: MathisKcr (3000)
Seat 8: yonini (3000)
*** ANTE/BLINDS ***
yonini posts small blind 10
Katwish posts big blind 20
Dealt to MathisKcr [3c 5h]
*** PRE-FLOP *** 
AvecCoeur folds
Cuppagrits folds
XMChasseur83 folds
tunisiano22 folds
Gbessiark raises 50 to 70
MathisKcr folds
yonini calls 60
Katwish calls 50
*** FLOP *** [7h 7s Td]
yonini checks
Katwish checks
Gbessiark checks
*** TURN *** [7h 7s Td][6s]
yonini checks
Katwish bets 20
Gbessiark calls 20
yonini calls 20
*** RIVER *** [7h 7s Td 6s][4d]
yonini checks
Katwish bets 176
Gbessiark folds
yonini folds
Katwish collected 446 from pot
*** SUMMARY ***
Total pot 446 | No rake
Board: [7h 7s Td 6s 4d]
Seat 1: Katwish (big blind) won 446


Winamax Poker - Tournament "Tremplin Saint-Malo" buyIn: 0€ + 0€ level: 1 - HandId: #4166882841428230517-2-1766343831 - Holdem no limit (10/20) - 2025/12/21 19:03:51 UTC
Table: 'Tremplin Saint-Malo(970178014)#0372' 8-max (real money) Seat #8 is the button
Seat 1: Katwish (3180)
Seat 2: AvecCoeur (3000)
Seat 3: Cuppagrits (3000)
Seat 4: XMChasseur83 (3000)
Seat 5: tunisiano22 (3000)
Seat 6: Gbessiark (2910)
Seat 7: MathisKcr (3000)
Seat 8: yonini (2910)
*** ANTE/BLINDS ***
Katwish posts small blind 10
AvecCoeur posts big blind 20
Dealt to MathisKcr [2h 8c]
*** PRE-FLOP *** 
Cuppagrits folds
XMChasseur83 folds
tunisiano22 calls 20
Gbessiark raises 70 to 90
MathisKcr folds
yonini calls 90
Katwish calls 80
AvecCoeur folds
tunisiano22 calls 70
*** FLOP *** [5s Jd 7h]
Katwish bets 133
tunisiano22 calls 133
Gbessiark folds
yonini folds
*** TURN *** [5s Jd 7h][Ts]
Katwish bets 226
tunisiano22 calls 226
*** RIVER *** [5s Jd 7h Ts][Qs]
Katwish bets 384
tunisiano22 calls 384
*** SHOW DOWN ***
tunisiano22 shows [7s Ad] (One pair : 7)
Katwish shows [Jc Th] (Two pairs : Jacks and Tens)
Katwish collected 1866 from pot
*** SUMMARY ***
Total pot 1866 | No rake
Board: [5s Jd 7h Ts Qs]
Seat 1: Katwish (small blind) showed [Jc Th] and won 1866 with Two pairs : Jacks and Tens
Seat 5: tunisiano22 showed [7s Ad] and lost with One pair : 7


Winamax Poker - Tournament "Tremplin Saint-Malo" buyIn: 0€ + 0€ level: 1 - HandId: #4166882841428230517-3-1766343907 - Holdem no limit (10/20) - 2025/12/21 19:05:07 UTC
Table: 'Tremplin Saint-Malo(970178014)#0372' 8-max (real money) Seat #1 is the button
Seat 1: Katwish (4213)
Seat 2: AvecCoeur (2980)
Seat 3: Cuppagrits (3000)
Seat 4: XMChasseur83 (3000)
Seat 5: tunisiano22 (2167)
Seat 6: Gbessiark (2820)
Seat 7: MathisKcr (3000)
Seat 8: yonini (2820)
*** ANTE/BLINDS ***
AvecCoeur posts small blind 10
Cuppagrits posts big blind 20
Dealt to MathisKcr [Qd 7s]
*** PRE-FLOP *** 
XMChasseur83 folds
tunisiano22 folds
Gbessiark calls 20
MathisKcr raises 20 to 40
yonini folds
Katwish calls 40
AvecCoeur folds
Cuppagrits raises 150 to 190
Gbessiark folds
MathisKcr folds
Katwish folds
Cuppagrits collected 300 from pot
*** SUMMARY ***
Total pot 300 | No rake
Seat 3: Cuppagrits (big blind) won 300


Winamax Poker - Tournament "Tremplin Saint-Malo" buyIn: 0€ + 0€ level: 1 - HandId: #4166882841428230517-4-1766343939 - Holdem no limit (10/20) - 2025/12/21 19:05:39 UTC
Table: 'Tremplin Saint-Malo(970178014)#0372' 8-max (real money) Seat #2 is the button
Seat 1: Katwish (4173)
Seat 2: AvecCoeur (2970)
Seat 3: Cuppagrits (3110)
Seat 4: XMChasseur83 (3000)
Seat 5: tunisiano22 (2167)
Seat 6: Gbessiark (2800)
Seat 7: MathisKcr (2960)
Seat 8: yonini (2820)
*** ANTE/BLINDS ***
Cuppagrits posts small blind 10
XMChasseur83 posts big blind 20
Dealt to MathisKcr [Td 4c]
*** PRE-FLOP *** 
tunisiano22 folds
Gbessiark raises 50 to 70
MathisKcr folds
yonini folds
Katwish folds
AvecCoeur folds
Cuppagrits calls 60
XMChasseur83 folds
*** FLOP *** [Jh 5s 7h]
Cuppagrits checks
Gbessiark checks
*** TURN *** [Jh 5s 7h][5h]
Cuppagrits checks
Gbessiark checks
*** RIVER *** [Jh 5s 7h 5h][Ah]
Cuppagrits bets 160
Gbessiark calls 160
*** SHOW DOWN ***
Gbessiark shows [9c As] (Two pairs : Aces and 5)
Cuppagrits shows [9d 5d] (Trips of 5)
Cuppagrits collected 480 from pot
*** SUMMARY ***
Total pot 480 | No rake
Board: [Jh 5s 7h 5h Ah]
Seat 3: Cuppagrits (small blind) showed [9d 5d] and won 480 with Trips of 5
Seat 6: Gbessiark showed [9c As] and lost with Two pairs : Aces and 5


Winamax Poker - Tournament "Tremplin Saint-Malo" buyIn: 0€ + 0€ level: 1 - HandId: #4166882841428230517-5-1766343967 - Holdem no limit (10/20) - 2025/12/21 19:06:07 UTC
Table: 'Tremplin Saint-Malo(970178014)#0372' 8-max (real money) Seat #3 is the button
Seat 1: Katwish (4173)
Seat 2: AvecCoeur (2970)
Seat 3: Cuppagrits (3360)
Seat 4: XMChasseur83 (2980)
Seat 5: tunisiano22 (2167)
Seat 6: Gbessiark (2570)
Seat 7: MathisKcr (2960)
Seat 8: yonini (2820)
*** ANTE/BLINDS ***
XMChasseur83 posts small blind 10
tunisiano22 posts big blind 20
Dealt to MathisKcr [2h 4d]
*** PRE-FLOP *** 
Gbessiark raises 50 to 70
MathisKcr folds
yonini calls 70
Katwish folds
AvecCoeur folds
Cuppagrits raises 240 to 310
XMChasseur83 folds
tunisiano22 folds
Gbessiark raises 720 to 1030
yonini raises 1790 to 2820 and is all-in
Cuppagrits raises 540 to 3360 and is all-in
Gbessiark calls 1540 and is all-in
*** FLOP *** [7s Ts 6d]
*** TURN *** [7s Ts 6d][4h]
*** RIVER *** [7s Ts 6d 4h][7h]
*** SHOW DOWN ***
Gbessiark shows [Kd As] (One pair : 7)
yonini shows [Qs Ac] (One pair : 7)
Cuppagrits shows [Jc Jh] (Two pairs : Jacks and 7)
Cuppagrits collected 8780 from pot
*** SUMMARY ***
Total pot 8780 | No rake
Board: [7s Ts 6d 4h 7h]
Seat 3: Cuppagrits (button) showed [Jc Jh] and won 8780 with Two pairs : Jacks and 7
Seat 6: Gbessiark showed [Kd As] and lost with One pair : 7
Seat 8: yonini showed [Qs Ac] and lost with One pair : 7


Winamax Poker - Tournament "Tremplin Saint-Malo" buyIn: 0€ + 0€ level: 1 - HandId: #4166882841428230517-6-1766344010 - Holdem no limit (10/20) - 2025/12/21 19:06:50 UTC
Table: 'Tremplin Saint-Malo(970178014)#0372' 8-max (real money) Seat #4 is the button
Seat 1: Katwish (4173)
Seat 2: AvecCoeur (2970)
Seat 3: Cuppagrits (8780)
Seat 4: XMChasseur83 (2970)
Seat 5: tunisiano22 (2147)
Seat 7: MathisKcr (2960)
*** ANTE/BLINDS ***
tunisiano22 posts small blind 10
MathisKcr posts big blind 20
Dealt to MathisKcr [9h 9d]
*** PRE-FLOP *** 
Katwish calls 20
AvecCoeur folds
Cuppagrits folds
XMChasseur83 folds
tunisiano22 raises 2127 to 2147 and is all-in
MathisKcr raises 813 to 2960 and is all-in
Katwish folds
*** FLOP *** [Kh 6s 5h]
*** TURN *** [Kh 6s 5h][Ts]
*** RIVER *** [Kh 6s 5h Ts][Qh]
*** SHOW DOWN ***
tunisiano22 shows [Ah 9s] (High card : Ace)
MathisKcr shows [9h 9d] (One pair : 9)
MathisKcr collected 5127 from pot
*** SUMMARY ***
Total pot 5127 | No rake
Board: [Kh 6s 5h Ts Qh]
Seat 5: tunisiano22 (small blind) showed [Ah 9s] and lost with High card : Ace
Seat 7: MathisKcr (big blind) showed [9h 9d] and won 5127 with One pair : 9


Winamax Poker - Tournament "Tremplin Saint-Malo" buyIn: 0€ + 0€ level: 1 - HandId: #4166882841428230517-7-1766344039 - Holdem no limit (10/20) - 2025/12/21 19:07:19 UTC
Table: 'Tremplin Saint-Malo(970178014)#0372' 8-max (real money) Seat #5 is the button
Seat 1: Katwish (4153)
Seat 2: AvecCoeur (2970)
Seat 3: Cuppagrits (8780)
Seat 4: XMChasseur83 (2970)
Seat 6: akwakwa (3000)
Seat 7: MathisKcr (5127)
Seat 8: OPTIK2K (3000)
*** ANTE/BLINDS ***
MathisKcr posts small blind 10
OPTIK2K posts big blind 20
Dealt to MathisKcr [3c Tc]
*** PRE-FLOP *** 
Katwish calls 20
AvecCoeur folds
Cuppagrits folds
XMChasseur83 folds
MathisKcr folds
OPTIK2K checks
*** FLOP *** [7d Ah Ks]
OPTIK2K checks
Katwish bets 20
OPTIK2K calls 20
*** TURN *** [7d Ah Ks][Qd]
OPTIK2K checks
Katwish bets 20
OPTIK2K calls 20
*** RIVER *** [7d Ah Ks Qd][Ad]
OPTIK2K checks
Katwish checks
*** SHOW DOWN ***
OPTIK2K shows [9s Jh] (One pair : Aces)
Katwish shows [Kc 4h] (Two pairs : Aces and Kings)
Katwish collected 130 from pot
*** SUMMARY ***
Total pot 130 | No rake
Board: [7d Ah Ks Qd Ad]
Seat 1: Katwish showed [Kc 4h] and won 130 with Two pairs : Aces and Kings
Seat 8: OPTIK2K (big blind) showed [9s Jh] and lost with One pair : Aces


Winamax Poker - Tournament "Tremplin Saint-Malo" buyIn: 0€ + 0€ level: 1 - HandId: #4166882841428230517-8-1766344077 - Holdem no limit (10/20) - 2025/12/21 19:07:57 UTC
Table: 'Tremplin Saint-Malo(970178014)#0372' 8-max (real money) Seat #7 is the button
Seat 1: Katwish (4223)
Seat 2: AvecCoeur (2970)
Seat 3: Cuppagrits (8780)
Seat 4: XMChasseur83 (2970)
Seat 6: akwakwa (3000)
Seat 7: MathisKcr (5117)
Seat 8: OPTIK2K (2940)
*** ANTE/BLINDS ***
OPTIK2K posts small blind 10
Katwish posts big blind 20
Dealt to MathisKcr [2c 9s]
*** PRE-FLOP *** 
AvecCoeur folds
Cuppagrits calls 20
XMChasseur83 folds
akwakwa folds
MathisKcr folds
OPTIK2K calls 10
Katwish checks
*** FLOP *** [5d Kh Js]
OPTIK2K checks
Katwish checks
Cuppagrits checks
*** TURN *** [5d Kh Js][3c]
OPTIK2K checks
Katwish checks
Cuppagrits checks
*** RIVER *** [5d Kh Js 3c][8c]
OPTIK2K bets 39
Katwish folds
Cuppagrits calls 39
*** SHOW DOWN ***
OPTIK2K shows [9d Ah] (High card : Ace)
Cuppagrits shows [Jh 8h] (Two pairs : Jacks and 8)
Cuppagrits collected 138 from pot
*** SUMMARY ***
Total pot 138 | No rake
Board: [5d Kh Js 3c 8c]
Seat 3: Cuppagrits showed [Jh 8h] and won 138 with Two pairs : Jacks and 8
Seat 8: OPTIK2K (small blind) showed [9d Ah] and lost with High card : Ace


Winamax Poker - Tournament "Tremplin Saint-Malo" buyIn: 0€ + 0€ level: 2 - HandId: #4166882841428230517-9-1766344133 - Holdem no limit (15/30) - 2025/12/21 19:08:53 UTC
Table: 'Tremplin Saint-Malo(970178014)#0372' 8-max (real money) Seat #8 is the button
Seat 1: Katwish (4203)
Seat 2: AvecCoeur (2970)
Seat 4: XMChasseur83 (2970)
Seat 5: Lamandza (3000)
Seat 6: akwakwa (3000)
Seat 7: MathisKcr (5117)
Seat 8: OPTIK2K (2881)
*** ANTE/BLINDS ***
Katwish posts small blind 15
AvecCoeur posts big blind 30
Dealt to MathisKcr [5s 5h]
*** PRE-FLOP *** 
XMChasseur83 folds
Lamandza calls 30
akwakwa calls 30
MathisKcr raises 60 to 90
OPTIK2K folds
Katwish folds
AvecCoeur folds
Lamandza calls 60
akwakwa calls 60
*** FLOP *** [Qc Tc Qs]
Lamandza checks
akwakwa checks
MathisKcr checks
*** TURN *** [Qc Tc Qs][3d]
Lamandza checks
akwakwa checks
MathisKcr checks
*** RIVER *** [Qc Tc Qs 3d][Qh]
Lamandza checks
akwakwa checks
MathisKcr bets 60
Lamandza calls 60
akwakwa calls 60
*** SHOW DOWN ***
Lamandza shows [Js 9d] (Trips of Queens)
akwakwa shows [5c 5d] (Full of Queens and 5)
MathisKcr shows [5s 5h] (Full of Queens and 5)
MathisKcr collected 248 from pot
akwakwa collected 247 from pot
*** SUMMARY ***
Total pot 495 | No rake
Board: [Qc Tc Qs 3d Qh]
Seat 5: Lamandza showed [Js 9d] and lost with Trips of Queens
Seat 6: akwakwa showed [5c 5d] and won 247 with Full of Queens and 5
Seat 7: MathisKcr showed [5s 5h] and won 248 with Full of Queens and 5


Winamax Poker - Tournament "Tremplin Saint-Malo" buyIn: 0€ + 0€ level: 2 - HandId: #4166882841428230517-10-1766344181 - Holdem no limit (15/30) - 2025/12/21 19:09:41 UTC
Table: 'Tremplin Saint-Malo(970178014)#0372' 8-max (real money) Seat #1 is the button
Seat 1: Katwish (4188)
Seat 2: AvecCoeur (2940)
Seat 4: XMChasseur83 (2970)
Seat 5: Lamandza (2850)
Seat 6: akwakwa (3097)
Seat 7: MathisKcr (5215)
Seat 8: OPTIK2K (2881)
*** ANTE/BLINDS ***
AvecCoeur posts small blind 15
XMChasseur83 posts big blind 30
Dealt to MathisKcr [6d 6c]
*** PRE-FLOP *** 
Lamandza calls 30
akwakwa raises 3067 to 3097 and is all-in
MathisKcr folds
OPTIK2K folds
Katwish folds
AvecCoeur folds
XMChasseur83 folds
Lamandza calls 2820 and is all-in
*** FLOP *** [9s Th 4h]
*** TURN *** [9s Th 4h][8c]
*** RIVER *** [9s Th 4h 8c][2s]
*** SHOW DOWN ***
Lamandza shows [Kd 9h] (One pair : 9)
akwakwa shows [Js Jd] (One pair : Jacks)
akwakwa collected 5992 from pot
*** SUMMARY ***
Total pot 5992 | No rake
Board: [9s Th 4h 8c 2s]
Seat 5: Lamandza showed [Kd 9h] and lost with One pair : 9
Seat 6: akwakwa showed [Js Jd] and won 5992 with One pair : Jacks


Winamax Poker - Tournament "Tremplin Saint-Malo" buyIn: 0€ + 0€ level: 2 - HandId: #4166882841428230517-11-1766344210 - Holdem no limit (15/30) - 2025/12/21 19:10:10 UTC
Table: 'Tremplin Saint-Malo(970178014)#0372' 8-max (real money) Seat #2 is the button
Seat 1: Katwish (4188)
Seat 2: AvecCoeur (2925)
Seat 4: XMChasseur83 (2940)
Seat 6: akwakwa (5992)
Seat 7: MathisKcr (5215)
Seat 8: OPTIK2K (2881)
*** ANTE/BLINDS ***
XMChasseur83 posts small blind 15
akwakwa posts big blind 30
Dealt to MathisKcr [Qs 4s]
*** PRE-FLOP *** 
MathisKcr raises 30 to 60
OPTIK2K calls 60
Katwish calls 60
AvecCoeur folds
XMChasseur83 folds
akwakwa raises 5932 to 5992 and is all-in
MathisKcr folds
OPTIK2K folds
Katwish folds
akwakwa collected 6187 from pot
*** SUMMARY ***
Total pot 6187 | No rake
Seat 6: akwakwa (big blind) won 6187


Winamax Poker - Tournament "Tremplin Saint-Malo" buyIn: 0€ + 0€ level: 2 - HandId: #4166882841428230517-12-1766344234 - Holdem no limit (15/30) - 2025/12/21 19:10:34 UTC
Table: 'Tremplin Saint-Malo(970178014)#0372' 8-max (real money) Seat #4 is the button
Seat 1: Katwish (4128)
Seat 2: AvecCoeur (2925)
Seat 3: Jack-Flou731 (3000)
Seat 4: XMChasseur83 (2925)
Seat 5: Nam3N (2980)
Seat 6: akwakwa (6187)
Seat 7: MathisKcr (5155)
Seat 8: OPTIK2K (2821)
*** ANTE/BLINDS ***
akwakwa posts small blind 15
MathisKcr posts big blind 30
Dealt to MathisKcr [As Ah]
*** PRE-FLOP *** 
OPTIK2K folds
Katwish folds
AvecCoeur folds
Jack-Flou731 raises 45 to 75
XMChasseur83 folds
akwakwa calls 60
MathisKcr raises 45 to 120
Jack-Flou731 calls 45
akwakwa calls 45
*** FLOP *** [5d 5h 9c]
akwakwa checks
MathisKcr bets 234
Jack-Flou731 folds
akwakwa folds
MathisKcr collected 594 from pot
*** SUMMARY ***
Total pot 594 | No rake
Board: [5d 5h 9c]
Seat 7: MathisKcr (big blind) won 594


Winamax Poker - Tournament "Tremplin Saint-Malo" buyIn: 0€ + 0€ level: 2 - HandId: #4166882841428230517-13-1766344274 - Holdem no limit (15/30) - 2025/12/21 19:11:14 UTC
Table: 'Tremplin Saint-Malo(970178014)#0372' 8-max (real money) Seat #6 is the button
Seat 1: Katwish (4128)
Seat 2: AvecCoeur (2925)
Seat 3: Jack-Flou731 (2880)
Seat 4: XMChasseur83 (2925)
Seat 5: Nam3N (2980)
Seat 6: akwakwa (6067)
Seat 7: MathisKcr (5395)
Seat 8: OPTIK2K (2821)
*** ANTE/BLINDS ***
MathisKcr posts small blind 15
OPTIK2K posts big blind 30
Dealt to MathisKcr [2s Kh]
*** PRE-FLOP *** 
Katwish calls 30
AvecCoeur folds
Jack-Flou731 folds
XMChasseur83 folds
Nam3N folds
akwakwa folds
MathisKcr calls 15
OPTIK2K checks
*** FLOP *** [6h 8c Tc]
MathisKcr checks
OPTIK2K checks
Katwish bets 59
MathisKcr folds
OPTIK2K folds
Katwish collected 149 from pot
*** SUMMARY ***
Total pot 149 | No rake
Board: [6h 8c Tc]
Seat 1: Katwish won 149


Winamax Poker - Tournament "Tremplin Saint-Malo" buyIn: 0€ + 0€ level: 2 - HandId: #4166882841428230517-14-1766344330 - Holdem no limit (15/30) - 2025/12/21 19:12:10 UTC
Table: 'Tremplin Saint-Malo(970178014)#0372' 8-max (real money) Seat #7 is the button
Seat 1: Katwish (4188)
Seat 2: AvecCoeur (2925)
Seat 3: Jack-Flou731 (2880)
Seat 4: XMChasseur83 (2925)
Seat 5: Nam3N (2980)
Seat 6: akwakwa (6067)
Seat 7: MathisKcr (5365)
Seat 8: OPTIK2K (2791)
*** ANTE/BLINDS ***
OPTIK2K posts small blind 15
Katwish posts big blind 30
Dealt to MathisKcr [Jd 5s]
*** PRE-FLOP *** 
AvecCoeur folds
Jack-Flou731 folds
XMChasseur83 folds
Nam3N folds
akwakwa folds
MathisKcr raises 30 to 60
OPTIK2K folds
Katwish calls 30
*** FLOP *** [9c 3h Qs]
Katwish checks
MathisKcr bets 75
Katwish folds
MathisKcr collected 210 from pot
*** SUMMARY ***
Total pot 210 | No rake
Board: [9c 3h Qs]
Seat 7: MathisKcr (button) won 210


Winamax Poker - Tournament "Tremplin Saint-Malo" buyIn: 0€ + 0€ level: 2 - HandId: #4166882841428230517-15-1766344377 - Holdem no limit (15/30) - 2025/12/21 19:12:57 UTC
Table: 'Tremplin Saint-Malo(970178014)#0372' 8-max (real money) Seat #8 is the button
Seat 1: Katwish (4128)
Seat 2: AvecCoeur (2925)
Seat 3: Jack-Flou731 (2880)
Seat 4: XMChasseur83 (2925)
Seat 5: Nam3N (2980)
Seat 6: akwakwa (6067)
Seat 7: MathisKcr (5440)
Seat 8: OPTIK2K (2776)
*** ANTE/BLINDS ***
Katwish posts small blind 15
AvecCoeur posts big blind 30
Dealt to MathisKcr [Qd 4d]
*** PRE-FLOP *** 
Jack-Flou731 raises 45 to 75
XMChasseur83 calls 75
Nam3N folds
akwakwa calls 75
MathisKcr calls 75
OPTIK2K folds
Katwish calls 60
AvecCoeur folds
*** FLOP *** [5h 2h 2d]
Katwish checks
Jack-Flou731 checks
XMChasseur83 checks
akwakwa checks
MathisKcr checks
*** TURN *** [5h 2h 2d][2c]
Katwish checks
Jack-Flou731 checks
XMChasseur83 bets 203
akwakwa folds
MathisKcr folds
Katwish folds
Jack-Flou731 folds
XMChasseur83 collected 608 from pot
*** SUMMARY ***
Total pot 608 | No rake
Board: [5h 2h 2d 2c]
Seat 4: XMChasseur83 won 608


Winamax Poker - Tournament "Tremplin Saint-Malo" buyIn: 0€ + 0€ level: 2 - HandId: #4166882841428230517-16-1766344503 - Holdem no limit (15/30) - 2025/12/21 19:15:03 UTC
Table: 'Tremplin Saint-Malo(970178014)#0372' 8-max (real money) Seat #1 is the button
Seat 1: Katwish (4053)
Seat 2: AvecCoeur (2895)
Seat 3: Jack-Flou731 (2805)
Seat 4: XMChasseur83 (3255)
Seat 5: Nam3N (2980)
Seat 6: akwakwa (5992)
Seat 7: MathisKcr (5365)
Seat 8: OPTIK2K (2776)
*** ANTE/BLINDS ***
AvecCoeur posts small blind 15
Jack-Flou731 posts big blind 30
Dealt to MathisKcr [2d 7h]
*** PRE-FLOP *** 
XMChasseur83 folds
Nam3N folds
akwakwa folds
MathisKcr folds
OPTIK2K calls 30
Katwish folds
AvecCoeur folds
Jack-Flou731 checks
*** FLOP *** [8s 5d Ad]
Jack-Flou731 checks
OPTIK2K checks
*** TURN *** [8s 5d Ad][9c]
Jack-Flou731 bets 49
OPTIK2K calls 49
*** RIVER *** [8s 5d Ad 9c][6d]
Jack-Flou731 checks
OPTIK2K checks
*** SHOW DOWN ***
Jack-Flou731 shows [9d 4s] (One pair : 9)
OPTIK2K shows [Jh 9h] (One pair : 9)
OPTIK2K collected 173 from pot
*** SUMMARY ***
Total pot 173 | No rake
Board: [8s 5d Ad 9c 6d]
Seat 3: Jack-Flou731 (big blind) showed [9d 4s] and lost with One pair : 9
Seat 8: OPTIK2K showed [Jh 9h] and won 173 with One pair : 9


Winamax Poker - Tournament "Tremplin Saint-Malo" buyIn: 0€ + 0€ level: 2 - HandId: #4166882841428230517-17-1766344581 - Holdem no limit (15/30) - 2025/12/21 19:16:21 UTC
Table: 'Tremplin Saint-Malo(970178014)#0372' 8-max (real money) Seat #2 is the button
Seat 1: Katwish (4053)
Seat 2: AvecCoeur (2880)
Seat 3: Jack-Flou731 (2726)
Seat 4: XMChasseur83 (3255)
Seat 5: Nam3N (2980)
Seat 6: akwakwa (5992)
Seat 7: MathisKcr (5365)
Seat 8: OPTIK2K (2870)
*** ANTE/BLINDS ***
Jack-Flou731 posts small blind 15
XMChasseur83 posts big blind 30
Dealt to MathisKcr [9s 2d]
*** PRE-FLOP *** 
Nam3N folds
akwakwa folds
MathisKcr folds
OPTIK2K folds
Katwish calls 30
AvecCoeur folds
Jack-Flou731 calls 15
XMChasseur83 raises 90 to 120
Katwish calls 90
Jack-Flou731 calls 90
*** FLOP *** [3d 8d 5s]
Jack-Flou731 checks
XMChasseur83 checks
Katwish bets 126
Jack-Flou731 calls 126
XMChasseur83 calls 126
*** TURN *** [3d 8d 5s][Kc]
Jack-Flou731 checks
XMChasseur83 checks
Katwish checks
*** RIVER *** [3d 8d 5s Kc][3s]
Jack-Flou731 bets 258
XMChasseur83 calls 258
Katwish folds
*** SHOW DOWN ***
XMChasseur83 shows [Th Ad] (One pair : 3)
Jack-Flou731 shows [5c 5h] (Full of 5 and 3)
Jack-Flou731 collected 1254 from pot
*** SUMMARY ***
Total pot 1254 | No rake
Board: [3d 8d 5s Kc 3s]
Seat 3: Jack-Flou731 (small blind) showed [5c 5h] and won 1254 with Full of 5 and 3
Seat 4: XMChasseur83 (big blind) showed [Th Ad] and lost with One pair : 3


Winamax Poker - Tournament "Tremplin Saint-Malo" buyIn: 0€ + 0€ level: 3 - HandId: #4166882841428230517-18-1766344665 - Holdem no limit (20/40) - 2025/12/21 19:17:45 UTC
Table: 'Tremplin Saint-Malo(970178014)#0372' 8-max (real money) Seat #3 is the button
Seat 1: Katwish (3807)
Seat 2: AvecCoeur (2880)
Seat 3: Jack-Flou731 (3476)
Seat 4: XMChasseur83 (2751)
Seat 5: Nam3N (2980)
Seat 6: akwakwa (5992)
Seat 7: MathisKcr (5365)
Seat 8: OPTIK2K (2870)
*** ANTE/BLINDS ***
XMChasseur83 posts small blind 20
Nam3N posts big blind 40
Dealt to MathisKcr [2c 9s]
*** PRE-FLOP *** 
akwakwa folds
MathisKcr folds
OPTIK2K raises 100 to 140
Katwish calls 140
AvecCoeur folds
Jack-Flou731 folds
XMChasseur83 calls 120
Nam3N raises 660 to 800
OPTIK2K folds
Katwish folds
XMChasseur83 calls 660
*** FLOP *** [Ts Jh Kd]
XMChasseur83 bets 1951 and is all-in
Nam3N calls 1951
*** TURN *** [Ts Jh Kd][9h]
*** RIVER *** [Ts Jh Kd 9h][3d]
*** SHOW DOWN ***
XMChasseur83 shows [8c Jc] (One pair : Jacks)
Nam3N shows [Qh Ah] (Straight Ace high)
Nam3N collected 5782 from pot
*** SUMMARY ***
Total pot 5782 | No rake
Board: [Ts Jh Kd 9h 3d]
Seat 4: XMChasseur83 (small blind) showed [8c Jc] and lost with One pair : Jacks
Seat 5: Nam3N (big blind) showed [Qh Ah] and won 5782 with Straight Ace high


Winamax Poker - Tournament "Tremplin Saint-Malo" buyIn: 0€ + 0€ level: 3 - HandId: #4166882841428230517-19-1766344746 - Holdem no limit (20/40) - 2025/12/21 19:19:06 UTC
Table: 'Tremplin Saint-Malo(970178014)#0372' 8-max (real money) Seat #4 is the button
Seat 1: Katwish (3667)
Seat 2: AvecCoeur (2880)
Seat 3: Jack-Flou731 (3476)
Seat 5: Nam3N (6011)
Seat 6: akwakwa (5992)
Seat 7: MathisKcr (5365)
Seat 8: OPTIK2K (2730)
*** ANTE/BLINDS ***
Nam3N posts small blind 20
akwakwa posts big blind 40
Dealt to MathisKcr [Jc 8s]
*** PRE-FLOP *** 
MathisKcr raises 40 to 80
OPTIK2K calls 80
Katwish calls 80
AvecCoeur folds
Jack-Flou731 folds
Nam3N folds
akwakwa calls 40
*** FLOP *** [Kh 7d Qd]
akwakwa checks
MathisKcr checks
OPTIK2K bets 221
Katwish folds
akwakwa folds
MathisKcr folds
OPTIK2K collected 561 from pot
*** SUMMARY ***
Total pot 561 | No rake
Board: [Kh 7d Qd]
Seat 8: OPTIK2K won 561


Winamax Poker - Tournament "Tremplin Saint-Malo" buyIn: 0€ + 0€ level: 3 - HandId: #4166882841428230517-20-1766344825 - Holdem no limit (20/40) - 2025/12/21 19:20:25 UTC
Table: 'Tremplin Saint-Malo(970178014)#0372' 8-max (real money) Seat #5 is the button
Seat 1: Katwish (3587)
Seat 2: AvecCoeur (2880)
Seat 3: Jack-Flou731 (3476)
Seat 4: HCG22 (3000)
Seat 5: Nam3N (5991)
Seat 6: akwakwa (5912)
Seat 7: MathisKcr (5285)
Seat 8: OPTIK2K (2990)
*** ANTE/BLINDS ***
akwakwa posts small blind 20
MathisKcr posts big blind 40
Dealt to MathisKcr [8h Qs]
*** PRE-FLOP *** 
OPTIK2K calls 40
Katwish folds
AvecCoeur folds
Jack-Flou731 folds
HCG22 folds
Nam3N folds
akwakwa calls 20
MathisKcr checks
*** FLOP *** [Jh Qc 3d]
akwakwa checks
MathisKcr bets 80
OPTIK2K calls 80
akwakwa calls 80
*** TURN *** [Jh Qc 3d][8s]
akwakwa checks
MathisKcr bets 120
OPTIK2K folds
akwakwa calls 120
*** RIVER *** [Jh Qc 3d 8s][Js]
akwakwa checks
MathisKcr bets 200
akwakwa calls 200
*** SHOW DOWN ***
MathisKcr shows [8h Qs] (Two pairs : Queens and Jacks)
akwakwa shows [Th Qh] (Two pairs : Queens and Jacks)
akwakwa collected 1000 from pot
*** SUMMARY ***
Total pot 1000 | No rake
Board: [Jh Qc 3d 8s Js]
Seat 6: akwakwa (small blind) showed [Th Qh] and won 1000 with Two pairs : Queens and Jacks
Seat 7: MathisKcr (big blind) showed [8h Qs] and lost with Two pairs : Queens and Jacks


Winamax Poker - Tournament "Tremplin Saint-Malo" buyIn: 0€ + 0€ level: 3 - HandId: #4166882841428230517-21-1766344912 - Holdem no limit (20/40) - 2025/12/21 19:21:52 UTC
Table: 'Tremplin Saint-Malo(970178014)#0372' 8-max (real money) Seat #6 is the button
Seat 1: Katwish (3587)
Seat 2: AvecCoeur (2880)
Seat 3: Jack-Flou731 (3476)
Seat 4: HCG22 (3000)
Seat 5: Nam3N (5991)
Seat 6: akwakwa (6472)
Seat 7: MathisKcr (4845)
Seat 8: OPTIK2K (2870)
*** ANTE/BLINDS ***
MathisKcr posts small blind 20
OPTIK2K posts big blind 40
Dealt to MathisKcr [5h Jd]
*** PRE-FLOP *** 
Katwish raises 40 to 80
AvecCoeur folds
Jack-Flou731 folds
HCG22 folds
Nam3N folds
akwakwa raises 220 to 300
MathisKcr folds
OPTIK2K folds
Katwish calls 220
*** FLOP *** [Kh Tc Ks]
Katwish bets 231
akwakwa calls 231
*** TURN *** [Kh Tc Ks][9c]
Katwish checks
akwakwa bets 729
Katwish calls 729
*** RIVER *** [Kh Tc Ks 9c][5d]
Katwish checks
akwakwa bets 903
Katwish calls 903
*** SHOW DOWN ***
Katwish shows [Ah Jc] (One pair : Kings)
akwakwa shows [As Kc] (Trips of Kings)
akwakwa collected 4386 from pot
*** SUMMARY ***
Total pot 4386 | No rake
Board: [Kh Tc Ks 9c 5d]
Seat 1: Katwish showed [Ah Jc] and lost with One pair : Kings
Seat 6: akwakwa (button) showed [As Kc] and won 4386 with Trips of Kings


Winamax Poker - Tournament "Tremplin Saint-Malo" buyIn: 0€ + 0€ level: 3 - HandId: #4166882841428230517-22-1766344990 - Holdem no limit (20/40) - 2025/12/21 19:23:10 UTC
Table: 'Tremplin Saint-Malo(970178014)#0372' 8-max (real money) Seat #7 is the button
Seat 1: Katwish (1424)
Seat 2: AvecCoeur (2880)
Seat 3: Jack-Flou731 (3476)
Seat 4: HCG22 (3000)
Seat 5: Nam3N (5991)
Seat 6: akwakwa (8695)
Seat 7: MathisKcr (4825)
Seat 8: OPTIK2K (2830)
*** ANTE/BLINDS ***
OPTIK2K posts small blind 20
Katwish posts big blind 40
Dealt to MathisKcr [2c Ac]
*** PRE-FLOP *** 
AvecCoeur folds
Jack-Flou731 folds
HCG22 folds
Nam3N folds
akwakwa folds
MathisKcr raises 40 to 80
OPTIK2K calls 60
Katwish calls 40
*** FLOP *** [9h Jd Kc]
OPTIK2K checks
Katwish checks
MathisKcr bets 80
OPTIK2K calls 80
Katwish folds
*** TURN *** [9h Jd Kc][7d]
OPTIK2K checks
MathisKcr bets 120
OPTIK2K raises 146 to 266
MathisKcr calls 146
*** RIVER *** [9h Jd Kc 7d][Kh]
OPTIK2K bets 606
MathisKcr folds
OPTIK2K collected 1538 from pot
*** SUMMARY ***
Total pot 1538 | No rake
Board: [9h Jd Kc 7d Kh]
Seat 8: OPTIK2K (small blind) won 1538


Winamax Poker - Tournament "Tremplin Saint-Malo" buyIn: 0€ + 0€ level: 4 - HandId: #4166882841428230517-23-1766345073 - Holdem no limit (30/60) - 2025/12/21 19:24:33 UTC
Table: 'Tremplin Saint-Malo(970178014)#0372' 8-max (real money) Seat #8 is the button
Seat 1: Katwish (1344)
Seat 2: AvecCoeur (2880)
Seat 3: Jack-Flou731 (3476)
Seat 4: HCG22 (3000)
Seat 5: Nam3N (5991)
Seat 6: akwakwa (8695)
Seat 7: MathisKcr (4399)
Seat 8: OPTIK2K (3336)
*** ANTE/BLINDS ***
Katwish posts small blind 30
AvecCoeur posts big blind 60
Dealt to MathisKcr [7s Ac]
*** PRE-FLOP *** 
Jack-Flou731 calls 60
HCG22 folds
Nam3N folds
akwakwa folds
MathisKcr raises 60 to 120
OPTIK2K calls 120
Katwish calls 90
AvecCoeur folds
Jack-Flou731 calls 60
*** FLOP *** [8s 3d Jc]
Katwish checks
Jack-Flou731 bets 135
MathisKcr folds
OPTIK2K calls 135
Katwish folds
*** TURN *** [8s 3d Jc][3s]
Jack-Flou731 checks
OPTIK2K checks
*** RIVER *** [8s 3d Jc 3s][Td]
Jack-Flou731 bets 527
OPTIK2K calls 527
*** SHOW DOWN ***
OPTIK2K shows [9d 8d] (Two pairs : 8 and 3)
Jack-Flou731 shows [Tc 8c] (Two pairs : Tens and 8)
Jack-Flou731 collected 1864 from pot
*** SUMMARY ***
Total pot 1864 | No rake
Board: [8s 3d Jc 3s Td]
Seat 3: Jack-Flou731 showed [Tc 8c] and won 1864 with Two pairs : Tens and 8
Seat 8: OPTIK2K (button) showed [9d 8d] and lost with Two pairs : 8 and 3


Winamax Poker - Tournament "Tremplin Saint-Malo" buyIn: 0€ + 0€ level: 4 - HandId: #4166882841428230517-24-1766345179 - Holdem no limit (30/60) - 2025/12/21 19:26:19 UTC
Table: 'Tremplin Saint-Malo(970178014)#0372' 8-max (real money) Seat #1 is the button
Seat 1: Katwish (1224)
Seat 2: AvecCoeur (2820)
Seat 3: Jack-Flou731 (4558)
Seat 4: HCG22 (3000)
Seat 5: Nam3N (5991)
Seat 6: akwakwa (8695)
Seat 7: MathisKcr (4279)
Seat 8: OPTIK2K (2554)
*** ANTE/BLINDS ***
AvecCoeur posts small blind 30
Jack-Flou731 posts big blind 60
Dealt to MathisKcr [7s Td]
*** PRE-FLOP *** 
HCG22 folds
Nam3N folds
akwakwa folds
MathisKcr folds
OPTIK2K folds
Katwish calls 60
AvecCoeur folds
Jack-Flou731 checks
*** FLOP *** [Jh Ts 3h]
Jack-Flou731 checks
Katwish checks
*** TURN *** [Jh Ts 3h][Qs]
Jack-Flou731 bets 75
Katwish folds
Jack-Flou731 collected 225 from pot
*** SUMMARY ***
Total pot 225 | No rake
Board: [Jh Ts 3h Qs]
Seat 3: Jack-Flou731 (big blind) won 225


Winamax Poker - Tournament "Tremplin Saint-Malo" buyIn: 0€ + 0€ level: 4 - HandId: #4166882841428230517-25-1766345234 - Holdem no limit (30/60) - 2025/12/21 19:27:14 UTC
Table: 'Tremplin Saint-Malo(970178014)#0372' 8-max (real money) Seat #2 is the button
Seat 1: Katwish (1164)
Seat 2: AvecCoeur (2790)
Seat 3: Jack-Flou731 (4648)
Seat 4: HCG22 (3000)
Seat 5: Nam3N (5991)
Seat 6: akwakwa (8695)
Seat 7: MathisKcr (4279)
Seat 8: OPTIK2K (2554)
*** ANTE/BLINDS ***
Jack-Flou731 posts small blind 30
HCG22 posts big blind 60
Dealt to MathisKcr [9s Jh]
*** PRE-FLOP *** 
Nam3N folds
akwakwa folds
MathisKcr raises 60 to 120
OPTIK2K folds
Katwish folds
AvecCoeur folds
Jack-Flou731 calls 90
HCG22 folds
*** FLOP *** [9d Tc 9c]
Jack-Flou731 checks
MathisKcr bets 120
Jack-Flou731 calls 120
*** TURN *** [9d Tc 9c][Qc]
Jack-Flou731 checks
MathisKcr bets 270
Jack-Flou731 calls 270
*** RIVER *** [9d Tc 9c Qc][5s]
Jack-Flou731 checks
MathisKcr bets 378
Jack-Flou731 calls 378
*** SHOW DOWN ***
Jack-Flou731 shows [Qh Ts] (Two pairs : Queens and Tens)
MathisKcr shows [9s Jh] (Trips of 9)
MathisKcr collected 1836 from pot
*** SUMMARY ***
Total pot 1836 | No rake
Board: [9d Tc 9c Qc 5s]
Seat 3: Jack-Flou731 (small blind) showed [Qh Ts] and lost with Two pairs : Queens and Tens
Seat 7: MathisKcr showed [9s Jh] and won 1836 with Trips of 9


Winamax Poker - Tournament "Tremplin Saint-Malo" buyIn: 0€ + 0€ level: 4 - HandId: #4166882841428230517-26-1766345317 - Holdem no limit (30/60) - 2025/12/21 19:28:37 UTC
Table: 'Tremplin Saint-Malo(970178014)#0372' 8-max (real money) Seat #3 is the button
Seat 1: Katwish (1164)
Seat 2: AvecCoeur (2790)
Seat 3: Jack-Flou731 (3760)
Seat 4: HCG22 (2940)
Seat 5: Nam3N (5991)
Seat 6: akwakwa (8695)
Seat 7: MathisKcr (5227)
Seat 8: OPTIK2K (2554)
*** ANTE/BLINDS ***
HCG22 posts small blind 30
Nam3N posts big blind 60
Dealt to MathisKcr [4s Qh]
*** PRE-FLOP *** 
akwakwa folds
MathisKcr calls 60
OPTIK2K raises 210 to 270
Katwish folds
AvecCoeur folds
Jack-Flou731 folds
HCG22 folds
Nam3N calls 210
MathisKcr folds
*** FLOP *** [3d 6c Qc]
Nam3N checks
OPTIK2K bets 221
Nam3N calls 221
*** TURN *** [3d 6c Qc][4c]
Nam3N checks
OPTIK2K checks
*** RIVER *** [3d 6c Qc 4c][2h]
Nam3N checks
OPTIK2K checks
*** SHOW DOWN ***
OPTIK2K shows [Ah Th] (High card : Ace)
Nam3N shows [Qs Kc] (One pair : Queens)
Nam3N collected 1072 from pot
*** SUMMARY ***
Total pot 1072 | No rake
Board: [3d 6c Qc 4c 2h]
Seat 5: Nam3N (big blind) showed [Qs Kc] and won 1072 with One pair : Queens
Seat 8: OPTIK2K showed [Ah Th] and lost with High card : Ace


Winamax Poker - Tournament "Tremplin Saint-Malo" buyIn: 0€ + 0€ level: 4 - HandId: #4166882841428230517-27-1766345418 - Holdem no limit (30/60) - 2025/12/21 19:30:18 UTC
Table: 'Tremplin Saint-Malo(970178014)#0372' 8-max (real money) Seat #4 is the button
Seat 1: Katwish (1164)
Seat 2: AvecCoeur (2790)
Seat 3: Jack-Flou731 (3760)
Seat 4: HCG22 (2910)
Seat 5: Nam3N (6572)
Seat 6: akwakwa (8695)
Seat 7: MathisKcr (5167)
Seat 8: OPTIK2K (2063)
*** ANTE/BLINDS ***
Nam3N posts small blind 30
akwakwa posts big blind 60
Dealt to MathisKcr [5h 4c]
*** PRE-FLOP *** 
MathisKcr folds
OPTIK2K folds
Katwish raises 1104 to 1164 and is all-in
AvecCoeur folds
Jack-Flou731 folds
HCG22 raises 1746 to 2910 and is all-in
Nam3N folds
akwakwa calls 2850
*** FLOP *** [9s 7h 7c]
*** TURN *** [9s 7h 7c][Qs]
*** RIVER *** [9s 7h 7c Qs][6d]
*** SHOW DOWN ***
Katwish shows [8h 8d] (Two pairs : 8 and 7)
akwakwa shows [Jc Jd] (Two pairs : Jacks and 7)
HCG22 shows [As Ad] (Two pairs : Aces and 7)
HCG22 collected 7014 from pot
*** SUMMARY ***
Total pot 7014 | No rake
Board: [9s 7h 7c Qs 6d]
Seat 1: Katwish showed [8h 8d] and lost with Two pairs : 8 and 7
Seat 4: HCG22 (button) showed [As Ad] and won 7014 with Two pairs : Aces and 7
Seat 6: akwakwa (big blind) showed [Jc Jd] and lost with Two pairs : Jacks and 7


Winamax Poker - Tournament "Tremplin Saint-Malo" buyIn: 0€ + 0€ level: 4 - HandId: #4166882841428230517-28-1766345457 - Holdem no limit (30/60) - 2025/12/21 19:30:57 UTC
Table: 'Tremplin Saint-Malo(970178014)#0372' 8-max (real money) Seat #5 is the button
Seat 2: AvecCoeur (2790)
Seat 3: Jack-Flou731 (3760)
Seat 4: HCG22 (7014)
Seat 5: Nam3N (6542)
Seat 6: akwakwa (5785)
Seat 7: MathisKcr (5167)
Seat 8: OPTIK2K (2063)
*** ANTE/BLINDS ***
akwakwa posts small blind 30
MathisKcr posts big blind 60
Dealt to MathisKcr [3d 7c]
*** PRE-FLOP *** 
OPTIK2K folds
AvecCoeur folds
Jack-Flou731 raises 90 to 150
HCG22 folds
Nam3N raises 300 to 450
akwakwa folds
MathisKcr folds
Jack-Flou731 calls 300
*** FLOP *** [Kh Td 7d]
Jack-Flou731 checks
Nam3N checks
*** TURN *** [Kh Td 7d][2d]
Jack-Flou731 checks
Nam3N bets 644
Jack-Flou731 folds
Nam3N collected 1634 from pot
*** SUMMARY ***
Total pot 1634 | No rake
Board: [Kh Td 7d 2d]
Seat 5: Nam3N (button) won 1634


Winamax Poker - Tournament "Tremplin Saint-Malo" buyIn: 0€ + 0€ level: 5 - HandId: #4166882841428230517-29-1766345554 - Holdem no limit (40/80) - 2025/12/21 19:32:34 UTC
Table: 'Tremplin Saint-Malo(970178014)#0372' 8-max (real money) Seat #6 is the button
Seat 1: Chewie-29 (3000)
Seat 2: AvecCoeur (2790)
Seat 3: Jack-Flou731 (3310)
Seat 4: HCG22 (7014)
Seat 5: Nam3N (7082)
Seat 6: akwakwa (5755)
Seat 7: MathisKcr (5107)
Seat 8: OPTIK2K (2063)
*** ANTE/BLINDS ***
MathisKcr posts small blind 40
OPTIK2K posts big blind 80
Dealt to MathisKcr [8h Qc]
*** PRE-FLOP *** 
Chewie-29 raises 80 to 160
AvecCoeur folds
Jack-Flou731 folds
HCG22 folds
Nam3N calls 160
akwakwa folds
MathisKcr calls 120
OPTIK2K calls 80
*** FLOP *** [5c 2s Js]
MathisKcr bets 160
OPTIK2K calls 160
Chewie-29 raises 2680 to 2840 and is all-in
Nam3N raises 4082 to 6922 and is all-in
MathisKcr folds
OPTIK2K folds
*** TURN *** [5c 2s Js][8c]
*** RIVER *** [5c 2s Js 8c][3c]
*** SHOW DOWN ***
Chewie-29 shows [3d Jd] (Two pairs : Jacks and 3)
Nam3N shows [Jc Kd] (One pair : Jacks)
Nam3N collected 4082 from side pot 1
Chewie-29 collected 6640 from main pot
*** SUMMARY ***
Total pot 10722 | No rake
Board: [5c 2s Js 8c 3c]
Seat 1: Chewie-29 showed [3d Jd] and won 6640 with Two pairs : Jacks and 3
Seat 5: Nam3N showed [Jc Kd] and won 4082 with One pair : Jacks


Winamax Poker - Tournament "Tremplin Saint-Malo" buyIn: 0€ + 0€ level: 5 - HandId: #4166882841428230517-30-1766345624 - Holdem no limit (40/80) - 2025/12/21 19:33:44 UTC
Table: 'Tremplin Saint-Malo(970178014)#0372' 8-max (real money) Seat #7 is the button
Seat 1: Chewie-29 (6640)
Seat 2: AvecCoeur (2790)
Seat 3: Jack-Flou731 (3310)
Seat 4: HCG22 (7014)
Seat 5: Nam3N (4082)
Seat 6: akwakwa (5755)
Seat 7: MathisKcr (4787)
Seat 8: OPTIK2K (1743)
*** ANTE/BLINDS ***
OPTIK2K posts small blind 40
Chewie-29 posts big blind 80
Dealt to MathisKcr [9h Tc]
*** PRE-FLOP *** 
AvecCoeur folds
Jack-Flou731 folds
HCG22 calls 80
Nam3N folds
akwakwa folds
MathisKcr folds
OPTIK2K calls 40
Chewie-29 checks
*** FLOP *** [9d Qd 8s]
OPTIK2K bets 84
Chewie-29 raises 408 to 492
HCG22 calls 492
OPTIK2K folds
*** TURN *** [9d Qd 8s][4s]
Chewie-29 bets 1308
HCG22 raises 1308 to 2616
Chewie-29 raises 3452 to 6068 and is all-in
HCG22 calls 3452
*** RIVER *** [9d Qd 8s 4s][4h]
*** SHOW DOWN ***
Chewie-29 shows [Qc 2s] (Two pairs : Queens and 4)
HCG22 shows [Jd Ts] (Straight Queen high)
HCG22 collected 13444 from pot
*** SUMMARY ***
Total pot 13444 | No rake
Board: [9d Qd 8s 4s 4h]
Seat 1: Chewie-29 (big blind) showed [Qc 2s] and lost with Two pairs : Queens and 4
Seat 4: HCG22 showed [Jd Ts] and won 13444 with Straight Queen high


Winamax Poker - Tournament "Tremplin Saint-Malo" buyIn: 0€ + 0€ level: 5 - HandId: #4166882841428230517-31-1766345752 - Holdem no limit (40/80) - 2025/12/21 19:35:52 UTC
Table: 'Tremplin Saint-Malo(970178014)#0372' 8-max (real money) Seat #8 is the button
Seat 2: AvecCoeur (2790)
Seat 3: Jack-Flou731 (3310)
Seat 4: HCG22 (13818)
Seat 5: Nam3N (4082)
Seat 6: akwakwa (5755)
Seat 7: MathisKcr (4787)
Seat 8: OPTIK2K (1579)
*** ANTE/BLINDS ***
AvecCoeur posts big blind 80
Dealt to MathisKcr [3d 2s]
*** PRE-FLOP *** 
Jack-Flou731 folds
HCG22 calls 80
Nam3N folds
akwakwa raises 560 to 640
MathisKcr folds
OPTIK2K folds
AvecCoeur folds
HCG22 folds
akwakwa collected 800 from pot
*** SUMMARY ***
Total pot 800 | No rake
Seat 6: akwakwa won 800


Winamax Poker - Tournament "Tremplin Saint-Malo" buyIn: 0€ + 0€ level: 5 - HandId: #4166882841428230517-32-1766345795 - Holdem no limit (40/80) - 2025/12/21 19:36:35 UTC
Table: 'Tremplin Saint-Malo(970178014)#0372' 8-max (real money) Seat #1 is the button
Seat 2: AvecCoeur (2710)
Seat 3: Jack-Flou731 (3310)
Seat 4: HCG22 (13738)
Seat 5: Nam3N (4082)
Seat 6: akwakwa (5915)
Seat 7: MathisKcr (4787)
Seat 8: OPTIK2K (1579)
*** ANTE/BLINDS ***
AvecCoeur posts small blind 40
Jack-Flou731 posts big blind 80
Dealt to MathisKcr [Js 8h]
*** PRE-FLOP *** 
HCG22 folds
Nam3N folds
akwakwa folds
MathisKcr raises 80 to 160
OPTIK2K folds
AvecCoeur folds
Jack-Flou731 raises 240 to 400
MathisKcr calls 240
*** FLOP *** [As 9s 4h]
Jack-Flou731 bets 420
MathisKcr folds
Jack-Flou731 collected 1260 from pot
*** SUMMARY ***
Total pot 1260 | No rake
Board: [As 9s 4h]
Seat 3: Jack-Flou731 (big blind) won 1260


Winamax Poker - Tournament "Tremplin Saint-Malo" buyIn: 0€ + 0€ level: 5 - HandId: #4166882841428230517-33-1766345873 - Holdem no limit (40/80) - 2025/12/21 19:37:53 UTC
Table: 'Tremplin Saint-Malo(970178014)#0372' 8-max (real money) Seat #2 is the button
Seat 1: JK-AS-TQ (3000)
Seat 2: AvecCoeur (2670)
Seat 3: Jack-Flou731 (3750)
Seat 4: HCG22 (13738)
Seat 5: Nam3N (4082)
Seat 6: akwakwa (5915)
Seat 7: MathisKcr (4387)
Seat 8: OPTIK2K (1579)
*** ANTE/BLINDS ***
Jack-Flou731 posts small blind 40
HCG22 posts big blind 80
Dealt to MathisKcr [2s Kh]
*** PRE-FLOP *** 
Nam3N folds
akwakwa folds
MathisKcr raises 80 to 160
OPTIK2K folds
JK-AS-TQ folds
AvecCoeur folds
Jack-Flou731 calls 120
HCG22 calls 80
*** FLOP *** [Ts Td 5h]
Jack-Flou731 checks
HCG22 checks
MathisKcr checks
*** TURN *** [Ts Td 5h][3s]
Jack-Flou731 bets 240
HCG22 folds
MathisKcr folds
Jack-Flou731 collected 720 from pot
*** SUMMARY ***
Total pot 720 | No rake
Board: [Ts Td 5h 3s]
Seat 3: Jack-Flou731 (small blind) won 720


Winamax Poker - Tournament "Tremplin Saint-Malo" buyIn: 0€ + 0€ level: 5 - HandId: #4166882841428230517-34-1766345948 - Holdem no limit (40/80) - 2025/12/21 19:39:08 UTC
Table: 'Tremplin Saint-Malo(970178014)#0372' 8-max (real money) Seat #3 is the button
Seat 1: JK-AS-TQ (3000)
Seat 2: AvecCoeur (2670)
Seat 3: Jack-Flou731 (4070)
Seat 4: HCG22 (13578)
Seat 5: Nam3N (4082)
Seat 6: akwakwa (5915)
Seat 7: MathisKcr (4227)
Seat 8: OPTIK2K (1579)
*** ANTE/BLINDS ***
HCG22 posts small blind 40
Nam3N posts big blind 80
Dealt to MathisKcr [3d 8c]
*** PRE-FLOP *** 
akwakwa raises 80 to 160
MathisKcr folds
OPTIK2K folds
JK-AS-TQ folds
AvecCoeur folds
Jack-Flou731 folds
HCG22 folds
Nam3N calls 80
*** FLOP *** [9s 2s 9c]
Nam3N checks
akwakwa checks
*** TURN *** [9s 2s 9c][4d]
Nam3N checks
akwakwa bets 360
Nam3N folds
akwakwa collected 720 from pot
*** SUMMARY ***
Total pot 720 | No rake
Board: [9s 2s 9c 4d]
Seat 6: akwakwa won 720


Winamax Poker - Tournament "Tremplin Saint-Malo" buyIn: 0€ + 0€ level: 5 - HandId: #4166882841428230517-35-1766346021 - Holdem no limit (40/80) - 2025/12/21 19:40:21 UTC
Table: 'Tremplin Saint-Malo(970178014)#0372' 8-max (real money) Seat #4 is the button
Seat 1: JK-AS-TQ (3000)
Seat 2: AvecCoeur (2670)
Seat 3: Jack-Flou731 (4070)
Seat 4: HCG22 (13538)
Seat 5: Nam3N (3922)
Seat 6: akwakwa (6115)
Seat 7: MathisKcr (4227)
Seat 8: OPTIK2K (1579)
*** ANTE/BLINDS ***
Nam3N posts small blind 40
akwakwa posts big blind 80
Dealt to MathisKcr [Js 4d]
*** PRE-FLOP *** 
MathisKcr folds
OPTIK2K folds
JK-AS-TQ folds
AvecCoeur folds
Jack-Flou731 folds
HCG22 folds
Nam3N raises 160 to 240
akwakwa folds
Nam3N collected 320 from pot
*** SUMMARY ***
Total pot 320 | No rake
Seat 5: Nam3N (small blind) won 320


Winamax Poker - Tournament "Tremplin Saint-Malo" buyIn: 0€ + 0€ level: 6 - HandId: #4166882841428230517-36-1766346057 - Holdem no limit (60/120) - 2025/12/21 19:40:57 UTC
Table: 'Tremplin Saint-Malo(970178014)#0372' 8-max (real money) Seat #5 is the button
Seat 1: JK-AS-TQ (3000)
Seat 2: AvecCoeur (2670)
Seat 3: Jack-Flou731 (4070)
Seat 4: HCG22 (13538)
Seat 5: Nam3N (4002)
Seat 6: akwakwa (6035)
Seat 7: MathisKcr (4227)
Seat 8: OPTIK2K (1579)
*** ANTE/BLINDS ***
akwakwa posts small blind 60
MathisKcr posts big blind 120
Dealt to MathisKcr [2s 9s]
*** PRE-FLOP *** 
OPTIK2K folds
JK-AS-TQ folds
AvecCoeur folds
Jack-Flou731 raises 180 to 300
HCG22 calls 300
Nam3N calls 300
akwakwa raises 5735 to 6035 and is all-in
MathisKcr folds
Jack-Flou731 folds
HCG22 folds
Nam3N folds
akwakwa collected 7055 from pot
*** SUMMARY ***
Total pot 7055 | No rake
Seat 6: akwakwa (small blind) won 7055


Winamax Poker - Tournament "Tremplin Saint-Malo" buyIn: 0€ + 0€ level: 6 - HandId: #4166882841428230517-37-1766346129 - Holdem no limit (60/120) - 2025/12/21 19:42:09 UTC
Table: 'Tremplin Saint-Malo(970178014)#0372' 8-max (real money) Seat #6 is the button
Seat 1: JK-AS-TQ (3000)
Seat 2: AvecCoeur (2670)
Seat 3: Jack-Flou731 (3770)
Seat 4: HCG22 (13238)
Seat 5: Nam3N (3702)
Seat 6: akwakwa (7055)
Seat 7: MathisKcr (4107)
Seat 8: OPTIK2K (1579)
*** ANTE/BLINDS ***
MathisKcr posts small blind 60
OPTIK2K posts big blind 120
Dealt to MathisKcr [2h 7d]
*** PRE-FLOP *** 
JK-AS-TQ folds
AvecCoeur folds
Jack-Flou731 raises 180 to 300
HCG22 folds
Nam3N folds
akwakwa folds
MathisKcr folds
OPTIK2K folds
Jack-Flou731 collected 480 from pot
*** SUMMARY ***
Total pot 480 | No rake
Seat 3: Jack-Flou731 won 480


Winamax Poker - Tournament "Tremplin Saint-Malo" buyIn: 0€ + 0€ level: 6 - HandId: #4166882841428230517-38-1766346153 - Holdem no limit (60/120) - 2025/12/21 19:42:33 UTC
Table: 'Tremplin Saint-Malo(970178014)#0372' 8-max (real money) Seat #7 is the button
Seat 1: JK-AS-TQ (3000)
Seat 2: AvecCoeur (2670)
Seat 3: Jack-Flou731 (3950)
Seat 4: HCG22 (13238)
Seat 5: Nam3N (3702)
Seat 6: akwakwa (7055)
Seat 7: MathisKcr (4047)
Seat 8: OPTIK2K (1459)
*** ANTE/BLINDS ***
OPTIK2K posts small blind 60
JK-AS-TQ posts big blind 120
Dealt to MathisKcr [7h 5h]
*** PRE-FLOP *** 
AvecCoeur folds
Jack-Flou731 folds
HCG22 folds
Nam3N folds
akwakwa raises 6935 to 7055 and is all-in
MathisKcr folds
OPTIK2K folds
JK-AS-TQ folds
akwakwa collected 7235 from pot
*** SUMMARY ***
Total pot 7235 | No rake
Seat 6: akwakwa won 7235


Winamax Poker - Tournament "Tremplin Saint-Malo" buyIn: 0€ + 0€ level: 6 - HandId: #4166882841428230517-39-1766346193 - Holdem no limit (60/120) - 2025/12/21 19:43:13 UTC
Table: 'Tremplin Saint-Malo(970178014)#0372' 8-max (real money) Seat #8 is the button
Seat 1: JK-AS-TQ (2880)
Seat 2: AvecCoeur (2670)
Seat 3: Jack-Flou731 (3950)
Seat 4: HCG22 (13238)
Seat 5: Nam3N (3702)
Seat 6: akwakwa (7235)
Seat 7: MathisKcr (4047)
Seat 8: OPTIK2K (1399)
*** ANTE/BLINDS ***
JK-AS-TQ posts small blind 60
AvecCoeur posts big blind 120
Dealt to MathisKcr [8h Kc]
*** PRE-FLOP *** 
Jack-Flou731 raises 120 to 240
HCG22 folds
Nam3N folds
akwakwa folds
MathisKcr calls 240
OPTIK2K folds
JK-AS-TQ folds
AvecCoeur folds
*** FLOP *** [Ah 6h 7d]
Jack-Flou731 bets 231
MathisKcr folds
Jack-Flou731 collected 891 from pot
*** SUMMARY ***
Total pot 891 | No rake
Board: [Ah 6h 7d]
Seat 3: Jack-Flou731 won 891


Winamax Poker - Tournament "Tremplin Saint-Malo" buyIn: 0€ + 0€ level: 6 - HandId: #4166882841428230517-40-1766346243 - Holdem no limit (60/120) - 2025/12/21 19:44:03 UTC
Table: 'Tremplin Saint-Malo(970178014)#0372' 8-max (real money) Seat #1 is the button
Seat 1: JK-AS-TQ (2820)
Seat 2: AvecCoeur (2550)
Seat 3: Jack-Flou731 (4370)
Seat 4: HCG22 (13238)
Seat 5: Nam3N (3702)
Seat 6: akwakwa (7235)
Seat 7: MathisKcr (3807)
Seat 8: OPTIK2K (1399)
*** ANTE/BLINDS ***
AvecCoeur posts small blind 60
Jack-Flou731 posts big blind 120
Dealt to MathisKcr [2c 2h]
*** PRE-FLOP *** 
HCG22 folds
Nam3N folds
akwakwa raises 120 to 240
MathisKcr folds
OPTIK2K folds
JK-AS-TQ calls 240
AvecCoeur folds
Jack-Flou731 calls 120
*** FLOP *** [Th 4h Jh]
Jack-Flou731 checks
akwakwa checks
JK-AS-TQ bets 273
Jack-Flou731 calls 273
akwakwa folds
*** TURN *** [Th 4h Jh][8s]
Jack-Flou731 checks
JK-AS-TQ bets 2307 and is all-in
Jack-Flou731 folds
JK-AS-TQ collected 3633 from pot
*** SUMMARY ***
Total pot 3633 | No rake
Board: [Th 4h Jh 8s]
Seat 1: JK-AS-TQ (button) won 3633


Winamax Poker - Tournament "Tremplin Saint-Malo" buyIn: 0€ + 0€ level: 6 - HandId: #4166882841428230517-41-1766346325 - Holdem no limit (60/120) - 2025/12/21 19:45:25 UTC
Table: 'Tremplin Saint-Malo(970178014)#0372' 8-max (real money) Seat #2 is the button
Seat 1: JK-AS-TQ (3633)
Seat 2: AvecCoeur (2490)
Seat 3: Jack-Flou731 (3857)
Seat 4: HCG22 (13238)
Seat 5: Nam3N (3702)
Seat 6: akwakwa (6995)
Seat 7: MathisKcr (3807)
Seat 8: OPTIK2K (1399)
*** ANTE/BLINDS ***
Jack-Flou731 posts small blind 60
HCG22 posts big blind 120
Dealt to MathisKcr [Jc 6h]
*** PRE-FLOP *** 
Nam3N folds
akwakwa folds
MathisKcr folds
OPTIK2K folds
JK-AS-TQ folds
AvecCoeur folds
Jack-Flou731 folds
HCG22 collected 180 from pot
*** SUMMARY ***
Total pot 180 | No rake
Seat 4: HCG22 (big blind) won 180


Winamax Poker - Tournament "Tremplin Saint-Malo" buyIn: 0€ + 0€ level: 6 - HandId: #4166882841428230517-42-1766346371 - Holdem no limit (60/120) - 2025/12/21 19:46:11 UTC
Table: 'Tremplin Saint-Malo(970178014)#0372' 8-max (real money) Seat #3 is the button
Seat 1: JK-AS-TQ (3633)
Seat 2: AvecCoeur (2490)
Seat 3: Jack-Flou731 (3797)
Seat 4: HCG22 (13298)
Seat 5: Nam3N (3702)
Seat 6: akwakwa (6995)
Seat 7: MathisKcr (3807)
Seat 8: OPTIK2K (1399)
*** ANTE/BLINDS ***
HCG22 posts small blind 60
Nam3N posts big blind 120
Dealt to MathisKcr [7s 3s]
*** PRE-FLOP *** 
akwakwa folds
MathisKcr folds
OPTIK2K calls 120
JK-AS-TQ raises 150 to 270
AvecCoeur folds
Jack-Flou731 folds
HCG22 folds
Nam3N calls 150
OPTIK2K calls 150
*** FLOP *** [Td 4c 6d]
Nam3N checks
OPTIK2K bets 566
JK-AS-TQ folds
Nam3N folds
OPTIK2K collected 1436 from pot
*** SUMMARY ***
Total pot 1436 | No rake
Board: [Td 4c 6d]
Seat 8: OPTIK2K won 1436


Winamax Poker - Tournament "Tremplin Saint-Malo" buyIn: 0€ + 0€ level: 6 - HandId: #4166882841428230517-43-1766346440 - Holdem no limit (60/120) - 2025/12/21 19:47:20 UTC
Table: 'Tremplin Saint-Malo(970178014)#0372' 8-max (real money) Seat #4 is the button
Seat 1: JK-AS-TQ (3363)
Seat 2: AvecCoeur (2490)
Seat 3: Jack-Flou731 (3797)
Seat 4: HCG22 (13238)
Seat 5: Nam3N (3432)
Seat 6: akwakwa (6995)
Seat 7: MathisKcr (3807)
Seat 8: OPTIK2K (1999)
*** ANTE/BLINDS ***
Nam3N posts small blind 60
akwakwa posts big blind 120
Dealt to MathisKcr [8s Qd]
*** PRE-FLOP *** 
MathisKcr raises 120 to 240
OPTIK2K calls 240
JK-AS-TQ calls 240
AvecCoeur folds
Jack-Flou731 folds
HCG22 folds
Nam3N folds
akwakwa folds
*** FLOP *** [Tc 5s 9s]
MathisKcr checks
OPTIK2K bets 315
JK-AS-TQ folds
MathisKcr calls 315
*** TURN *** [Tc 5s 9s][7s]
MathisKcr checks
OPTIK2K bets 536
MathisKcr calls 536
*** RIVER *** [Tc 5s 9s 7s][4h]
MathisKcr checks
OPTIK2K bets 908 and is all-in
MathisKcr folds
OPTIK2K collected 3510 from pot
*** SUMMARY ***
Total pot 3510 | No rake
Board: [Tc 5s 9s 7s 4h]
Seat 8: OPTIK2K won 3510


Winamax Poker - Tournament "Tremplin Saint-Malo" buyIn: 0€ + 0€ level: 7 - HandId: #4166882841428230517-44-1766346526 - Holdem no limit (75/150) - 2025/12/21 19:48:46 UTC
Table: 'Tremplin Saint-Malo(970178014)#0372' 8-max (real money) Seat #5 is the button
Seat 1: JK-AS-TQ (3123)
Seat 2: AvecCoeur (2490)
Seat 3: Jack-Flou731 (3797)
Seat 4: HCG22 (13238)
Seat 5: Nam3N (3372)
Seat 6: akwakwa (6875)
Seat 7: MathisKcr (2716)
Seat 8: OPTIK2K (3510)
*** ANTE/BLINDS ***
akwakwa posts small blind 75
MathisKcr posts big blind 150
Dealt to MathisKcr [6d 5c]
*** PRE-FLOP *** 
OPTIK2K raises 3360 to 3510 and is all-in
JK-AS-TQ folds
AvecCoeur folds
Jack-Flou731 folds
HCG22 folds
Nam3N folds
akwakwa folds
MathisKcr folds
OPTIK2K collected 3735 from pot
*** SUMMARY ***
Total pot 3735 | No rake
Seat 8: OPTIK2K won 3735


Winamax Poker - Tournament "Tremplin Saint-Malo" buyIn: 0€ + 0€ level: 7 - HandId: #4166882841428230517-45-1766346561 - Holdem no limit (75/150) - 2025/12/21 19:49:21 UTC
Table: 'Tremplin Saint-Malo(970178014)#0372' 8-max (real money) Seat #6 is the button
Seat 1: JK-AS-TQ (3123)
Seat 2: AvecCoeur (2490)
Seat 3: Jack-Flou731 (3797)
Seat 4: HCG22 (13238)
Seat 5: Nam3N (3372)
Seat 6: akwakwa (6800)
Seat 7: MathisKcr (2566)
Seat 8: OPTIK2K (3735)
*** ANTE/BLINDS ***
MathisKcr posts small blind 75
OPTIK2K posts big blind 150
Dealt to MathisKcr [3h Kd]
*** PRE-FLOP *** 
JK-AS-TQ folds
AvecCoeur folds
Jack-Flou731 folds
HCG22 folds
Nam3N folds
akwakwa raises 150 to 300
MathisKcr folds
OPTIK2K calls 150
*** FLOP *** [Kh 7h 5d]
OPTIK2K checks
akwakwa checks
*** TURN *** [Kh 7h 5d][Jh]
OPTIK2K checks
akwakwa checks
*** RIVER *** [Kh 7h 5d Jh][2s]
OPTIK2K checks
akwakwa bets 236
OPTIK2K folds
akwakwa collected 911 from pot
*** SUMMARY ***
Total pot 911 | No rake
Board: [Kh 7h 5d Jh 2s]
Seat 6: akwakwa (button) won 911


Winamax Poker - Tournament "Tremplin Saint-Malo" buyIn: 0€ + 0€ level: 7 - HandId: #4166882841428230517-46-1766346629 - Holdem no limit (75/150) - 2025/12/21 19:50:29 UTC
Table: 'Tremplin Saint-Malo(970178014)#0372' 8-max (real money) Seat #7 is the button
Seat 1: JK-AS-TQ (3123)
Seat 2: AvecCoeur (2490)
Seat 3: Jack-Flou731 (3797)
Seat 4: HCG22 (13238)
Seat 5: Nam3N (3372)
Seat 6: akwakwa (7175)
Seat 7: MathisKcr (2491)
Seat 8: OPTIK2K (3435)
*** ANTE/BLINDS ***
OPTIK2K posts small blind 75
JK-AS-TQ posts big blind 150
Dealt to MathisKcr [9s Ad]
*** PRE-FLOP *** 
AvecCoeur folds
Jack-Flou731 raises 225 to 375
HCG22 folds
Nam3N folds
akwakwa folds
MathisKcr calls 375
OPTIK2K folds
JK-AS-TQ folds
*** FLOP *** [3h Jd 5s]
Jack-Flou731 bets 341
MathisKcr calls 341
*** TURN *** [3h Jd 5s][8c]
Jack-Flou731 checks
MathisKcr bets 580
Jack-Flou731 folds
MathisKcr collected 2237 from pot
*** SUMMARY ***
Total pot 2237 | No rake
Board: [3h Jd 5s 8c]
Seat 7: MathisKcr (button) won 2237


Winamax Poker - Tournament "Tremplin Saint-Malo" buyIn: 0€ + 0€ level: 7 - HandId: #4166882841428230517-47-1766346705 - Holdem no limit (75/150) - 2025/12/21 19:51:45 UTC
Table: 'Tremplin Saint-Malo(970178014)#0372' 8-max (real money) Seat #8 is the button
Seat 1: JK-AS-TQ (2973)
Seat 2: AvecCoeur (2490)
Seat 3: Jack-Flou731 (3081)
Seat 4: HCG22 (13238)
Seat 5: Nam3N (3372)
Seat 6: akwakwa (7175)
Seat 7: MathisKcr (3432)
Seat 8: OPTIK2K (3360)
*** ANTE/BLINDS ***
JK-AS-TQ posts small blind 75
AvecCoeur posts big blind 150
Dealt to MathisKcr [9d 6h]
*** PRE-FLOP *** 
Jack-Flou731 folds
HCG22 folds
Nam3N folds
akwakwa folds
MathisKcr calls 150
OPTIK2K calls 150
JK-AS-TQ raises 2823 to 2973 and is all-in
AvecCoeur folds
MathisKcr folds
OPTIK2K folds
JK-AS-TQ collected 3423 from pot
*** SUMMARY ***
Total pot 3423 | No rake
Seat 1: JK-AS-TQ (small blind) won 3423


Winamax Poker - Tournament "Tremplin Saint-Malo" buyIn: 0€ + 0€ level: 7 - HandId: #4166882841428230517-48-1766346752 - Holdem no limit (75/150) - 2025/12/21 19:52:32 UTC
Table: 'Tremplin Saint-Malo(970178014)#0372' 8-max (real money) Seat #1 is the button
Seat 1: JK-AS-TQ (3423)
Seat 2: AvecCoeur (2340)
Seat 3: Jack-Flou731 (3081)
Seat 4: HCG22 (13238)
Seat 5: Nam3N (3372)
Seat 6: akwakwa (7175)
Seat 7: MathisKcr (3282)
Seat 8: OPTIK2K (3210)
*** ANTE/BLINDS ***
AvecCoeur posts small blind 75
Jack-Flou731 posts big blind 150
Dealt to MathisKcr [Ts 3d]
*** PRE-FLOP *** 
HCG22 folds
Nam3N folds
akwakwa folds
MathisKcr folds
OPTIK2K calls 150
JK-AS-TQ folds
AvecCoeur folds
Jack-Flou731 checks
*** FLOP *** [9s 8s 3h]
Jack-Flou731 checks
OPTIK2K checks
*** TURN *** [9s 8s 3h][As]
Jack-Flou731 bets 188
OPTIK2K folds
Jack-Flou731 collected 563 from pot
*** SUMMARY ***
Total pot 563 | No rake
Board: [9s 8s 3h As]
Seat 3: Jack-Flou731 (big blind) won 563


Winamax Poker - Tournament "Tremplin Saint-Malo" buyIn: 0€ + 0€ level: 7 - HandId: #4166882841428230517-49-1766346823 - Holdem no limit (75/150) - 2025/12/21 19:53:43 UTC
Table: 'Tremplin Saint-Malo(970178014)#0372' 8-max (real money) Seat #2 is the button
Seat 1: JK-AS-TQ (3423)
Seat 2: AvecCoeur (2265)
Seat 3: Jack-Flou731 (3306)
Seat 4: HCG22 (13238)
Seat 5: Nam3N (3372)
Seat 6: akwakwa (7175)
Seat 7: MathisKcr (3282)
Seat 8: OPTIK2K (3060)
*** ANTE/BLINDS ***
Jack-Flou731 posts small blind 75
HCG22 posts big blind 150
Dealt to MathisKcr [2d 8s]
*** PRE-FLOP *** 
Nam3N raises 150 to 300
akwakwa raises 450 to 750
MathisKcr folds
OPTIK2K folds
JK-AS-TQ folds
AvecCoeur folds
Jack-Flou731 folds
HCG22 folds
Nam3N raises 2622 to 3372 and is all-in
akwakwa calls 2622
*** FLOP *** [Ks Td 6c]
*** TURN *** [Ks Td 6c][6h]
*** RIVER *** [Ks Td 6c 6h][Kd]
*** SHOW DOWN ***
akwakwa shows [Jh As] (Two pairs : Kings and 6)
Nam3N shows [Ac Kh] (Full of Kings and 6)
Nam3N collected 6969 from pot
*** SUMMARY ***
Total pot 6969 | No rake
Board: [Ks Td 6c 6h Kd]
Seat 5: Nam3N showed [Ac Kh] and won 6969 with Full of Kings and 6
Seat 6: akwakwa showed [Jh As] and lost with Two pairs : Kings and 6


Winamax Poker - Tournament "Tremplin Saint-Malo" buyIn: 0€ + 0€ level: 7 - HandId: #4166882841428230517-50-1766346868 - Holdem no limit (75/150) - 2025/12/21 19:54:28 UTC
Table: 'Tremplin Saint-Malo(970178014)#0372' 8-max (real money) Seat #3 is the button
Seat 1: JK-AS-TQ (3423)
Seat 2: AvecCoeur (2265)
Seat 3: Jack-Flou731 (3231)
Seat 4: HCG22 (13088)
Seat 5: Nam3N (6969)
Seat 6: akwakwa (3803)
Seat 7: MathisKcr (3282)
Seat 8: OPTIK2K (3060)
*** ANTE/BLINDS ***
HCG22 posts small blind 75
Nam3N posts big blind 150
Dealt to MathisKcr [Ah 4d]
*** PRE-FLOP *** 
akwakwa folds
MathisKcr raises 150 to 300
OPTIK2K folds
JK-AS-TQ raises 3123 to 3423 and is all-in
AvecCoeur folds
Jack-Flou731 folds
HCG22 calls 3348
Nam3N folds
MathisKcr folds
*** FLOP *** [8d Ac Td]
*** TURN *** [8d Ac Td][6s]
*** RIVER *** [8d Ac Td 6s][5c]
*** SHOW DOWN ***
HCG22 shows [7d 7h] (One pair : 7)
JK-AS-TQ shows [8c 8s] (Trips of 8)
JK-AS-TQ collected 7296 from pot
*** SUMMARY ***
Total pot 7296 | No rake
Board: [8d Ac Td 6s 5c]
Seat 1: JK-AS-TQ showed [8c 8s] and won 7296 with Trips of 8
Seat 4: HCG22 (small blind) showed [7d 7h] and lost with One pair : 7


Winamax Poker - Tournament "Tremplin Saint-Malo" buyIn: 0€ + 0€ level: 7 - HandId: #4166882841428230517-51-1766347263 - Holdem no limit (75/150) - 2025/12/21 20:01:03 UTC
Table: 'Tremplin Saint-Malo(970178014)#0372' 8-max (real money) Seat #4 is the button
Seat 1: JK-AS-TQ (7296)
Seat 2: AvecCoeur (2265)
Seat 3: Jack-Flou731 (3231)
Seat 4: HCG22 (9665)
Seat 5: Nam3N (6819)
Seat 6: akwakwa (3803)
Seat 7: MathisKcr (2982)
Seat 8: OPTIK2K (3060)
*** ANTE/BLINDS ***
Nam3N posts small blind 75
akwakwa posts big blind 150
Dealt to MathisKcr [6h 9h]
*** PRE-FLOP *** 
MathisKcr folds
OPTIK2K folds
JK-AS-TQ folds
AvecCoeur folds
Jack-Flou731 folds
HCG22 raises 188 to 338
Nam3N calls 263
akwakwa folds
*** FLOP *** [4c 5d 2s]
Nam3N checks
HCG22 checks
*** TURN *** [4c 5d 2s][3s]
Nam3N checks
HCG22 bets 620
Nam3N folds
HCG22 collected 1446 from pot
*** SUMMARY ***
Total pot 1446 | No rake
Board: [4c 5d 2s 3s]
Seat 4: HCG22 (button) won 1446


Winamax Poker - Tournament "Tremplin Saint-Malo" buyIn: 0€ + 0€ level: 8 - HandId: #4166882841428230517-52-1766347483 - Holdem no limit (15/75/150) - 2025/12/21 20:04:43 UTC
Table: 'Tremplin Saint-Malo(970178014)#0372' 8-max (real money) Seat #5 is the button
Seat 1: JK-AS-TQ (7296)
Seat 2: AvecCoeur (2265)
Seat 3: Jack-Flou731 (3231)
Seat 4: HCG22 (10153)
Seat 5: Nam3N (6481)
Seat 6: akwakwa (3653)
Seat 7: MathisKcr (2982)
Seat 8: OPTIK2K (3060)
*** ANTE/BLINDS ***
akwakwa posts ante 15
MathisKcr posts ante 15
JK-AS-TQ posts ante 15
AvecCoeur posts ante 15
Jack-Flou731 posts ante 15
HCG22 posts ante 15
Nam3N posts ante 15
OPTIK2K posts ante 15
akwakwa posts small blind 75
MathisKcr posts big blind 150
Dealt to MathisKcr [As 7d]
*** PRE-FLOP *** 
OPTIK2K calls 150
JK-AS-TQ raises 150 to 300
AvecCoeur folds
Jack-Flou731 folds
HCG22 folds
Nam3N folds
akwakwa folds
MathisKcr calls 150
OPTIK2K calls 150
*** FLOP *** [3d 6h 8d]
MathisKcr bets 300
OPTIK2K calls 300
JK-AS-TQ calls 300
*** TURN *** [3d 6h 8d][Td]
MathisKcr checks
OPTIK2K checks
JK-AS-TQ checks
*** RIVER *** [3d 6h 8d Td][Qc]
MathisKcr checks
OPTIK2K checks
JK-AS-TQ checks
*** SHOW DOWN ***
JK-AS-TQ shows [Jh Kc] (High card : King)
MathisKcr shows [As 7d] (High card : Ace)
OPTIK2K shows [Ah 7s] (High card : Ace)
OPTIK2K collected 998 from pot
MathisKcr collected 997 from pot
*** SUMMARY ***
Total pot 1995 | No rake
Board: [3d 6h 8d Td Qc]
Seat 1: JK-AS-TQ showed [Jh Kc] and lost with High card : King
Seat 7: MathisKcr (big blind) showed [As 7d] and won 997 with High card : Ace
Seat 8: OPTIK2K showed [Ah 7s] and won 998 with High card : Ace


Winamax Poker - Tournament "Tremplin Saint-Malo" buyIn: 0€ + 0€ level: 8 - HandId: #4166882841428230517-53-1766347545 - Holdem no limit (15/75/150) - 2025/12/21 20:05:45 UTC
Table: 'Tremplin Saint-Malo(970178014)#0372' 8-max (real money) Seat #6 is the button
Seat 1: JK-AS-TQ (6681)
Seat 2: AvecCoeur (2250)
Seat 3: Jack-Flou731 (3216)
Seat 4: HCG22 (10138)
Seat 5: Nam3N (6466)
Seat 6: akwakwa (3563)
Seat 7: MathisKcr (3364)
Seat 8: OPTIK2K (3443)
*** ANTE/BLINDS ***
MathisKcr posts ante 15
OPTIK2K posts ante 15
JK-AS-TQ posts ante 15
AvecCoeur posts ante 15
Jack-Flou731 posts ante 15
HCG22 posts ante 15
Nam3N posts ante 15
akwakwa posts ante 15
MathisKcr posts small blind 75
OPTIK2K posts big blind 150
Dealt to MathisKcr [Th 3h]
*** PRE-FLOP *** 
JK-AS-TQ raises 225 to 375
AvecCoeur folds
Jack-Flou731 folds
HCG22 folds
Nam3N folds
akwakwa folds
MathisKcr folds
OPTIK2K folds
JK-AS-TQ collected 720 from pot
*** SUMMARY ***
Total pot 720 | No rake
Seat 1: JK-AS-TQ won 720


Winamax Poker - Tournament "Tremplin Saint-Malo" buyIn: 0€ + 0€ level: 8 - HandId: #4166882841428230517-54-1766347582 - Holdem no limit (15/75/150) - 2025/12/21 20:06:22 UTC
Table: 'Tremplin Saint-Malo(970178014)#0372' 8-max (real money) Seat #7 is the button
Seat 1: JK-AS-TQ (7011)
Seat 2: AvecCoeur (2235)
Seat 3: Jack-Flou731 (3201)
Seat 4: HCG22 (10123)
Seat 5: Nam3N (6451)
Seat 6: akwakwa (3548)
Seat 7: MathisKcr (3274)
Seat 8: OPTIK2K (3278)
*** ANTE/BLINDS ***
OPTIK2K posts ante 15
JK-AS-TQ posts ante 15
AvecCoeur posts ante 15
Jack-Flou731 posts ante 15
HCG22 posts ante 15
Nam3N posts ante 15
akwakwa posts ante 15
MathisKcr posts ante 15
OPTIK2K posts small blind 75
JK-AS-TQ posts big blind 150
Dealt to MathisKcr [6d Tc]
*** PRE-FLOP *** 
AvecCoeur folds
Jack-Flou731 folds
HCG22 folds
Nam3N folds
akwakwa folds
MathisKcr folds
OPTIK2K raises 420 to 570
JK-AS-TQ folds
OPTIK2K collected 840 from pot
*** SUMMARY ***
Total pot 840 | No rake
Seat 8: OPTIK2K (small blind) won 840


Winamax Poker - Tournament "Tremplin Saint-Malo" buyIn: 0€ + 0€ level: 8 - HandId: #4166882841428230517-55-1766347637 - Holdem no limit (15/75/150) - 2025/12/21 20:07:17 UTC
Table: 'Tremplin Saint-Malo(970178014)#0372' 8-max (real money) Seat #8 is the button
Seat 1: JK-AS-TQ (6846)
Seat 2: AvecCoeur (2220)
Seat 3: Jack-Flou731 (3186)
Seat 4: HCG22 (10108)
Seat 5: Nam3N (6436)
Seat 6: akwakwa (3533)
Seat 7: MathisKcr (3259)
Seat 8: OPTIK2K (3533)
*** ANTE/BLINDS ***
JK-AS-TQ posts ante 15
AvecCoeur posts ante 15
Jack-Flou731 posts ante 15
HCG22 posts ante 15
Nam3N posts ante 15
akwakwa posts ante 15
MathisKcr posts ante 15
OPTIK2K posts ante 15
JK-AS-TQ posts small blind 75
AvecCoeur posts big blind 150
Dealt to MathisKcr [Jh 8h]
*** PRE-FLOP *** 
Jack-Flou731 folds
HCG22 folds
Nam3N folds
akwakwa folds
MathisKcr raises 150 to 300
OPTIK2K calls 300
JK-AS-TQ folds
AvecCoeur folds
*** FLOP *** [3d 2h Ah]
MathisKcr bets 2944 and is all-in
OPTIK2K folds
MathisKcr collected 3889 from pot
*** SUMMARY ***
Total pot 3889 | No rake
Board: [3d 2h Ah]
Seat 7: MathisKcr won 3889


Winamax Poker - Tournament "Tremplin Saint-Malo" buyIn: 0€ + 0€ level: 8 - HandId: #4166882841428230228-58-1766347731 - Holdem no limit (15/75/150) - 2025/12/21 20:08:51 UTC
Table: 'Tremplin Saint-Malo(970178014)#0083' 8-max (real money) Seat #1 is the button
Seat 1: Platjiadaro. (5685)
Seat 2: Flex70 (1403)
Seat 3: Cotoni (540)
Seat 4: -MOHiCAN- (1635)
Seat 5: akwakwa (3518)
Seat 6: MathisKcr (3889)
Seat 7: q00p (11683)
Seat 8: DoluDolu_26 (42259)
*** ANTE/BLINDS ***
Flex70 posts ante 15
Cotoni posts ante 15
Platjiadaro. posts ante 15
-MOHiCAN- posts ante 15
akwakwa posts ante 15
MathisKcr posts ante 15
q00p posts ante 15
DoluDolu_26 posts ante 15
Flex70 posts small blind 75
Cotoni posts big blind 150
Dealt to MathisKcr [3d Ks]
*** PRE-FLOP *** 
-MOHiCAN- folds
akwakwa folds
MathisKcr folds
q00p raises 150 to 300
DoluDolu_26 folds
Platjiadaro. calls 300
Flex70 folds
Cotoni calls 150
*** FLOP *** [3c Kc 9c]
Cotoni bets 225 and is all-in
q00p calls 225
Platjiadaro. folds
*** TURN *** [3c Kc 9c][2h]
*** RIVER *** [3c Kc 9c 2h][Ad]
*** SHOW DOWN ***
Cotoni shows [Qc 5s] (High card : Ace)
q00p shows [9s Ts] (One pair : 9)
q00p collected 1545 from pot
*** SUMMARY ***
Total pot 1545 | No rake
Board: [3c Kc 9c 2h Ad]
Seat 3: Cotoni (big blind) showed [Qc 5s] and lost with High card : Ace
Seat 7: q00p showed [9s Ts] and won 1545 with One pair : 9


Winamax Poker - Tournament "Tremplin Saint-Malo" buyIn: 0€ + 0€ level: 8 - HandId: #4166882841428230228-59-1766347783 - Holdem no limit (15/75/150) - 2025/12/21 20:09:43 UTC
Table: 'Tremplin Saint-Malo(970178014)#0083' 8-max (real money) Seat #2 is the button
Seat 1: Platjiadaro. (5370)
Seat 2: Flex70 (1313)
Seat 3: Foster53 (10984)
Seat 4: -MOHiCAN- (1620)
Seat 5: akwakwa (3503)
Seat 6: MathisKcr (3874)
Seat 7: q00p (12688)
Seat 8: DoluDolu_26 (42244)
*** ANTE/BLINDS ***
-MOHiCAN- posts ante 15
Platjiadaro. posts ante 15
Flex70 posts ante 15
akwakwa posts ante 15
MathisKcr posts ante 15
q00p posts ante 15
DoluDolu_26 posts ante 15
-MOHiCAN- posts big blind 150
Dealt to MathisKcr [2c 6c]
*** PRE-FLOP *** 
akwakwa folds
MathisKcr folds
q00p folds
DoluDolu_26 folds
Platjiadaro. raises 150 to 300
Flex70 calls 300
-MOHiCAN- folds
*** FLOP *** [Ts Kh 2s]
Platjiadaro. bets 299
Flex70 calls 299
*** TURN *** [Ts Kh 2s][3s]
Platjiadaro. checks
Flex70 bets 699 and is all-in
Platjiadaro. folds
Flex70 collected 2152 from pot
*** SUMMARY ***
Total pot 2152 | No rake
Board: [Ts Kh 2s 3s]
Seat 2: Flex70 (button) won 2152


Winamax Poker - Tournament "Tremplin Saint-Malo" buyIn: 0€ + 0€ level: 9 - HandId: #4166882841428230228-60-1766347835 - Holdem no limit (20/100/200) - 2025/12/21 20:10:35 UTC
Table: 'Tremplin Saint-Malo(970178014)#0083' 8-max (real money) Seat #3 is the button
Seat 1: Platjiadaro. (4756)
Seat 2: Flex70 (2152)
Seat 3: Foster53 (10984)
Seat 4: -MOHiCAN- (1455)
Seat 5: akwakwa (3488)
Seat 6: MathisKcr (3859)
Seat 7: q00p (12673)
Seat 8: DoluDolu_26 (42229)
*** ANTE/BLINDS ***
-MOHiCAN- posts ante 20
akwakwa posts ante 20
Platjiadaro. posts ante 20
Flex70 posts ante 20
MathisKcr posts ante 20
q00p posts ante 20
DoluDolu_26 posts ante 20
-MOHiCAN- posts small blind 100
akwakwa posts big blind 200
Dealt to MathisKcr [Qd 4h]
*** PRE-FLOP *** 
MathisKcr folds
q00p folds
DoluDolu_26 folds
Platjiadaro. folds
Flex70 calls 200
-MOHiCAN- calls 100
akwakwa checks
*** FLOP *** [8c 6d 3d]
-MOHiCAN- checks
akwakwa bets 481
Flex70 calls 481
-MOHiCAN- folds
*** TURN *** [8c 6d 3d][Ks]
akwakwa bets 1106
Flex70 raises 345 to 1451 and is all-in
akwakwa calls 345
*** RIVER *** [8c 6d 3d Ks][2h]
*** SHOW DOWN ***
akwakwa shows [8s Js] (One pair : 8)
Flex70 shows [6c Kc] (Two pairs : Kings and 6)
Flex70 collected 4604 from pot
*** SUMMARY ***
Total pot 4604 | No rake
Board: [8c 6d 3d Ks 2h]
Seat 2: Flex70 showed [6c Kc] and won 4604 with Two pairs : Kings and 6
Seat 5: akwakwa (big blind) showed [8s Js] and lost with One pair : 8


Winamax Poker - Tournament "Tremplin Saint-Malo" buyIn: 0€ + 0€ level: 9 - HandId: #4166882841428230228-61-1766347887 - Holdem no limit (20/100/200) - 2025/12/21 20:11:27 UTC
Table: 'Tremplin Saint-Malo(970178014)#0083' 8-max (real money) Seat #4 is the button
Seat 1: Platjiadaro. (4736)
Seat 2: Flex70 (4604)
Seat 3: Foster53 (10984)
Seat 4: -MOHiCAN- (1235)
Seat 5: akwakwa (1336)
Seat 6: MathisKcr (3839)
Seat 7: q00p (12653)
Seat 8: DoluDolu_26 (42209)
*** ANTE/BLINDS ***
akwakwa posts ante 20
MathisKcr posts ante 20
Platjiadaro. posts ante 20
Flex70 posts ante 20
Foster53 posts ante 20
-MOHiCAN- posts ante 20
q00p posts ante 20
DoluDolu_26 posts ante 20
akwakwa posts small blind 100
MathisKcr posts big blind 200
Dealt to MathisKcr [4c 5c]
*** PRE-FLOP *** 
q00p raises 200 to 400
DoluDolu_26 folds
Platjiadaro. folds
Flex70 folds
Foster53 calls 400
-MOHiCAN- raises 815 to 1215 and is all-in
akwakwa folds
MathisKcr folds
q00p calls 815
Foster53 calls 815
*** FLOP *** [6c 5d Ks]
q00p checks
Foster53 checks
*** TURN *** [6c 5d Ks][Jc]
q00p checks
Foster53 checks
*** RIVER *** [6c 5d Ks Jc][3h]
q00p checks
Foster53 checks
*** SHOW DOWN ***
Foster53 shows [Qh Ah] (High card : Ace)
q00p shows [Qd 9d] (High card : King)
-MOHiCAN- shows [Js As] (One pair : Jacks)
-MOHiCAN- collected 4105 from pot
*** SUMMARY ***
Total pot 4105 | No rake
Board: [6c 5d Ks Jc 3h]
Seat 3: Foster53 showed [Qh Ah] and lost with High card : Ace
Seat 4: -MOHiCAN- (button) showed [Js As] and won 4105 with One pair : Jacks
Seat 7: q00p showed [Qd 9d] and lost with High card : King


Winamax Poker - Tournament "Tremplin Saint-Malo" buyIn: 0€ + 0€ level: 9 - HandId: #4166882841428230228-62-1766347968 - Holdem no limit (20/100/200) - 2025/12/21 20:12:48 UTC
Table: 'Tremplin Saint-Malo(970178014)#0083' 8-max (real money) Seat #5 is the button
Seat 1: Platjiadaro. (4716)
Seat 2: Flex70 (4584)
Seat 3: Foster53 (9749)
Seat 4: -MOHiCAN- (4105)
Seat 5: akwakwa (1216)
Seat 6: MathisKcr (3619)
Seat 7: q00p (11418)
Seat 8: DoluDolu_26 (42189)
*** ANTE/BLINDS ***
MathisKcr posts ante 20
q00p posts ante 20
Platjiadaro. posts ante 20
Flex70 posts ante 20
Foster53 posts ante 20
-MOHiCAN- posts ante 20
akwakwa posts ante 20
DoluDolu_26 posts ante 20
MathisKcr posts small blind 100
q00p posts big blind 200
Dealt to MathisKcr [Ac 3s]
*** PRE-FLOP *** 
DoluDolu_26 calls 200
Platjiadaro. folds
Flex70 calls 200
Foster53 folds
-MOHiCAN- folds
akwakwa folds
MathisKcr raises 200 to 400
q00p folds
DoluDolu_26 calls 200
Flex70 calls 200
*** FLOP *** [6c 9h 2c]
MathisKcr checks
DoluDolu_26 checks
Flex70 checks
*** TURN *** [6c 9h 2c][3c]
MathisKcr checks
DoluDolu_26 checks
Flex70 checks
*** RIVER *** [6c 9h 2c 3c][5s]
MathisKcr bets 400
DoluDolu_26 calls 400
Flex70 folds
*** SHOW DOWN ***
MathisKcr shows [Ac 3s] (One pair : 3)
DoluDolu_26 shows [8h 4h] (Straight 6 high)
DoluDolu_26 collected 2360 from pot
*** SUMMARY ***
Total pot 2360 | No rake
Board: [6c 9h 2c 3c 5s]
Seat 6: MathisKcr (small blind) showed [Ac 3s] and lost with One pair : 3
Seat 8: DoluDolu_26 showed [8h 4h] and won 2360 with Straight 6 high


Winamax Poker - Tournament "Tremplin Saint-Malo" buyIn: 0€ + 0€ level: 9 - HandId: #4166882841428230228-63-1766348035 - Holdem no limit (20/100/200) - 2025/12/21 20:13:55 UTC
Table: 'Tremplin Saint-Malo(970178014)#0083' 8-max (real money) Seat #6 is the button
Seat 1: Platjiadaro. (4696)
Seat 2: Flex70 (4164)
Seat 3: Foster53 (9729)
Seat 4: -MOHiCAN- (4085)
Seat 5: akwakwa (1196)
Seat 6: MathisKcr (2799)
Seat 7: q00p (11198)
Seat 8: DoluDolu_26 (43729)
*** ANTE/BLINDS ***
q00p posts ante 20
DoluDolu_26 posts ante 20
Platjiadaro. posts ante 20
Flex70 posts ante 20
Foster53 posts ante 20
-MOHiCAN- posts ante 20
akwakwa posts ante 20
MathisKcr posts ante 20
q00p posts small blind 100
DoluDolu_26 posts big blind 200
Dealt to MathisKcr [6s 4h]
*** PRE-FLOP *** 
Platjiadaro. folds
Flex70 calls 200
Foster53 folds
-MOHiCAN- folds
akwakwa folds
MathisKcr folds
q00p folds
DoluDolu_26 checks
*** FLOP *** [Qc 9c Kc]
DoluDolu_26 checks
Flex70 checks
*** TURN *** [Qc 9c Kc][Jc]
DoluDolu_26 checks
Flex70 checks
*** RIVER *** [Qc 9c Kc Jc][Ts]
DoluDolu_26 checks
Flex70 bets 660
DoluDolu_26 folds
Flex70 collected 1320 from pot
*** SUMMARY ***
Total pot 1320 | No rake
Board: [Qc 9c Kc Jc Ts]
Seat 2: Flex70 won 1320


Winamax Poker - Tournament "Tremplin Saint-Malo" buyIn: 0€ + 0€ level: 9 - HandId: #4166882841428230228-64-1766348099 - Holdem no limit (20/100/200) - 2025/12/21 20:14:59 UTC
Table: 'Tremplin Saint-Malo(970178014)#0083' 8-max (real money) Seat #7 is the button
Seat 1: Platjiadaro. (4676)
Seat 2: Flex70 (4604)
Seat 3: Foster53 (9709)
Seat 4: -MOHiCAN- (4065)
Seat 5: akwakwa (1176)
Seat 6: MathisKcr (2779)
Seat 7: q00p (11078)
Seat 8: DoluDolu_26 (43509)
*** ANTE/BLINDS ***
DoluDolu_26 posts ante 20
Platjiadaro. posts ante 20
Flex70 posts ante 20
Foster53 posts ante 20
-MOHiCAN- posts ante 20
akwakwa posts ante 20
MathisKcr posts ante 20
q00p posts ante 20
DoluDolu_26 posts small blind 100
Platjiadaro. posts big blind 200
Dealt to MathisKcr [8h 8d]
*** PRE-FLOP *** 
Flex70 folds
Foster53 folds
-MOHiCAN- folds
akwakwa folds
MathisKcr raises 2559 to 2759 and is all-in
q00p folds
DoluDolu_26 folds
Platjiadaro. folds
MathisKcr collected 3219 from pot
*** SUMMARY ***
Total pot 3219 | No rake
Seat 6: MathisKcr won 3219


Winamax Poker - Tournament "Tremplin Saint-Malo" buyIn: 0€ + 0€ level: 9 - HandId: #4166882841428230228-65-1766348123 - Holdem no limit (20/100/200) - 2025/12/21 20:15:23 UTC
Table: 'Tremplin Saint-Malo(970178014)#0083' 8-max (real money) Seat #8 is the button
Seat 1: Platjiadaro. (4456)
Seat 2: Flex70 (4584)
Seat 3: Foster53 (9689)
Seat 4: -MOHiCAN- (4045)
Seat 5: akwakwa (1156)
Seat 6: MathisKcr (3219)
Seat 7: q00p (11058)
Seat 8: DoluDolu_26 (43389)
*** ANTE/BLINDS ***
Platjiadaro. posts ante 20
Flex70 posts ante 20
Foster53 posts ante 20
-MOHiCAN- posts ante 20
akwakwa posts ante 20
MathisKcr posts ante 20
q00p posts ante 20
DoluDolu_26 posts ante 20
Platjiadaro. posts small blind 100
Flex70 posts big blind 200
Dealt to MathisKcr [9s Td]
*** PRE-FLOP *** 
Foster53 folds
-MOHiCAN- folds
akwakwa raises 936 to 1136 and is all-in
MathisKcr folds
q00p folds
DoluDolu_26 folds
Platjiadaro. folds
Flex70 folds
akwakwa collected 1596 from pot
*** SUMMARY ***
Total pot 1596 | No rake
Seat 5: akwakwa won 1596


Winamax Poker - Tournament "Tremplin Saint-Malo" buyIn: 0€ + 0€ level: 9 - HandId: #4166882841428230228-66-1766348152 - Holdem no limit (20/100/200) - 2025/12/21 20:15:52 UTC
Table: 'Tremplin Saint-Malo(970178014)#0083' 8-max (real money) Seat #1 is the button
Seat 1: Platjiadaro. (4336)
Seat 2: Flex70 (4364)
Seat 3: Foster53 (9669)
Seat 4: -MOHiCAN- (4025)
Seat 5: akwakwa (1596)
Seat 6: MathisKcr (3199)
Seat 7: q00p (11038)
Seat 8: DoluDolu_26 (43369)
*** ANTE/BLINDS ***
Flex70 posts ante 20
Foster53 posts ante 20
Platjiadaro. posts ante 20
-MOHiCAN- posts ante 20
akwakwa posts ante 20
MathisKcr posts ante 20
q00p posts ante 20
DoluDolu_26 posts ante 20
Flex70 posts small blind 100
Foster53 posts big blind 200
Dealt to MathisKcr [4c Qc]
*** PRE-FLOP *** 
-MOHiCAN- folds
akwakwa raises 1376 to 1576 and is all-in
MathisKcr folds
q00p folds
DoluDolu_26 calls 1576
Platjiadaro. folds
Flex70 folds
Foster53 folds
*** FLOP *** [2s 2h Qh]
*** TURN *** [2s 2h Qh][2d]
*** RIVER *** [2s 2h Qh 2d][8c]
*** SHOW DOWN ***
DoluDolu_26 shows [4d 4h] (Full of 2 and 4)
akwakwa shows [6c 6s] (Full of 2 and 6)
akwakwa collected 3612 from pot
*** SUMMARY ***
Total pot 3612 | No rake
Board: [2s 2h Qh 2d 8c]
Seat 5: akwakwa showed [6c 6s] and won 3612 with Full of 2 and 6
Seat 8: DoluDolu_26 showed [4d 4h] and lost with Full of 2 and 4


Winamax Poker - Tournament "Tremplin Saint-Malo" buyIn: 0€ + 0€ level: 9 - HandId: #4166882841428230228-67-1766348191 - Holdem no limit (20/100/200) - 2025/12/21 20:16:31 UTC
Table: 'Tremplin Saint-Malo(970178014)#0083' 8-max (real money) Seat #2 is the button
Seat 1: Platjiadaro. (4316)
Seat 2: Flex70 (4244)
Seat 3: Foster53 (9449)
Seat 4: -MOHiCAN- (4005)
Seat 5: akwakwa (3612)
Seat 6: MathisKcr (3179)
Seat 7: q00p (11018)
Seat 8: DoluDolu_26 (41773)
*** ANTE/BLINDS ***
Foster53 posts ante 20
-MOHiCAN- posts ante 20
Platjiadaro. posts ante 20
Flex70 posts ante 20
akwakwa posts ante 20
MathisKcr posts ante 20
q00p posts ante 20
DoluDolu_26 posts ante 20
Foster53 posts small blind 100
-MOHiCAN- posts big blind 200
Dealt to MathisKcr [6d 2s]
*** PRE-FLOP *** 
akwakwa folds
MathisKcr folds
q00p raises 350 to 550
DoluDolu_26 calls 550
Platjiadaro. folds
Flex70 calls 550
Foster53 folds
-MOHiCAN- folds
*** FLOP *** [4d Jh As]
q00p checks
DoluDolu_26 checks
Flex70 checks
*** TURN *** [4d Jh As][Qd]
q00p checks
DoluDolu_26 checks
Flex70 checks
*** RIVER *** [4d Jh As Qd][2h]
q00p checks
DoluDolu_26 checks
Flex70 bets 1372
q00p folds
DoluDolu_26 folds
Flex70 collected 3482 from pot
*** SUMMARY ***
Total pot 3482 | No rake
Board: [4d Jh As Qd 2h]
Seat 2: Flex70 (button) won 3482


Winamax Poker - Tournament "Tremplin Saint-Malo" buyIn: 0€ + 0€ level: 9 - HandId: #4166882841428230228-68-1766348266 - Holdem no limit (20/100/200) - 2025/12/21 20:17:46 UTC
Table: 'Tremplin Saint-Malo(970178014)#0083' 8-max (real money) Seat #3 is the button
Seat 1: Platjiadaro. (4296)
Seat 2: Flex70 (5784)
Seat 3: Foster53 (9329)
Seat 4: -MOHiCAN- (3785)
Seat 5: akwakwa (3592)
Seat 6: MathisKcr (3159)
Seat 7: q00p (10448)
Seat 8: DoluDolu_26 (41203)
*** ANTE/BLINDS ***
-MOHiCAN- posts ante 20
akwakwa posts ante 20
Platjiadaro. posts ante 20
Flex70 posts ante 20
Foster53 posts ante 20
MathisKcr posts ante 20
q00p posts ante 20
DoluDolu_26 posts ante 20
-MOHiCAN- posts small blind 100
akwakwa posts big blind 200
Dealt to MathisKcr [Ac 3s]
*** PRE-FLOP *** 
MathisKcr calls 200
q00p folds
DoluDolu_26 raises 200 to 400
Platjiadaro. calls 400
Flex70 calls 400
Foster53 folds
-MOHiCAN- folds
akwakwa folds
MathisKcr calls 200
*** FLOP *** [4s Qh 6c]
MathisKcr checks
DoluDolu_26 checks
Platjiadaro. bets 1030
Flex70 calls 1030
MathisKcr folds
DoluDolu_26 calls 1030
*** TURN *** [4s Qh 6c][5s]
DoluDolu_26 checks
Platjiadaro. bets 2846 and is all-in
Flex70 calls 2846
DoluDolu_26 folds
*** RIVER *** [4s Qh 6c 5s][7h]
*** SHOW DOWN ***
Platjiadaro. shows [Qc Js] (One pair : Queens)
Flex70 shows [6h 6d] (Trips of 6)
Flex70 collected 10842 from pot
*** SUMMARY ***
Total pot 10842 | No rake
Board: [4s Qh 6c 5s 7h]
Seat 1: Platjiadaro. showed [Qc Js] and lost with One pair : Queens
Seat 2: Flex70 showed [6h 6d] and won 10842 with Trips of 6


Winamax Poker - Tournament "Tremplin Saint-Malo" buyIn: 0€ + 0€ level: 10 - HandId: #4166882841428230228-69-1766348367 - Holdem no limit (25/125/250) - 2025/12/21 20:19:27 UTC
Table: 'Tremplin Saint-Malo(970178014)#0083' 8-max (real money) Seat #4 is the button
Seat 2: Flex70 (12330)
Seat 3: Foster53 (9309)
Seat 4: -MOHiCAN- (3665)
Seat 5: akwakwa (3372)
Seat 6: MathisKcr (2739)
Seat 7: q00p (10428)
Seat 8: DoluDolu_26 (39753)
*** ANTE/BLINDS ***
akwakwa posts ante 25
MathisKcr posts ante 25
Flex70 posts ante 25
Foster53 posts ante 25
-MOHiCAN- posts ante 25
q00p posts ante 25
DoluDolu_26 posts ante 25
akwakwa posts small blind 125
MathisKcr posts big blind 250
Dealt to MathisKcr [5d 5h]
*** PRE-FLOP *** 
q00p folds
DoluDolu_26 folds
Flex70 folds
Foster53 folds
-MOHiCAN- folds
akwakwa raises 3097 to 3347 and is all-in
MathisKcr calls 2464 and is all-in
*** FLOP *** [As Kd 3c]
*** TURN *** [As Kd 3c][2d]
*** RIVER *** [As Kd 3c 2d][Ah]
*** SHOW DOWN ***
akwakwa shows [6s 4s] (One pair : Aces)
MathisKcr shows [5d 5h] (Two pairs : Aces and 5)
MathisKcr collected 5603 from main pot
akwakwa collected 633 from side pot 1
*** SUMMARY ***
Total pot 6236 | No rake
Board: [As Kd 3c 2d Ah]
Seat 5: akwakwa (small blind) showed [6s 4s] and won 633 with One pair : Aces
Seat 6: MathisKcr (big blind) showed [5d 5h] and won 5603 with Two pairs : Aces and 5


Winamax Poker - Tournament "Tremplin Saint-Malo" buyIn: 0€ + 0€ level: 10 - HandId: #4166882841428230228-70-1766348393 - Holdem no limit (25/125/250) - 2025/12/21 20:19:53 UTC
Table: 'Tremplin Saint-Malo(970178014)#0083' 8-max (real money) Seat #5 is the button
Seat 2: Flex70 (12305)
Seat 3: Foster53 (9284)
Seat 4: -MOHiCAN- (3640)
Seat 5: akwakwa (633)
Seat 6: MathisKcr (5603)
Seat 7: q00p (10403)
Seat 8: DoluDolu_26 (39728)
*** ANTE/BLINDS ***
MathisKcr posts ante 25
q00p posts ante 25
Flex70 posts ante 25
Foster53 posts ante 25
-MOHiCAN- posts ante 25
akwakwa posts ante 25
DoluDolu_26 posts ante 25
MathisKcr posts small blind 125
q00p posts big blind 250
Dealt to MathisKcr [5s Jd]
*** PRE-FLOP *** 
DoluDolu_26 calls 250
Flex70 calls 250
Foster53 raises 750 to 1000
-MOHiCAN- folds
akwakwa folds
MathisKcr folds
q00p folds
DoluDolu_26 calls 750
Flex70 calls 750
*** FLOP *** [2d 7d Tc]
DoluDolu_26 checks
Flex70 checks
Foster53 checks
*** TURN *** [2d 7d Tc][6s]
DoluDolu_26 checks
Flex70 checks
Foster53 bets 1400
DoluDolu_26 folds
Flex70 folds
Foster53 collected 4950 from pot
*** SUMMARY ***
Total pot 4950 | No rake
Board: [2d 7d Tc 6s]
Seat 3: Foster53 won 4950


Winamax Poker - Tournament "Tremplin Saint-Malo" buyIn: 0€ + 0€ level: 10 - HandId: #4166882841428230228-71-1766348550 - Holdem no limit (25/125/250) - 2025/12/21 20:22:30 UTC
Table: 'Tremplin Saint-Malo(970178014)#0083' 8-max (real money) Seat #6 is the button
Seat 1: XT_Ghost1963 (11443)
Seat 2: Flex70 (11280)
Seat 3: Foster53 (11809)
Seat 4: -MOHiCAN- (3615)
Seat 5: akwakwa (608)
Seat 6: MathisKcr (5453)
Seat 7: q00p (10128)
Seat 8: DoluDolu_26 (38703)
*** ANTE/BLINDS ***
q00p posts ante 25
DoluDolu_26 posts ante 25
XT_Ghost1963 posts ante 25
Flex70 posts ante 25
Foster53 posts ante 25
-MOHiCAN- posts ante 25
akwakwa posts ante 25
MathisKcr posts ante 25
q00p posts small blind 125
DoluDolu_26 posts big blind 250
Dealt to MathisKcr [5c Tc]
*** PRE-FLOP *** 
XT_Ghost1963 calls 250
Flex70 calls 250
Foster53 raises 750 to 1000
-MOHiCAN- folds
akwakwa folds
MathisKcr folds
q00p calls 875
DoluDolu_26 folds
XT_Ghost1963 calls 750
Flex70 calls 750
*** FLOP *** [7d 7s 8s]
q00p bets 1113
XT_Ghost1963 folds
Flex70 folds
Foster53 calls 1113
*** TURN *** [7d 7s 8s][Ac]
q00p bets 2337
Foster53 calls 2337
*** RIVER *** [7d 7s 8s Ac][Jc]
q00p bets 5653 and is all-in
Foster53 calls 5653
*** SHOW DOWN ***
Foster53 shows [Qs As] (Two pairs : Aces and 7)
q00p shows [7h Kh] (Trips of 7)
q00p collected 22656 from pot
*** SUMMARY ***
Total pot 22656 | No rake
Board: [7d 7s 8s Ac Jc]
Seat 3: Foster53 showed [Qs As] and lost with Two pairs : Aces and 7
Seat 7: q00p (small blind) showed [7h Kh] and won 22656 with Trips of 7


Winamax Poker - Tournament "Tremplin Saint-Malo" buyIn: 0€ + 0€ level: 10 - HandId: #4166882841428230228-72-1766348653 - Holdem no limit (25/125/250) - 2025/12/21 20:24:13 UTC
Table: 'Tremplin Saint-Malo(970178014)#0083' 8-max (real money) Seat #7 is the button
Seat 1: XT_Ghost1963 (10418)
Seat 2: Flex70 (10255)
Seat 3: Foster53 (1681)
Seat 4: -MOHiCAN- (3590)
Seat 5: akwakwa (583)
Seat 6: MathisKcr (5428)
Seat 7: q00p (22656)
Seat 8: DoluDolu_26 (38428)
*** ANTE/BLINDS ***
DoluDolu_26 posts ante 25
XT_Ghost1963 posts ante 25
Flex70 posts ante 25
Foster53 posts ante 25
-MOHiCAN- posts ante 25
akwakwa posts ante 25
MathisKcr posts ante 25
q00p posts ante 25
DoluDolu_26 posts small blind 125
XT_Ghost1963 posts big blind 250
Dealt to MathisKcr [8s Qc]
*** PRE-FLOP *** 
Flex70 calls 250
Foster53 raises 1406 to 1656 and is all-in
-MOHiCAN- folds
akwakwa folds
MathisKcr folds
q00p folds
DoluDolu_26 raises 36747 to 38403 and is all-in
XT_Ghost1963 folds
Flex70 folds
*** FLOP *** [Qs 2d Js]
*** TURN *** [Qs 2d Js][Td]
*** RIVER *** [Qs 2d Js Td][8d]
*** SHOW DOWN ***
Foster53 shows [Ac Tc] (One pair : Tens)
DoluDolu_26 shows [Ks Ah] (Straight Ace high)
DoluDolu_26 collected 40759 from pot
*** SUMMARY ***
Total pot 40759 | No rake
Board: [Qs 2d Js Td 8d]
Seat 3: Foster53 showed [Ac Tc] and lost with One pair : Tens
Seat 8: DoluDolu_26 (small blind) showed [Ks Ah] and won 40759 with Straight Ace high


Winamax Poker - Tournament "Tremplin Saint-Malo" buyIn: 0€ + 0€ level: 10 - HandId: #4166882841428230228-73-1766348705 - Holdem no limit (25/125/250) - 2025/12/21 20:25:05 UTC
Table: 'Tremplin Saint-Malo(970178014)#0083' 8-max (real money) Seat #8 is the button
Seat 1: XT_Ghost1963 (10143)
Seat 2: Flex70 (9980)
Seat 4: -MOHiCAN- (3565)
Seat 5: akwakwa (558)
Seat 6: MathisKcr (5403)
Seat 7: q00p (22631)
Seat 8: DoluDolu_26 (40759)
*** ANTE/BLINDS ***
XT_Ghost1963 posts ante 25
Flex70 posts ante 25
-MOHiCAN- posts ante 25
akwakwa posts ante 25
MathisKcr posts ante 25
q00p posts ante 25
DoluDolu_26 posts ante 25
XT_Ghost1963 posts small blind 125
Flex70 posts big blind 250
Dealt to MathisKcr [8h 8c]
*** PRE-FLOP *** 
-MOHiCAN- folds
akwakwa folds
MathisKcr raises 5128 to 5378 and is all-in
q00p folds
DoluDolu_26 folds
XT_Ghost1963 folds
Flex70 folds
MathisKcr collected 5928 from pot
*** SUMMARY ***
Total pot 5928 | No rake
Seat 6: MathisKcr won 5928


Winamax Poker - Tournament "Tremplin Saint-Malo" buyIn: 0€ + 0€ level: 10 - HandId: #4166882841428230228-74-1766348739 - Holdem no limit (25/125/250) - 2025/12/21 20:25:39 UTC
Table: 'Tremplin Saint-Malo(970178014)#0083' 8-max (real money) Seat #1 is the button
Seat 1: XT_Ghost1963 (9993)
Seat 2: Flex70 (9705)
Seat 3: WanchefMoula (20772)
Seat 4: -MOHiCAN- (3540)
Seat 5: akwakwa (533)
Seat 6: MathisKcr (5928)
Seat 7: q00p (22606)
Seat 8: DoluDolu_26 (40734)
*** ANTE/BLINDS ***
Flex70 posts ante 25
WanchefMoula posts ante 25
XT_Ghost1963 posts ante 25
-MOHiCAN- posts ante 25
akwakwa posts ante 25
MathisKcr posts ante 25
q00p posts ante 25
DoluDolu_26 posts ante 25
Flex70 posts small blind 125
WanchefMoula posts big blind 250
Dealt to MathisKcr [7h 5d]
*** PRE-FLOP *** 
-MOHiCAN- folds
akwakwa folds
MathisKcr folds
q00p folds
DoluDolu_26 calls 250
XT_Ghost1963 calls 250
Flex70 folds
WanchefMoula checks
*** FLOP *** [Td 7s 4h]
WanchefMoula bets 250
DoluDolu_26 folds
XT_Ghost1963 calls 250
*** TURN *** [Td 7s 4h][Qh]
WanchefMoula bets 250
XT_Ghost1963 calls 250
*** RIVER *** [Td 7s 4h Qh][6h]
WanchefMoula bets 19997 and is all-in
XT_Ghost1963 folds
WanchefMoula collected 22072 from pot
*** SUMMARY ***
Total pot 22072 | No rake
Board: [Td 7s 4h Qh 6h]
Seat 3: WanchefMoula (big blind) won 22072


Winamax Poker - Tournament "Tremplin Saint-Malo" buyIn: 0€ + 0€ level: 11 - HandId: #4166882841428230228-75-1766348789 - Holdem no limit (35/150/300) - 2025/12/21 20:26:29 UTC
Table: 'Tremplin Saint-Malo(970178014)#0083' 8-max (real money) Seat #2 is the button
Seat 1: XT_Ghost1963 (9218)
Seat 2: Flex70 (9555)
Seat 3: WanchefMoula (22072)
Seat 4: -MOHiCAN- (3515)
Seat 5: akwakwa (508)
Seat 6: MathisKcr (5903)
Seat 7: q00p (22581)
Seat 8: DoluDolu_26 (40459)
*** ANTE/BLINDS ***
WanchefMoula posts ante 35
-MOHiCAN- posts ante 35
XT_Ghost1963 posts ante 35
Flex70 posts ante 35
akwakwa posts ante 35
MathisKcr posts ante 35
q00p posts ante 35
DoluDolu_26 posts ante 35
WanchefMoula posts small blind 150
-MOHiCAN- posts big blind 300
Dealt to MathisKcr [Ad Jh]
*** PRE-FLOP *** 
akwakwa folds
MathisKcr raises 300 to 600
q00p folds
DoluDolu_26 folds
XT_Ghost1963 folds
Flex70 folds
WanchefMoula folds
-MOHiCAN- calls 300
*** FLOP *** [Ks Jc 5s]
-MOHiCAN- checks
MathisKcr bets 900
-MOHiCAN- folds
MathisKcr collected 2530 from pot
*** SUMMARY ***
Total pot 2530 | No rake
Board: [Ks Jc 5s]
Seat 6: MathisKcr won 2530


Winamax Poker - Tournament "Tremplin Saint-Malo" buyIn: 0€ + 0€ level: 11 - HandId: #4166882841428230228-76-1766348836 - Holdem no limit (35/150/300) - 2025/12/21 20:27:16 UTC
Table: 'Tremplin Saint-Malo(970178014)#0083' 8-max (real money) Seat #3 is the button
Seat 1: XT_Ghost1963 (9183)
Seat 2: Flex70 (9520)
Seat 3: WanchefMoula (21887)
Seat 4: -MOHiCAN- (2880)
Seat 5: akwakwa (473)
Seat 6: MathisKcr (6898)
Seat 7: q00p (22546)
Seat 8: DoluDolu_26 (40424)
*** ANTE/BLINDS ***
-MOHiCAN- posts ante 35
akwakwa posts ante 35
XT_Ghost1963 posts ante 35
Flex70 posts ante 35
WanchefMoula posts ante 35
MathisKcr posts ante 35
q00p posts ante 35
DoluDolu_26 posts ante 35
-MOHiCAN- posts small blind 150
akwakwa posts big blind 300
Dealt to MathisKcr [Qc 2d]
*** PRE-FLOP *** 
MathisKcr folds
q00p raises 300 to 600
DoluDolu_26 calls 600
XT_Ghost1963 folds
Flex70 folds
WanchefMoula raises 21252 to 21852 and is all-in
-MOHiCAN- folds
akwakwa folds
q00p folds
DoluDolu_26 folds
WanchefMoula collected 23782 from pot
*** SUMMARY ***
Total pot 23782 | No rake
Seat 3: WanchefMoula (button) won 23782


Winamax Poker - Tournament "Tremplin Saint-Malo" buyIn: 0€ + 0€ level: 11 - HandId: #4166882841428230228-77-1766348894 - Holdem no limit (35/150/300) - 2025/12/21 20:28:14 UTC
Table: 'Tremplin Saint-Malo(970178014)#0083' 8-max (real money) Seat #4 is the button
Seat 1: XT_Ghost1963 (9148)
Seat 2: Flex70 (9485)
Seat 3: WanchefMoula (23782)
Seat 4: -MOHiCAN- (2695)
Seat 5: akwakwa (138)
Seat 6: MathisKcr (6863)
Seat 7: q00p (21911)
Seat 8: DoluDolu_26 (39789)
*** ANTE/BLINDS ***
akwakwa posts ante 35
MathisKcr posts ante 35
XT_Ghost1963 posts ante 35
Flex70 posts ante 35
WanchefMoula posts ante 35
-MOHiCAN- posts ante 35
q00p posts ante 35
DoluDolu_26 posts ante 35
akwakwa posts small blind 103 and is all-in
MathisKcr posts big blind 300
Dealt to MathisKcr [5h 7s]
*** PRE-FLOP *** 
q00p folds
DoluDolu_26 folds
XT_Ghost1963 calls 300
Flex70 calls 300
WanchefMoula raises 23447 to 23747 and is all-in
-MOHiCAN- folds
MathisKcr folds
XT_Ghost1963 calls 8813 and is all-in
Flex70 folds
*** FLOP *** [Js 3d Td]
*** TURN *** [Js 3d Td][Qd]
*** RIVER *** [Js 3d Td Qd][4s]
*** SHOW DOWN ***
XT_Ghost1963 shows [Jc 9s] (One pair : Jacks)
akwakwa shows [7h 8h] (High card : Queen)
WanchefMoula shows [Tc Qc] (Two pairs : Queens and Tens)
WanchefMoula collected 33843 from pot
*** SUMMARY ***
Total pot 33843 | No rake
Board: [Js 3d Td Qd 4s]
Seat 1: XT_Ghost1963 showed [Jc 9s] and lost with One pair : Jacks
Seat 3: WanchefMoula showed [Tc Qc] and won 33843 with Two pairs : Queens and Tens
Seat 5: akwakwa (small blind) showed [7h 8h] and lost with High card : Queen


Winamax Poker - Tournament "Tremplin Saint-Malo" buyIn: 0€ + 0€ level: 11 - HandId: #4166882841428230228-78-1766348922 - Holdem no limit (35/150/300) - 2025/12/21 20:28:42 UTC
Table: 'Tremplin Saint-Malo(970178014)#0083' 8-max (real money) Seat #5 is the button
Seat 2: Flex70 (9150)
Seat 3: WanchefMoula (33843)
Seat 4: -MOHiCAN- (2660)
Seat 6: MathisKcr (6528)
Seat 7: q00p (21876)
Seat 8: DoluDolu_26 (39754)
*** ANTE/BLINDS ***
MathisKcr posts ante 35
q00p posts ante 35
Flex70 posts ante 35
WanchefMoula posts ante 35
-MOHiCAN- posts ante 35
DoluDolu_26 posts ante 35
MathisKcr posts small blind 150
q00p posts big blind 300
Dealt to MathisKcr [3c Ac]
*** PRE-FLOP *** 
DoluDolu_26 calls 300
Flex70 calls 300
WanchefMoula raises 450 to 750
-MOHiCAN- calls 750
MathisKcr calls 600
q00p calls 450
DoluDolu_26 calls 450
Flex70 calls 450
*** FLOP *** [3h 3d 6s]
MathisKcr bets 600
q00p folds
DoluDolu_26 folds
Flex70 calls 600
WanchefMoula calls 600
-MOHiCAN- folds
*** TURN *** [3h 3d 6s][Qh]
MathisKcr bets 900
Flex70 calls 900
WanchefMoula folds
*** RIVER *** [3h 3d 6s Qh][4h]
MathisKcr bets 4243 and is all-in
Flex70 calls 4243
*** SHOW DOWN ***
Flex70 shows [Qs 2s] (Two pairs : Queens and 3)
MathisKcr shows [3c Ac] (Trips of 3)
MathisKcr collected 16796 from pot
*** SUMMARY ***
Total pot 16796 | No rake
Board: [3h 3d 6s Qh 4h]
Seat 2: Flex70 showed [Qs 2s] and lost with Two pairs : Queens and 3
Seat 6: MathisKcr (small blind) showed [3c Ac] and won 16796 with Trips of 3


Winamax Poker - Tournament "Tremplin Saint-Malo" buyIn: 0€ + 0€ level: 11 - HandId: #4166882841428230228-79-1766349043 - Holdem no limit (35/150/300) - 2025/12/21 20:30:43 UTC
Table: 'Tremplin Saint-Malo(970178014)#0083' 8-max (real money) Seat #6 is the button
Seat 1: Madamc78 (4730)
Seat 2: Flex70 (2622)
Seat 3: WanchefMoula (32458)
Seat 4: -MOHiCAN- (1875)
Seat 5: Okid0ki (10782)
Seat 6: MathisKcr (16796)
Seat 7: q00p (21091)
Seat 8: DoluDolu_26 (38969)
*** ANTE/BLINDS ***
q00p posts ante 35
DoluDolu_26 posts ante 35
Madamc78 posts ante 35
Flex70 posts ante 35
WanchefMoula posts ante 35
-MOHiCAN- posts ante 35
Okid0ki posts ante 35
MathisKcr posts ante 35
q00p posts small blind 150
DoluDolu_26 posts big blind 300
Dealt to MathisKcr [Qh 8s]
*** PRE-FLOP *** 
Madamc78 calls 300
Flex70 calls 300
WanchefMoula raises 450 to 750
-MOHiCAN- folds
Okid0ki folds
MathisKcr calls 750
q00p folds
DoluDolu_26 calls 450
Madamc78 calls 450
Flex70 folds
*** FLOP *** [6h Kh 4c]
DoluDolu_26 bets 300
Madamc78 folds
WanchefMoula raises 1321 to 1621
MathisKcr folds
DoluDolu_26 raises 36563 to 38184 and is all-in
WanchefMoula folds
DoluDolu_26 collected 43535 from pot
*** SUMMARY ***
Total pot 43535 | No rake
Board: [6h Kh 4c]
Seat 8: DoluDolu_26 (big blind) won 43535


Winamax Poker - Tournament "Tremplin Saint-Malo" buyIn: 0€ + 0€ level: 11 - HandId: #4166882841428230228-80-1766349086 - Holdem no limit (35/150/300) - 2025/12/21 20:31:26 UTC
Table: 'Tremplin Saint-Malo(970178014)#0083' 8-max (real money) Seat #7 is the button
Seat 1: Madamc78 (3945)
Seat 2: Flex70 (2287)
Seat 3: WanchefMoula (30052)
Seat 4: -MOHiCAN- (1840)
Seat 5: Okid0ki (10747)
Seat 6: MathisKcr (16011)
Seat 7: q00p (20906)
Seat 8: DoluDolu_26 (43535)
*** ANTE/BLINDS ***
DoluDolu_26 posts ante 35
Madamc78 posts ante 35
Flex70 posts ante 35
WanchefMoula posts ante 35
-MOHiCAN- posts ante 35
Okid0ki posts ante 35
MathisKcr posts ante 35
q00p posts ante 35
DoluDolu_26 posts small blind 150
Madamc78 posts big blind 300
Dealt to MathisKcr [8d 2h]
*** PRE-FLOP *** 
Flex70 folds
WanchefMoula raises 29717 to 30017 and is all-in
-MOHiCAN- folds
Okid0ki folds
MathisKcr folds
q00p folds
DoluDolu_26 folds
Madamc78 folds
WanchefMoula collected 30747 from pot
*** SUMMARY ***
Total pot 30747 | No rake
Seat 3: WanchefMoula won 30747


Winamax Poker - Tournament "Tremplin Saint-Malo" buyIn: 0€ + 0€ level: 11 - HandId: #4166882841428230228-81-1766349141 - Holdem no limit (35/150/300) - 2025/12/21 20:32:21 UTC
Table: 'Tremplin Saint-Malo(970178014)#0083' 8-max (real money) Seat #8 is the button
Seat 1: Madamc78 (3610)
Seat 2: Flex70 (2252)
Seat 3: WanchefMoula (30747)
Seat 4: -MOHiCAN- (1805)
Seat 5: Okid0ki (10712)
Seat 6: MathisKcr (15976)
Seat 7: q00p (20871)
Seat 8: DoluDolu_26 (43350)
*** ANTE/BLINDS ***
Madamc78 posts ante 35
Flex70 posts ante 35
WanchefMoula posts ante 35
-MOHiCAN- posts ante 35
Okid0ki posts ante 35
MathisKcr posts ante 35
q00p posts ante 35
DoluDolu_26 posts ante 35
Madamc78 posts small blind 150
Flex70 posts big blind 300
Dealt to MathisKcr [3h 5c]
*** PRE-FLOP *** 
WanchefMoula folds
-MOHiCAN- folds
Okid0ki folds
MathisKcr folds
q00p folds
DoluDolu_26 calls 300
Madamc78 raises 3275 to 3575 and is all-in
Flex70 calls 1917 and is all-in
DoluDolu_26 calls 3275
*** FLOP *** [5d Jh 7s]
*** TURN *** [5d Jh 7s][9s]
*** RIVER *** [5d Jh 7s 9s][9c]
*** SHOW DOWN ***
Madamc78 shows [8c Kc] (One pair : 9)
Flex70 shows [Qd Qs] (Two pairs : Queens and 9)
DoluDolu_26 shows [6s 5s] (Two pairs : 9 and 5)
DoluDolu_26 collected 2716 from side pot 1
Flex70 collected 6931 from main pot
*** SUMMARY ***
Total pot 9647 | No rake
Board: [5d Jh 7s 9s 9c]
Seat 1: Madamc78 (small blind) showed [8c Kc] and lost with One pair : 9
Seat 2: Flex70 (big blind) showed [Qd Qs] and won 6931 with Two pairs : Queens and 9
Seat 8: DoluDolu_26 (button) showed [6s 5s] and won 2716 with Two pairs : 9 and 5


Winamax Poker - Tournament "Tremplin Saint-Malo" buyIn: 0€ + 0€ level: 11 - HandId: #4166882841428230228-82-1766349188 - Holdem no limit (35/150/300) - 2025/12/21 20:33:08 UTC
Table: 'Tremplin Saint-Malo(970178014)#0083' 8-max (real money) Seat #1 is the button
Seat 2: Flex70 (6931)
Seat 3: WanchefMoula (30712)
Seat 4: -MOHiCAN- (1770)
Seat 5: Okid0ki (10677)
Seat 6: MathisKcr (15941)
Seat 7: q00p (20836)
Seat 8: DoluDolu_26 (42456)
*** ANTE/BLINDS ***
Flex70 posts ante 35
WanchefMoula posts ante 35
-MOHiCAN- posts ante 35
Okid0ki posts ante 35
MathisKcr posts ante 35
q00p posts ante 35
DoluDolu_26 posts ante 35
Flex70 posts small blind 150
WanchefMoula posts big blind 300
Dealt to MathisKcr [Qh Ac]
*** PRE-FLOP *** 
-MOHiCAN- folds
Okid0ki folds
MathisKcr raises 300 to 600
q00p folds
DoluDolu_26 folds
Flex70 folds
WanchefMoula calls 300
*** FLOP *** [6d 3d Tc]
WanchefMoula bets 300
MathisKcr calls 300
*** TURN *** [6d 3d Tc][3s]
WanchefMoula bets 768
MathisKcr calls 768
*** RIVER *** [6d 3d Tc 3s][Ks]
WanchefMoula bets 3731
MathisKcr folds
WanchefMoula collected 7462 from pot
*** SUMMARY ***
Total pot 7462 | No rake
Board: [6d 3d Tc 3s Ks]
Seat 3: WanchefMoula (big blind) won 7462


Winamax Poker - Tournament "Tremplin Saint-Malo" buyIn: 0€ + 0€ level: 11 - HandId: #4166882841428230228-83-1766349221 - Holdem no limit (35/150/300) - 2025/12/21 20:33:41 UTC
Table: 'Tremplin Saint-Malo(970178014)#0083' 8-max (real money) Seat #2 is the button
Seat 2: Flex70 (6746)
Seat 3: WanchefMoula (32740)
Seat 4: -MOHiCAN- (1735)
Seat 5: Okid0ki (10642)
Seat 6: MathisKcr (14238)
Seat 7: q00p (20801)
Seat 8: DoluDolu_26 (42421)
*** ANTE/BLINDS ***
WanchefMoula posts ante 35
-MOHiCAN- posts ante 35
Flex70 posts ante 35
Okid0ki posts ante 35
MathisKcr posts ante 35
q00p posts ante 35
DoluDolu_26 posts ante 35
WanchefMoula posts small blind 150
-MOHiCAN- posts big blind 300
Dealt to MathisKcr [4h Qd]
*** PRE-FLOP *** 
Okid0ki folds
MathisKcr folds
q00p folds
DoluDolu_26 folds
Flex70 folds
WanchefMoula calls 150
-MOHiCAN- checks
*** FLOP *** [4s 3d Qc]
WanchefMoula bets 300
-MOHiCAN- folds
WanchefMoula collected 1145 from pot
*** SUMMARY ***
Total pot 1145 | No rake
Board: [4s 3d Qc]
Seat 3: WanchefMoula (small blind) won 1145


Winamax Poker - Tournament "Tremplin Saint-Malo" buyIn: 0€ + 0€ level: 11 - HandId: #4166882841428230228-84-1766349246 - Holdem no limit (35/150/300) - 2025/12/21 20:34:06 UTC
Table: 'Tremplin Saint-Malo(970178014)#0083' 8-max (real money) Seat #3 is the button
Seat 2: Flex70 (6711)
Seat 3: WanchefMoula (33250)
Seat 4: -MOHiCAN- (1400)
Seat 5: Okid0ki (10607)
Seat 6: MathisKcr (14203)
Seat 7: q00p (20766)
Seat 8: DoluDolu_26 (42386)
*** ANTE/BLINDS ***
-MOHiCAN- posts ante 35
Okid0ki posts ante 35
Flex70 posts ante 35
WanchefMoula posts ante 35
MathisKcr posts ante 35
q00p posts ante 35
DoluDolu_26 posts ante 35
-MOHiCAN- posts small blind 150
Okid0ki posts big blind 300
Dealt to MathisKcr [Qs Qh]
*** PRE-FLOP *** 
MathisKcr raises 450 to 750
q00p folds
DoluDolu_26 folds
Flex70 folds
WanchefMoula calls 750
-MOHiCAN- folds
Okid0ki folds
*** FLOP *** [Ks Jh 9c]
MathisKcr bets 900
WanchefMoula raises 31565 to 32465 and is all-in
MathisKcr calls 12518 and is all-in
*** TURN *** [Ks Jh 9c][9d]
*** RIVER *** [Ks Jh 9c 9d][5d]
*** SHOW DOWN ***
WanchefMoula shows [Jd 8c] (Two pairs : Jacks and 9)
MathisKcr shows [Qs Qh] (Two pairs : Queens and 9)
MathisKcr collected 29031 from main pot
WanchefMoula collected 19047 from side pot 1
*** SUMMARY ***
Total pot 48078 | No rake
Board: [Ks Jh 9c 9d 5d]
Seat 3: WanchefMoula (button) showed [Jd 8c] and won 19047 with Two pairs : Jacks and 9
Seat 6: MathisKcr showed [Qs Qh] and won 29031 with Two pairs : Queens and 9


Winamax Poker - Tournament "Tremplin Saint-Malo" buyIn: 0€ + 0€ level: 12 - HandId: #4166882841428230228-85-1766349281 - Holdem no limit (40/200/400) - 2025/12/21 20:34:41 UTC
Table: 'Tremplin Saint-Malo(970178014)#0083' 8-max (real money) Seat #4 is the button
Seat 1: Loustik77 (6613)
Seat 2: Flex70 (6676)
Seat 3: WanchefMoula (19047)
Seat 4: -MOHiCAN- (1215)
Seat 5: Okid0ki (10272)
Seat 6: MathisKcr (29031)
Seat 7: q00p (20731)
Seat 8: DoluDolu_26 (42351)
*** ANTE/BLINDS ***
Okid0ki posts ante 40
MathisKcr posts ante 40
Loustik77 posts ante 40
Flex70 posts ante 40
WanchefMoula posts ante 40
-MOHiCAN- posts ante 40
q00p posts ante 40
DoluDolu_26 posts ante 40
Okid0ki posts small blind 200
MathisKcr posts big blind 400
Dealt to MathisKcr [5c 9s]
*** PRE-FLOP *** 
q00p folds
DoluDolu_26 raises 400 to 800
Loustik77 folds
Flex70 folds
WanchefMoula raises 18207 to 19007 and is all-in
-MOHiCAN- folds
Okid0ki folds
MathisKcr folds
DoluDolu_26 calls 18207
*** FLOP *** [8c Ah 8d]
*** TURN *** [8c Ah 8d][6h]
*** RIVER *** [8c Ah 8d 6h][4c]
*** SHOW DOWN ***
WanchefMoula shows [Js Ad] (Two pairs : Aces and 8)
DoluDolu_26 shows [Qd As] (Two pairs : Aces and 8)
DoluDolu_26 collected 38934 from pot
*** SUMMARY ***
Total pot 38934 | No rake
Board: [8c Ah 8d 6h 4c]
Seat 3: WanchefMoula showed [Js Ad] and lost with Two pairs : Aces and 8
Seat 8: DoluDolu_26 showed [Qd As] and won 38934 with Two pairs : Aces and 8


Winamax Poker - Tournament "Tremplin Saint-Malo" buyIn: 0€ + 0€ level: 12 - HandId: #4166882841428230228-86-1766349310 - Holdem no limit (40/200/400) - 2025/12/21 20:35:10 UTC
Table: 'Tremplin Saint-Malo(970178014)#0083' 8-max (real money) Seat #5 is the button
Seat 1: Loustik77 (6573)
Seat 2: Flex70 (6636)
Seat 4: -MOHiCAN- (1175)
Seat 5: Okid0ki (10032)
Seat 6: MathisKcr (28591)
Seat 7: q00p (20691)
Seat 8: DoluDolu_26 (62238)
*** ANTE/BLINDS ***
MathisKcr posts ante 40
q00p posts ante 40
Loustik77 posts ante 40
Flex70 posts ante 40
-MOHiCAN- posts ante 40
Okid0ki posts ante 40
DoluDolu_26 posts ante 40
MathisKcr posts small blind 200
q00p posts big blind 400
Dealt to MathisKcr [9d Kh]
*** PRE-FLOP *** 
DoluDolu_26 folds
Loustik77 folds
Flex70 calls 400
-MOHiCAN- folds
Okid0ki calls 400
MathisKcr raises 400 to 800
q00p calls 400
Flex70 calls 400
Okid0ki calls 400
*** FLOP *** [Ad 6s Th]
MathisKcr checks
q00p bets 1218
Flex70 folds
Okid0ki folds
MathisKcr folds
q00p collected 4698 from pot
*** SUMMARY ***
Total pot 4698 | No rake
Board: [Ad 6s Th]
Seat 7: q00p (big blind) won 4698


Winamax Poker - Tournament "Tremplin Saint-Malo" buyIn: 0€ + 0€ level: 12 - HandId: #4166882841428230228-87-1766349355 - Holdem no limit (40/200/400) - 2025/12/21 20:35:55 UTC
Table: 'Tremplin Saint-Malo(970178014)#0083' 8-max (real money) Seat #6 is the button
Seat 1: Loustik77 (6533)
Seat 2: Flex70 (5796)
Seat 4: -MOHiCAN- (1135)
Seat 5: Okid0ki (9192)
Seat 6: MathisKcr (27751)
Seat 7: q00p (23331)
Seat 8: DoluDolu_26 (62198)
*** ANTE/BLINDS ***
q00p posts ante 40
DoluDolu_26 posts ante 40
Loustik77 posts ante 40
Flex70 posts ante 40
-MOHiCAN- posts ante 40
Okid0ki posts ante 40
MathisKcr posts ante 40
q00p posts small blind 200
DoluDolu_26 posts big blind 400
Dealt to MathisKcr [8h 2c]
*** PRE-FLOP *** 
Loustik77 folds
Flex70 raises 400 to 800
-MOHiCAN- folds
Okid0ki folds
MathisKcr folds
q00p folds
DoluDolu_26 calls 400
*** FLOP *** [Jc Qs 9d]
DoluDolu_26 checks
Flex70 checks
*** TURN *** [Jc Qs 9d][Ac]
DoluDolu_26 bets 728
Flex70 raises 728 to 1456
DoluDolu_26 calls 728
*** RIVER *** [Jc Qs 9d Ac][Ks]
DoluDolu_26 checks
Flex70 bets 1747
DoluDolu_26 calls 1747
*** SHOW DOWN ***
DoluDolu_26 shows [4h Ah] (One pair : Aces)
Flex70 shows [Td Kd] (Straight Ace high)
Flex70 collected 8486 from pot
*** SUMMARY ***
Total pot 8486 | No rake
Board: [Jc Qs 9d Ac Ks]
Seat 2: Flex70 showed [Td Kd] and won 8486 with Straight Ace high
Seat 8: DoluDolu_26 (big blind) showed [4h Ah] and lost with One pair : Aces


Winamax Poker - Tournament "Tremplin Saint-Malo" buyIn: 0€ + 0€ level: 12 - HandId: #4166882841428230228-88-1766349388 - Holdem no limit (40/200/400) - 2025/12/21 20:36:28 UTC
Table: 'Tremplin Saint-Malo(970178014)#0083' 8-max (real money) Seat #7 is the button
Seat 1: Loustik77 (6493)
Seat 2: Flex70 (10239)
Seat 3: Enio56 (1246)
Seat 4: -MOHiCAN- (1095)
Seat 5: Okid0ki (9152)
Seat 6: MathisKcr (27711)
Seat 7: q00p (23091)
Seat 8: DoluDolu_26 (58155)
*** ANTE/BLINDS ***
DoluDolu_26 posts ante 40
Loustik77 posts ante 40
Flex70 posts ante 40
Enio56 posts ante 40
-MOHiCAN- posts ante 40
Okid0ki posts ante 40
MathisKcr posts ante 40
q00p posts ante 40
DoluDolu_26 posts small blind 200
Loustik77 posts big blind 400
Dealt to MathisKcr [Ac Kc]
*** PRE-FLOP *** 
Flex70 folds
Enio56 folds
-MOHiCAN- folds
Okid0ki raises 400 to 800
MathisKcr calls 800
q00p folds
DoluDolu_26 calls 600
Loustik77 folds
*** FLOP *** [6c 4h 8h]
DoluDolu_26 checks
Okid0ki checks
MathisKcr bets 1200
DoluDolu_26 folds
Okid0ki raises 7112 to 8312 and is all-in
MathisKcr calls 7112
*** TURN *** [6c 4h 8h][2c]
*** RIVER *** [6c 4h 8h 2c][3h]
*** SHOW DOWN ***
Okid0ki shows [9h As] (High card : Ace)
MathisKcr shows [Ac Kc] (High card : Ace)
MathisKcr collected 19744 from pot
*** SUMMARY ***
Total pot 19744 | No rake
Board: [6c 4h 8h 2c 3h]
Seat 5: Okid0ki showed [9h As] and lost with High card : Ace
Seat 6: MathisKcr showed [Ac Kc] and won 19744 with High card : Ace


Winamax Poker - Tournament "Tremplin Saint-Malo" buyIn: 0€ + 0€ level: 12 - HandId: #4166882841428230228-89-1766349449 - Holdem no limit (40/200/400) - 2025/12/21 20:37:29 UTC
Table: 'Tremplin Saint-Malo(970178014)#0083' 8-max (real money) Seat #8 is the button
Seat 1: Loustik77 (6053)
Seat 2: Flex70 (10199)
Seat 3: Enio56 (1206)
Seat 4: -MOHiCAN- (1055)
Seat 6: MathisKcr (38303)
Seat 7: q00p (23051)
Seat 8: DoluDolu_26 (57315)
*** ANTE/BLINDS ***
Loustik77 posts ante 40
Flex70 posts ante 40
Enio56 posts ante 40
-MOHiCAN- posts ante 40
MathisKcr posts ante 40
q00p posts ante 40
DoluDolu_26 posts ante 40
Loustik77 posts small blind 200
Flex70 posts big blind 400
Dealt to MathisKcr [Th 3c]
*** PRE-FLOP *** 
Enio56 raises 766 to 1166 and is all-in
-MOHiCAN- folds
MathisKcr folds
q00p folds
DoluDolu_26 folds
Loustik77 folds
Flex70 folds
Enio56 collected 2046 from pot
*** SUMMARY ***
Total pot 2046 | No rake
Seat 3: Enio56 won 2046


Winamax Poker - Tournament "Tremplin Saint-Malo" buyIn: 0€ + 0€ level: 12 - HandId: #4166882841428230228-90-1766349465 - Holdem no limit (40/200/400) - 2025/12/21 20:37:45 UTC
Table: 'Tremplin Saint-Malo(970178014)#0083' 8-max (real money) Seat #1 is the button
Seat 1: Loustik77 (5813)
Seat 2: Flex70 (9759)
Seat 3: Enio56 (2046)
Seat 4: -MOHiCAN- (1015)
Seat 5: EVA-Shark446 (4055)
Seat 6: MathisKcr (38263)
Seat 7: q00p (23011)
Seat 8: DoluDolu_26 (57275)
*** ANTE/BLINDS ***
Flex70 posts ante 40
Enio56 posts ante 40
Loustik77 posts ante 40
-MOHiCAN- posts ante 40
EVA-Shark446 posts ante 40
MathisKcr posts ante 40
q00p posts ante 40
DoluDolu_26 posts ante 40
Flex70 posts small blind 200
Enio56 posts big blind 400
Dealt to MathisKcr [Js 4d]
*** PRE-FLOP *** 
-MOHiCAN- raises 575 to 975 and is all-in
EVA-Shark446 calls 975
MathisKcr folds
q00p folds
DoluDolu_26 folds
Loustik77 folds
Flex70 calls 775
Enio56 calls 575
*** FLOP *** [2c 5d 4h]
Flex70 checks
Enio56 bets 1031 and is all-in
EVA-Shark446 calls 1031
Flex70 calls 1031
*** TURN *** [2c 5d 4h][Kh]
Flex70 checks
EVA-Shark446 checks
*** RIVER *** [2c 5d 4h Kh][3s]
Flex70 bets 7713 and is all-in
EVA-Shark446 calls 2009 and is all-in
*** SHOW DOWN ***
Enio56 shows [8s 7c] (High card : King)
EVA-Shark446 shows [2s Qd] (One pair : 2)
Flex70 shows [Ac Ks] (Straight 5 high)
-MOHiCAN- shows [Ad Jc] (Straight 5 high)
-MOHiCAN- collected 2110 from main pot
Flex70 collected 14925 from side pot 1
*** SUMMARY ***
Total pot 17035 | No rake
Board: [2c 5d 4h Kh 3s]
Seat 2: Flex70 (small blind) showed [Ac Ks] and won 14925 with Straight 5 high
Seat 3: Enio56 (big blind) showed [8s 7c] and lost with High card : King
Seat 4: -MOHiCAN- showed [Ad Jc] and won 2110 with Straight 5 high
Seat 5: EVA-Shark446 showed [2s Qd] and lost with One pair : 2


Winamax Poker - Tournament "Tremplin Saint-Malo" buyIn: 0€ + 0€ level: 12 - HandId: #4166882841428230228-91-1766349541 - Holdem no limit (40/200/400) - 2025/12/21 20:39:01 UTC
Table: 'Tremplin Saint-Malo(970178014)#0083' 8-max (real money) Seat #2 is the button
Seat 1: Loustik77 (5773)
Seat 2: Flex70 (14925)
Seat 4: -MOHiCAN- (2110)
Seat 6: MathisKcr (38223)
Seat 7: q00p (22971)
Seat 8: DoluDolu_26 (57235)
*** ANTE/BLINDS ***
-MOHiCAN- posts ante 40
Loustik77 posts ante 40
Flex70 posts ante 40
MathisKcr posts ante 40
q00p posts ante 40
DoluDolu_26 posts ante 40
-MOHiCAN- posts big blind 400
Dealt to MathisKcr [3d Kd]
*** PRE-FLOP *** 
MathisKcr raises 400 to 800
q00p calls 800
DoluDolu_26 folds
Loustik77 folds
Flex70 calls 800
-MOHiCAN- folds
*** FLOP *** [Ah 7d As]
MathisKcr checks
q00p checks
Flex70 checks
*** TURN *** [Ah 7d As][9h]
MathisKcr bets 800
q00p calls 800
Flex70 calls 800
*** RIVER *** [Ah 7d As 9h][2d]
MathisKcr bets 1200
q00p folds
Flex70 calls 1200
*** SHOW DOWN ***
MathisKcr shows [3d Kd] (One pair : Aces)
Flex70 shows [Jc 7c] (Two pairs : Aces and 7)
Flex70 collected 7840 from pot
*** SUMMARY ***
Total pot 7840 | No rake
Board: [Ah 7d As 9h 2d]
Seat 2: Flex70 (button) showed [Jc 7c] and won 7840 with Two pairs : Aces and 7
Seat 6: MathisKcr showed [3d Kd] and lost with One pair : Aces


Winamax Poker - Tournament "Tremplin Saint-Malo" buyIn: 0€ + 0€ level: 12 - HandId: #4166882841428230228-92-1766349616 - Holdem no limit (40/200/400) - 2025/12/21 20:40:16 UTC
Table: 'Tremplin Saint-Malo(970178014)#0083' 8-max (real money) Seat #3 is the button
Seat 1: Loustik77 (5733)
Seat 2: Flex70 (19925)
Seat 3: Duvechrist34 (13072)
Seat 4: -MOHiCAN- (1670)
Seat 5: Eulaba53 (3022)
Seat 6: MathisKcr (35383)
Seat 7: q00p (21331)
Seat 8: DoluDolu_26 (57195)
*** ANTE/BLINDS ***
-MOHiCAN- posts ante 40
Eulaba53 posts ante 40
Loustik77 posts ante 40
Flex70 posts ante 40
MathisKcr posts ante 40
q00p posts ante 40
DoluDolu_26 posts ante 40
-MOHiCAN- posts small blind 200
Eulaba53 posts big blind 400
Dealt to MathisKcr [8s 4c]
*** PRE-FLOP *** 
MathisKcr folds
q00p folds
DoluDolu_26 calls 400
Loustik77 calls 400
Flex70 folds
-MOHiCAN- calls 200
Eulaba53 checks
*** FLOP *** [Ad Ac 9s]
-MOHiCAN- checks
Eulaba53 checks
DoluDolu_26 checks
Loustik77 checks
*** TURN *** [Ad Ac 9s][2d]
-MOHiCAN- checks
Eulaba53 checks
DoluDolu_26 checks
Loustik77 checks
*** RIVER *** [Ad Ac 9s 2d][6h]
-MOHiCAN- checks
Eulaba53 checks
DoluDolu_26 checks
Loustik77 checks
*** SHOW DOWN ***
-MOHiCAN- shows [Td Kc] (One pair : Aces)
Eulaba53 shows [5h 3d] (One pair : Aces)
DoluDolu_26 shows [5s 4s] (One pair : Aces)
Loustik77 shows [6d 5d] (Two pairs : Aces and 6)
Loustik77 collected 1880 from pot
*** SUMMARY ***
Total pot 1880 | No rake
Board: [Ad Ac 9s 2d 6h]
Seat 1: Loustik77 showed [6d 5d] and won 1880 with Two pairs : Aces and 6
Seat 4: -MOHiCAN- (small blind) showed [Td Kc] and lost with One pair : Aces
Seat 5: Eulaba53 (big blind) showed [5h 3d] and lost with One pair : Aces
Seat 8: DoluDolu_26 showed [5s 4s] and lost with One pair : Aces


Winamax Poker - Tournament "Tremplin Saint-Malo" buyIn: 0€ + 0€ level: 12 - HandId: #4166882841428230228-93-1766349664 - Holdem no limit (40/200/400) - 2025/12/21 20:41:04 UTC
Table: 'Tremplin Saint-Malo(970178014)#0083' 8-max (real money) Seat #4 is the button
Seat 1: Loustik77 (7173)
Seat 2: Flex70 (19885)
Seat 3: Duvechrist34 (13072)
Seat 4: -MOHiCAN- (1230)
Seat 5: Eulaba53 (2582)
Seat 6: MathisKcr (35343)
Seat 7: q00p (21291)
Seat 8: DoluDolu_26 (56755)
*** ANTE/BLINDS ***
Eulaba53 posts ante 40
MathisKcr posts ante 40
Loustik77 posts ante 40
Flex70 posts ante 40
Duvechrist34 posts ante 40
-MOHiCAN- posts ante 40
q00p posts ante 40
DoluDolu_26 posts ante 40
Eulaba53 posts small blind 200
MathisKcr posts big blind 400
Dealt to MathisKcr [9c Jc]
*** PRE-FLOP *** 
q00p folds
DoluDolu_26 calls 400
Loustik77 folds
Flex70 calls 400
Duvechrist34 folds
-MOHiCAN- folds
Eulaba53 folds
MathisKcr checks
*** FLOP *** [Ks 6c 9d]
MathisKcr bets 800
DoluDolu_26 folds
Flex70 calls 800
*** TURN *** [Ks 6c 9d][2d]
MathisKcr checks
Flex70 checks
*** RIVER *** [Ks 6c 9d 2d][8s]
MathisKcr bets 1200
Flex70 calls 1200
*** SHOW DOWN ***
Flex70 shows [8d Tc] (One pair : 8)
MathisKcr shows [9c Jc] (One pair : 9)
MathisKcr collected 5720 from pot
*** SUMMARY ***
Total pot 5720 | No rake
Board: [Ks 6c 9d 2d 8s]
Seat 2: Flex70 showed [8d Tc] and lost with One pair : 8
Seat 6: MathisKcr (big blind) showed [9c Jc] and won 5720 with One pair : 9


Winamax Poker - Tournament "Tremplin Saint-Malo" buyIn: 0€ + 0€ level: 12 - HandId: #4166882841428230228-94-1766349708 - Holdem no limit (40/200/400) - 2025/12/21 20:41:48 UTC
Table: 'Tremplin Saint-Malo(970178014)#0083' 8-max (real money) Seat #5 is the button
Seat 1: Loustik77 (7133)
Seat 2: Flex70 (17445)
Seat 3: Duvechrist34 (13032)
Seat 4: -MOHiCAN- (1190)
Seat 5: Eulaba53 (2342)
Seat 6: MathisKcr (38623)
Seat 7: q00p (21251)
Seat 8: DoluDolu_26 (56315)
*** ANTE/BLINDS ***
MathisKcr posts ante 40
q00p posts ante 40
Loustik77 posts ante 40
Flex70 posts ante 40
Duvechrist34 posts ante 40
-MOHiCAN- posts ante 40
Eulaba53 posts ante 40
DoluDolu_26 posts ante 40
MathisKcr posts small blind 200
q00p posts big blind 400
Dealt to MathisKcr [7s 3d]
*** PRE-FLOP *** 
DoluDolu_26 raises 55875 to 56275 and is all-in
Loustik77 folds
Flex70 folds
Duvechrist34 folds
-MOHiCAN- calls 1150 and is all-in
Eulaba53 folds
MathisKcr folds
q00p folds
*** FLOP *** [4h 9h 7d]
*** TURN *** [4h 9h 7d][Kd]
*** RIVER *** [4h 9h 7d Kd][2d]
*** SHOW DOWN ***
-MOHiCAN- shows [Ah Qs] (High card : Ace)
DoluDolu_26 shows [Qd Qh] (One pair : Queens)
DoluDolu_26 collected 58345 from pot
*** SUMMARY ***
Total pot 58345 | No rake
Board: [4h 9h 7d Kd 2d]
Seat 4: -MOHiCAN- showed [Ah Qs] and lost with High card : Ace
Seat 8: DoluDolu_26 showed [Qd Qh] and won 58345 with One pair : Queens


Winamax Poker - Tournament "Tremplin Saint-Malo" buyIn: 0€ + 0€ level: 12 - HandId: #4166882841428230228-95-1766349728 - Holdem no limit (40/200/400) - 2025/12/21 20:42:08 UTC
Table: 'Tremplin Saint-Malo(970178014)#0083' 8-max (real money) Seat #6 is the button
Seat 1: Loustik77 (7093)
Seat 2: Flex70 (17405)
Seat 3: Duvechrist34 (12992)
Seat 5: Eulaba53 (2302)
Seat 6: MathisKcr (38383)
Seat 7: q00p (20811)
Seat 8: DoluDolu_26 (58345)
*** ANTE/BLINDS ***
q00p posts ante 40
DoluDolu_26 posts ante 40
Loustik77 posts ante 40
Flex70 posts ante 40
Duvechrist34 posts ante 40
Eulaba53 posts ante 40
MathisKcr posts ante 40
q00p posts small blind 200
DoluDolu_26 posts big blind 400
Dealt to MathisKcr [Qc 2c]
*** PRE-FLOP *** 
Loustik77 folds
Flex70 folds
Duvechrist34 folds
Eulaba53 folds
MathisKcr raises 400 to 800
q00p folds
DoluDolu_26 calls 400
*** FLOP *** [Ad 9d Kd]
DoluDolu_26 checks
MathisKcr bets 1600
DoluDolu_26 calls 1600
*** TURN *** [Ad 9d Kd][9c]
DoluDolu_26 checks
MathisKcr checks
*** RIVER *** [Ad 9d Kd 9c][3c]
DoluDolu_26 bets 1848
MathisKcr folds
DoluDolu_26 collected 7128 from pot
*** SUMMARY ***
Total pot 7128 | No rake
Board: [Ad 9d Kd 9c 3c]
Seat 8: DoluDolu_26 (big blind) won 7128


Winamax Poker - Tournament "Tremplin Saint-Malo" buyIn: 0€ + 0€ level: 13 - HandId: #4166882841428230228-96-1766349762 - Holdem no limit (50/250/500) - 2025/12/21 20:42:42 UTC
Table: 'Tremplin Saint-Malo(970178014)#0083' 8-max (real money) Seat #7 is the button
Seat 1: Loustik77 (7053)
Seat 2: Flex70 (17365)
Seat 3: Duvechrist34 (12952)
Seat 5: Eulaba53 (2262)
Seat 6: MathisKcr (35943)
Seat 7: q00p (20571)
Seat 8: DoluDolu_26 (61185)
*** ANTE/BLINDS ***
DoluDolu_26 posts ante 50
Loustik77 posts ante 50
Flex70 posts ante 50
Duvechrist34 posts ante 50
Eulaba53 posts ante 50
MathisKcr posts ante 50
q00p posts ante 50
DoluDolu_26 posts small blind 250
Loustik77 posts big blind 500
Dealt to MathisKcr [8s 2d]
*** PRE-FLOP *** 
Flex70 folds
Duvechrist34 folds
Eulaba53 folds
MathisKcr folds
q00p raises 500 to 1000
DoluDolu_26 folds
Loustik77 folds
q00p collected 2100 from pot
*** SUMMARY ***
Total pot 2100 | No rake
Seat 7: q00p (button) won 2100


Winamax Poker - Tournament "Tremplin Saint-Malo" buyIn: 0€ + 0€ level: 13 - HandId: #4166882841428230228-97-1766349786 - Holdem no limit (50/250/500) - 2025/12/21 20:43:06 UTC
Table: 'Tremplin Saint-Malo(970178014)#0083' 8-max (real money) Seat #8 is the button
Seat 1: Loustik77 (6503)
Seat 2: Flex70 (17315)
Seat 3: Duvechrist34 (12902)
Seat 5: Eulaba53 (2212)
Seat 6: MathisKcr (35893)
Seat 7: q00p (21621)
Seat 8: DoluDolu_26 (60885)
*** ANTE/BLINDS ***
Loustik77 posts ante 50
Flex70 posts ante 50
Duvechrist34 posts ante 50
Eulaba53 posts ante 50
MathisKcr posts ante 50
q00p posts ante 50
DoluDolu_26 posts ante 50
Loustik77 posts small blind 250
Flex70 posts big blind 500
Dealt to MathisKcr [Ah 2d]
*** PRE-FLOP *** 
Duvechrist34 folds
Eulaba53 folds
MathisKcr raises 500 to 1000
q00p folds
DoluDolu_26 calls 1000
Loustik77 folds
Flex70 calls 500
*** FLOP *** [5h 9c 4d]
Flex70 checks
MathisKcr bets 1000
DoluDolu_26 folds
Flex70 calls 1000
*** TURN *** [5h 9c 4d][7s]
Flex70 checks
MathisKcr checks
*** RIVER *** [5h 9c 4d 7s][Jc]
Flex70 checks
MathisKcr bets 1500
Flex70 calls 1500
*** SHOW DOWN ***
MathisKcr shows [Ah 2d] (High card : Ace)
Flex70 shows [6d Jd] (One pair : Jacks)
Flex70 collected 8600 from pot
*** SUMMARY ***
Total pot 8600 | No rake
Board: [5h 9c 4d 7s Jc]
Seat 2: Flex70 (big blind) showed [6d Jd] and won 8600 with One pair : Jacks
Seat 6: MathisKcr showed [Ah 2d] and lost with High card : Ace


Winamax Poker - Tournament "Tremplin Saint-Malo" buyIn: 0€ + 0€ level: 13 - HandId: #4166882841428230228-98-1766349850 - Holdem no limit (50/250/500) - 2025/12/21 20:44:10 UTC
Table: 'Tremplin Saint-Malo(970178014)#0083' 8-max (real money) Seat #1 is the button
Seat 1: Loustik77 (6203)
Seat 2: Flex70 (22365)
Seat 3: Duvechrist34 (12852)
Seat 4: Vaashisht (24311)
Seat 5: Eulaba53 (2162)
Seat 6: MathisKcr (32343)
Seat 7: q00p (21571)
Seat 8: DoluDolu_26 (59835)
*** ANTE/BLINDS ***
Flex70 posts ante 50
Duvechrist34 posts ante 50
Loustik77 posts ante 50
Vaashisht posts ante 50
Eulaba53 posts ante 50
MathisKcr posts ante 50
q00p posts ante 50
DoluDolu_26 posts ante 50
Flex70 posts small blind 250
Duvechrist34 posts big blind 500
Dealt to MathisKcr [9s Tc]
*** PRE-FLOP *** 
Vaashisht folds
Eulaba53 folds
MathisKcr calls 500
q00p raises 1250 to 1750
DoluDolu_26 folds
Loustik77 folds
Flex70 calls 1500
Duvechrist34 folds
MathisKcr calls 1250
*** FLOP *** [7s Th 8c]
Flex70 checks
MathisKcr bets 1500
q00p folds
Flex70 folds
MathisKcr collected 7650 from pot
*** SUMMARY ***
Total pot 7650 | No rake
Board: [7s Th 8c]
Seat 6: MathisKcr won 7650


Winamax Poker - Tournament "Tremplin Saint-Malo" buyIn: 0€ + 0€ level: 13 - HandId: #4166882841428230228-99-1766349895 - Holdem no limit (50/250/500) - 2025/12/21 20:44:55 UTC
Table: 'Tremplin Saint-Malo(970178014)#0083' 8-max (real money) Seat #2 is the button
Seat 1: Loustik77 (6153)
Seat 2: Flex70 (20565)
Seat 3: Duvechrist34 (12302)
Seat 4: Vaashisht (24261)
Seat 5: Eulaba53 (2112)
Seat 6: MathisKcr (36693)
Seat 7: q00p (19771)
Seat 8: DoluDolu_26 (59785)
*** ANTE/BLINDS ***
Duvechrist34 posts ante 50
Vaashisht posts ante 50
Loustik77 posts ante 50
Flex70 posts ante 50
Eulaba53 posts ante 50
MathisKcr posts ante 50
q00p posts ante 50
DoluDolu_26 posts ante 50
Duvechrist34 posts small blind 250
Vaashisht posts big blind 500
Dealt to MathisKcr [5h 7d]
*** PRE-FLOP *** 
Eulaba53 raises 1562 to 2062 and is all-in
MathisKcr folds
q00p folds
DoluDolu_26 calls 2062
Loustik77 folds
Flex70 calls 2062
Duvechrist34 folds
Vaashisht folds
*** FLOP *** [8c Ts 4d]
DoluDolu_26 bets 2568
Flex70 calls 2568
*** TURN *** [8c Ts 4d][Jc]
DoluDolu_26 bets 4365
Flex70 calls 4365
*** RIVER *** [8c Ts 4d Jc][As]
DoluDolu_26 bets 7421
Flex70 calls 7421
*** SHOW DOWN ***
Eulaba53 shows [9s 9c] (One pair : 9)
DoluDolu_26 shows [6c Tc] (One pair : Tens)
Flex70 shows [Ad Ah] (Trips of Aces)
Flex70 collected 36044 from pot
*** SUMMARY ***
Total pot 36044 | No rake
Board: [8c Ts 4d Jc As]
Seat 2: Flex70 (button) showed [Ad Ah] and won 36044 with Trips of Aces
Seat 5: Eulaba53 showed [9s 9c] and lost with One pair : 9
Seat 8: DoluDolu_26 showed [6c Tc] and lost with One pair : Tens


Winamax Poker - Tournament "Tremplin Saint-Malo" buyIn: 0€ + 0€ level: 13 - HandId: #4166882841428230228-100-1766349933 - Holdem no limit (50/250/500) - 2025/12/21 20:45:33 UTC
Table: 'Tremplin Saint-Malo(970178014)#0083' 8-max (real money) Seat #3 is the button
Seat 1: Loustik77 (6103)
Seat 2: Flex70 (40143)
Seat 3: Duvechrist34 (12002)
Seat 4: Vaashisht (23711)
Seat 6: MathisKcr (36643)
Seat 7: q00p (19721)
Seat 8: DoluDolu_26 (43319)
*** ANTE/BLINDS ***
Vaashisht posts ante 50
MathisKcr posts ante 50
Loustik77 posts ante 50
Flex70 posts ante 50
Duvechrist34 posts ante 50
q00p posts ante 50
DoluDolu_26 posts ante 50
Vaashisht posts small blind 250
MathisKcr posts big blind 500
Dealt to MathisKcr [Qs 7d]
*** PRE-FLOP *** 
q00p folds
DoluDolu_26 folds
Loustik77 calls 500
Flex70 calls 500
Duvechrist34 folds
Vaashisht folds
MathisKcr checks
*** FLOP *** [9d As 2s]
MathisKcr checks
Loustik77 bets 500
Flex70 calls 500
MathisKcr folds
*** TURN *** [9d As 2s][9h]
Loustik77 checks
Flex70 checks
*** RIVER *** [9d As 2s 9h][Kc]
Loustik77 bets 775
Flex70 calls 775
*** SHOW DOWN ***
Flex70 shows [8c Jh] (One pair : 9)
Loustik77 shows [Ac 5d] (Two pairs : Aces and 9)
Loustik77 collected 4650 from pot
*** SUMMARY ***
Total pot 4650 | No rake
Board: [9d As 2s 9h Kc]
Seat 1: Loustik77 showed [Ac 5d] and won 4650 with Two pairs : Aces and 9
Seat 2: Flex70 showed [8c Jh] and lost with One pair : 9


Winamax Poker - Tournament "Tremplin Saint-Malo" buyIn: 0€ + 0€ level: 13 - HandId: #4166882841428230228-101-1766349988 - Holdem no limit (50/250/500) - 2025/12/21 20:46:28 UTC
Table: 'Tremplin Saint-Malo(970178014)#0083' 8-max (real money) Seat #4 is the button
Seat 1: Loustik77 (8928)
Seat 2: Flex70 (38318)
Seat 3: Duvechrist34 (11952)
Seat 4: Vaashisht (23411)
Seat 5: DV_Sniper44 (6855)
Seat 6: MathisKcr (36093)
Seat 7: q00p (19671)
Seat 8: DoluDolu_26 (43269)
*** ANTE/BLINDS ***
MathisKcr posts ante 50
q00p posts ante 50
Loustik77 posts ante 50
Flex70 posts ante 50
Duvechrist34 posts ante 50
Vaashisht posts ante 50
DoluDolu_26 posts ante 50
MathisKcr posts small blind 250
q00p posts big blind 500
Dealt to MathisKcr [Ah Th]
*** PRE-FLOP *** 
DoluDolu_26 folds
Loustik77 folds
Flex70 folds
Duvechrist34 folds
Vaashisht folds
MathisKcr calls 250
q00p checks
*** FLOP *** [Jd 2s Jc]
MathisKcr bets 1000
q00p folds
MathisKcr collected 2350 from pot
*** SUMMARY ***
Total pot 2350 | No rake
Board: [Jd 2s Jc]
Seat 6: MathisKcr (small blind) won 2350


Winamax Poker - Tournament "Tremplin Saint-Malo" buyIn: 0€ + 0€ level: 13 - HandId: #4166882841428230228-102-1766350012 - Holdem no limit (50/250/500) - 2025/12/21 20:46:52 UTC
Table: 'Tremplin Saint-Malo(970178014)#0083' 8-max (real money) Seat #6 is the button
Seat 1: Loustik77 (8878)
Seat 2: Flex70 (38268)
Seat 3: Duvechrist34 (11902)
Seat 4: Vaashisht (23361)
Seat 5: DV_Sniper44 (6855)
Seat 6: MathisKcr (36893)
Seat 7: q00p (19121)
Seat 8: DoluDolu_26 (43219)
*** ANTE/BLINDS ***
q00p posts ante 50
DoluDolu_26 posts ante 50
Loustik77 posts ante 50
Flex70 posts ante 50
Duvechrist34 posts ante 50
Vaashisht posts ante 50
DV_Sniper44 posts ante 50
MathisKcr posts ante 50
q00p posts small blind 250
DoluDolu_26 posts big blind 500
Dealt to MathisKcr [Ks 6s]
*** PRE-FLOP *** 
Loustik77 folds
Flex70 calls 500
Duvechrist34 folds
Vaashisht folds
DV_Sniper44 folds
MathisKcr raises 500 to 1000
q00p folds
DoluDolu_26 folds
Flex70 calls 500
*** FLOP *** [8d 3h Qh]
Flex70 checks
MathisKcr checks
*** TURN *** [8d 3h Qh][8s]
Flex70 checks
MathisKcr checks
*** RIVER *** [8d 3h Qh 8s][Js]
Flex70 bets 1103
MathisKcr folds
Flex70 collected 4253 from pot
*** SUMMARY ***
Total pot 4253 | No rake
Board: [8d 3h Qh 8s Js]
Seat 2: Flex70 won 4253


Winamax Poker - Tournament "Tremplin Saint-Malo" buyIn: 0€ + 0€ level: 13 - HandId: #4166882841428230228-103-1766350069 - Holdem no limit (50/250/500) - 2025/12/21 20:47:49 UTC
Table: 'Tremplin Saint-Malo(970178014)#0083' 8-max (real money) Seat #7 is the button
Seat 1: Loustik77 (8828)
Seat 2: Flex70 (40368)
Seat 3: Duvechrist34 (11852)
Seat 4: Vaashisht (23311)
Seat 5: DV_Sniper44 (6805)
Seat 6: MathisKcr (35843)
Seat 7: q00p (18821)
Seat 8: DoluDolu_26 (42669)
*** ANTE/BLINDS ***
DoluDolu_26 posts ante 50
Loustik77 posts ante 50
Flex70 posts ante 50
Duvechrist34 posts ante 50
Vaashisht posts ante 50
DV_Sniper44 posts ante 50
MathisKcr posts ante 50
q00p posts ante 50
DoluDolu_26 posts small blind 250
Loustik77 posts big blind 500
Dealt to MathisKcr [2d Qs]
*** PRE-FLOP *** 
Flex70 calls 500
Duvechrist34 folds
Vaashisht folds
DV_Sniper44 folds
MathisKcr calls 500
q00p folds
DoluDolu_26 folds
Loustik77 checks
*** FLOP *** [Kh Ac Tc]
Loustik77 checks
Flex70 bets 500
MathisKcr calls 500
Loustik77 calls 500
*** TURN *** [Kh Ac Tc][Th]
Loustik77 checks
Flex70 checks
MathisKcr checks
*** RIVER *** [Kh Ac Tc Th][6h]
Loustik77 checks
Flex70 bets 1278
MathisKcr folds
Loustik77 folds
Flex70 collected 4928 from pot
*** SUMMARY ***
Total pot 4928 | No rake
Board: [Kh Ac Tc Th 6h]
Seat 2: Flex70 won 4928


Winamax Poker - Tournament "Tremplin Saint-Malo" buyIn: 0€ + 0€ level: 13 - HandId: #4166882841428230228-104-1766350128 - Holdem no limit (50/250/500) - 2025/12/21 20:48:48 UTC
Table: 'Tremplin Saint-Malo(970178014)#0083' 8-max (real money) Seat #8 is the button
Seat 1: Loustik77 (7778)
Seat 2: Flex70 (42968)
Seat 3: Duvechrist34 (11802)
Seat 4: Vaashisht (23261)
Seat 5: DV_Sniper44 (6755)
Seat 6: MathisKcr (34793)
Seat 7: q00p (18771)
Seat 8: DoluDolu_26 (42369)
*** ANTE/BLINDS ***
Loustik77 posts ante 50
Flex70 posts ante 50
Duvechrist34 posts ante 50
Vaashisht posts ante 50
DV_Sniper44 posts ante 50
MathisKcr posts ante 50
q00p posts ante 50
DoluDolu_26 posts ante 50
Loustik77 posts small blind 250
Flex70 posts big blind 500
Dealt to MathisKcr [4s Jc]
*** PRE-FLOP *** 
Duvechrist34 folds
Vaashisht folds
DV_Sniper44 folds
MathisKcr folds
q00p folds
DoluDolu_26 raises 500 to 1000
Loustik77 folds
Flex70 calls 500
*** FLOP *** [Js 9d 8s]
Flex70 checks
DoluDolu_26 checks
*** TURN *** [Js 9d 8s][2c]
Flex70 checks
DoluDolu_26 checks
*** RIVER *** [Js 9d 8s 2c][7d]
Flex70 bets 500
DoluDolu_26 folds
Flex70 collected 3150 from pot
*** SUMMARY ***
Total pot 3150 | No rake
Board: [Js 9d 8s 2c 7d]
Seat 2: Flex70 (big blind) won 3150


Winamax Poker - Tournament "Tremplin Saint-Malo" buyIn: 0€ + 0€ level: 13 - HandId: #4166882841428230228-105-1766350155 - Holdem no limit (50/250/500) - 2025/12/21 20:49:15 UTC
Table: 'Tremplin Saint-Malo(970178014)#0083' 8-max (real money) Seat #1 is the button
Seat 1: Loustik77 (7478)
Seat 2: Flex70 (44568)
Seat 3: Duvechrist34 (11752)
Seat 4: Vaashisht (23211)
Seat 5: DV_Sniper44 (6705)
Seat 6: MathisKcr (34743)
Seat 7: q00p (18721)
Seat 8: DoluDolu_26 (41319)
*** ANTE/BLINDS ***
Flex70 posts ante 50
Duvechrist34 posts ante 50
Loustik77 posts ante 50
Vaashisht posts ante 50
DV_Sniper44 posts ante 50
MathisKcr posts ante 50
q00p posts ante 50
DoluDolu_26 posts ante 50
Flex70 posts small blind 250
Duvechrist34 posts big blind 500
Dealt to MathisKcr [2s 4d]
*** PRE-FLOP *** 
Vaashisht folds
DV_Sniper44 folds
MathisKcr folds
q00p raises 500 to 1000
DoluDolu_26 folds
Loustik77 folds
Flex70 calls 750
Duvechrist34 folds
*** FLOP *** [Th 8s 6s]
Flex70 checks
q00p bets 1450
Flex70 calls 1450
*** TURN *** [Th 8s 6s][Qc]
Flex70 checks
q00p checks
*** RIVER *** [Th 8s 6s Qc][7d]
Flex70 bets 500
q00p calls 500
*** SHOW DOWN ***
q00p shows [Tc Jh] (One pair : Tens)
Flex70 shows [Js Qs] (One pair : Queens)
Flex70 collected 6800 from pot
*** SUMMARY ***
Total pot 6800 | No rake
Board: [Th 8s 6s Qc 7d]
Seat 2: Flex70 (small blind) showed [Js Qs] and won 6800 with One pair : Queens
Seat 7: q00p showed [Tc Jh] and lost with One pair : Tens


Winamax Poker - Tournament "Tremplin Saint-Malo" buyIn: 0€ + 0€ level: 13 - HandId: #4166882841428230228-106-1766350189 - Holdem no limit (50/250/500) - 2025/12/21 20:49:49 UTC
Table: 'Tremplin Saint-Malo(970178014)#0083' 8-max (real money) Seat #2 is the button
Seat 1: Loustik77 (7428)
Seat 2: Flex70 (48368)
Seat 3: Duvechrist34 (11202)
Seat 4: Vaashisht (23161)
Seat 5: DV_Sniper44 (6655)
Seat 6: MathisKcr (34693)
Seat 7: q00p (15721)
Seat 8: DoluDolu_26 (41269)
*** ANTE/BLINDS ***
Duvechrist34 posts ante 50
Vaashisht posts ante 50
Loustik77 posts ante 50
Flex70 posts ante 50
DV_Sniper44 posts ante 50
MathisKcr posts ante 50
q00p posts ante 50
DoluDolu_26 posts ante 50
Duvechrist34 posts small blind 250
Vaashisht posts big blind 500
Dealt to MathisKcr [4d 4h]
*** PRE-FLOP *** 
DV_Sniper44 raises 6105 to 6605 and is all-in
MathisKcr calls 6605
q00p folds
DoluDolu_26 folds
Loustik77 folds
Flex70 calls 6605
Duvechrist34 folds
Vaashisht folds
*** FLOP *** [9c 3d Tc]
MathisKcr checks
Flex70 checks
*** TURN *** [9c 3d Tc][Kd]
MathisKcr checks
Flex70 checks
*** RIVER *** [9c 3d Tc Kd][9s]
MathisKcr checks
Flex70 bets 7338
MathisKcr folds
*** SHOW DOWN ***
DV_Sniper44 shows [Qh Ks] (Two pairs : Kings and 9)
Flex70 shows [Jc Qs] (Straight King high)
Flex70 collected 28303 from pot
*** SUMMARY ***
Total pot 28303 | No rake
Board: [9c 3d Tc Kd 9s]
Seat 2: Flex70 (button) showed [Jc Qs] and won 28303 with Straight King high
Seat 5: DV_Sniper44 showed [Qh Ks] and lost with Two pairs : Kings and 9


Winamax Poker - Tournament "Tremplin Saint-Malo" buyIn: 0€ + 0€ level: 14 - HandId: #4166882841428230228-107-1766350225 - Holdem no limit (70/300/600) - 2025/12/21 20:50:25 UTC
Table: 'Tremplin Saint-Malo(970178014)#0083' 8-max (real money) Seat #3 is the button
Seat 1: Loustik77 (7378)
Seat 2: Flex70 (62678)
Seat 3: Duvechrist34 (10902)
Seat 4: Vaashisht (22611)
Seat 6: MathisKcr (28038)
Seat 7: q00p (15671)
Seat 8: DoluDolu_26 (41219)
*** ANTE/BLINDS ***
Vaashisht posts ante 70
MathisKcr posts ante 70
Loustik77 posts ante 70
Flex70 posts ante 70
Duvechrist34 posts ante 70
q00p posts ante 70
DoluDolu_26 posts ante 70
Vaashisht posts small blind 300
MathisKcr posts big blind 600
Dealt to MathisKcr [8h 9d]
*** PRE-FLOP *** 
q00p folds
DoluDolu_26 calls 600
Loustik77 folds
Flex70 folds
Duvechrist34 folds
Vaashisht folds
MathisKcr checks
*** FLOP *** [Kc Ad 9s]
MathisKcr bets 1800
DoluDolu_26 calls 1800
*** TURN *** [Kc Ad 9s][3s]
MathisKcr checks
DoluDolu_26 checks
*** RIVER *** [Kc Ad 9s 3s][3d]
MathisKcr checks
DoluDolu_26 checks
*** SHOW DOWN ***
MathisKcr shows [8h 9d] (Two pairs : 9 and 3)
DoluDolu_26 shows [Ah 6s] (Two pairs : Aces and 3)
DoluDolu_26 collected 5590 from pot
*** SUMMARY ***
Total pot 5590 | No rake
Board: [Kc Ad 9s 3s 3d]
Seat 6: MathisKcr (big blind) showed [8h 9d] and lost with Two pairs : 9 and 3
Seat 8: DoluDolu_26 showed [Ah 6s] and won 5590 with Two pairs : Aces and 3


Winamax Poker - Tournament "Tremplin Saint-Malo" buyIn: 0€ + 0€ level: 14 - HandId: #4166882841428230228-108-1766350253 - Holdem no limit (70/300/600) - 2025/12/21 20:50:53 UTC
Table: 'Tremplin Saint-Malo(970178014)#0083' 8-max (real money) Seat #4 is the button
Seat 1: Loustik77 (7308)
Seat 2: Flex70 (62608)
Seat 3: Duvechrist34 (10832)
Seat 4: Vaashisht (22241)
Seat 5: volpone76 (2531)
Seat 6: MathisKcr (25568)
Seat 7: q00p (15601)
Seat 8: DoluDolu_26 (44339)
*** ANTE/BLINDS ***
MathisKcr posts ante 70
q00p posts ante 70
Loustik77 posts ante 70
Flex70 posts ante 70
Duvechrist34 posts ante 70
Vaashisht posts ante 70
DoluDolu_26 posts ante 70
MathisKcr posts small blind 300
q00p posts big blind 600
Dealt to MathisKcr [Kh 7s]
*** PRE-FLOP *** 
DoluDolu_26 folds
Loustik77 folds
Flex70 folds
Duvechrist34 folds
Vaashisht folds
MathisKcr raises 600 to 1200
q00p folds
MathisKcr collected 2290 from pot
*** SUMMARY ***
Total pot 2290 | No rake
Seat 6: MathisKcr (small blind) won 2290


Winamax Poker - Tournament "Tremplin Saint-Malo" buyIn: 0€ + 0€ level: 14 - HandId: #4166882841428230228-109-1766350275 - Holdem no limit (70/300/600) - 2025/12/21 20:51:15 UTC
Table: 'Tremplin Saint-Malo(970178014)#0083' 8-max (real money) Seat #6 is the button
Seat 1: Loustik77 (7238)
Seat 2: Flex70 (62538)
Seat 3: Duvechrist34 (10762)
Seat 4: Vaashisht (22171)
Seat 5: volpone76 (2531)
Seat 6: MathisKcr (26588)
Seat 7: q00p (14931)
Seat 8: DoluDolu_26 (44269)
*** ANTE/BLINDS ***
q00p posts ante 70
DoluDolu_26 posts ante 70
Loustik77 posts ante 70
Flex70 posts ante 70
Duvechrist34 posts ante 70
Vaashisht posts ante 70
volpone76 posts ante 70
MathisKcr posts ante 70
q00p posts small blind 300
DoluDolu_26 posts big blind 600
Dealt to MathisKcr [5c Ad]
*** PRE-FLOP *** 
Loustik77 folds
Flex70 folds
Duvechrist34 folds
Vaashisht folds
volpone76 folds
MathisKcr raises 600 to 1200
q00p raises 13661 to 14861 and is all-in
DoluDolu_26 folds
MathisKcr folds
q00p collected 17221 from pot
*** SUMMARY ***
Total pot 17221 | No rake
Seat 7: q00p (small blind) won 17221


Winamax Poker - Tournament "Tremplin Saint-Malo" buyIn: 0€ + 0€ level: 14 - HandId: #4166882841428230228-110-1766350311 - Holdem no limit (70/300/600) - 2025/12/21 20:51:51 UTC
Table: 'Tremplin Saint-Malo(970178014)#0083' 8-max (real money) Seat #7 is the button
Seat 1: Loustik77 (7168)
Seat 2: Flex70 (62468)
Seat 3: Duvechrist34 (10692)
Seat 4: Vaashisht (22101)
Seat 5: volpone76 (2461)
Seat 6: MathisKcr (25318)
Seat 7: q00p (17221)
Seat 8: DoluDolu_26 (43599)
*** ANTE/BLINDS ***
DoluDolu_26 posts ante 70
Loustik77 posts ante 70
Flex70 posts ante 70
Duvechrist34 posts ante 70
Vaashisht posts ante 70
volpone76 posts ante 70
MathisKcr posts ante 70
q00p posts ante 70
DoluDolu_26 posts small blind 300
Loustik77 posts big blind 600
Dealt to MathisKcr [Kd Ts]
*** PRE-FLOP *** 
Flex70 calls 600
Duvechrist34 folds
Vaashisht folds
volpone76 folds
MathisKcr raises 600 to 1200
q00p folds
DoluDolu_26 calls 900
Loustik77 calls 600
Flex70 calls 600
*** FLOP *** [Jc 6c 4c]
DoluDolu_26 bets 600
Loustik77 folds
Flex70 calls 600
MathisKcr calls 600
*** TURN *** [Jc 6c 4c][7c]
DoluDolu_26 checks
Flex70 bets 600
MathisKcr folds
DoluDolu_26 calls 600
*** RIVER *** [Jc 6c 4c 7c][4s]
DoluDolu_26 bets 8360
Flex70 calls 8360
*** SHOW DOWN ***
Flex70 shows [Ac 6s] (Flush Ace high)
DoluDolu_26 shows [5c 8c] (Straight flush 8)
DoluDolu_26 collected 25080 from pot
*** SUMMARY ***
Total pot 25080 | No rake
Board: [Jc 6c 4c 7c 4s]
Seat 2: Flex70 showed [Ac 6s] and lost with Flush Ace high
Seat 8: DoluDolu_26 (small blind) showed [5c 8c] and won 25080 with Straight flush 8


Winamax Poker - Tournament "Tremplin Saint-Malo" buyIn: 0€ + 0€ level: 14 - HandId: #4166882841428230228-111-1766350386 - Holdem no limit (70/300/600) - 2025/12/21 20:53:06 UTC
Table: 'Tremplin Saint-Malo(970178014)#0083' 8-max (real money) Seat #8 is the button
Seat 1: Loustik77 (5898)
Seat 2: Flex70 (51638)
Seat 3: Duvechrist34 (10622)
Seat 4: Vaashisht (22031)
Seat 5: volpone76 (2391)
Seat 6: MathisKcr (23448)
Seat 7: q00p (17151)
Seat 8: DoluDolu_26 (57849)
*** ANTE/BLINDS ***
Loustik77 posts ante 70
Flex70 posts ante 70
Duvechrist34 posts ante 70
Vaashisht posts ante 70
volpone76 posts ante 70
MathisKcr posts ante 70
q00p posts ante 70
DoluDolu_26 posts ante 70
Loustik77 posts small blind 300
Flex70 posts big blind 600
Dealt to MathisKcr [Ad 5s]
*** PRE-FLOP *** 
Duvechrist34 folds
Vaashisht folds
volpone76 folds
MathisKcr raises 600 to 1200
q00p folds
DoluDolu_26 folds
Loustik77 folds
Flex70 calls 600
*** FLOP *** [Ts 7d 8d]
Flex70 checks
MathisKcr bets 1200
Flex70 calls 1200
*** TURN *** [Ts 7d 8d][Js]
Flex70 checks
MathisKcr checks
*** RIVER *** [Ts 7d 8d Js][2c]
Flex70 checks
MathisKcr checks
*** SHOW DOWN ***
MathisKcr shows [Ad 5s] (High card : Ace)
Flex70 shows [Kh Tc] (One pair : Tens)
Flex70 collected 5660 from pot
*** SUMMARY ***
Total pot 5660 | No rake
Board: [Ts 7d 8d Js 2c]
Seat 2: Flex70 (big blind) showed [Kh Tc] and won 5660 with One pair : Tens
Seat 6: MathisKcr showed [Ad 5s] and lost with High card : Ace


Winamax Poker - Tournament "Tremplin Saint-Malo" buyIn: 0€ + 0€ level: 14 - HandId: #4166882841428230228-112-1766350438 - Holdem no limit (70/300/600) - 2025/12/21 20:53:58 UTC
Table: 'Tremplin Saint-Malo(970178014)#0083' 8-max (real money) Seat #1 is the button
Seat 1: Loustik77 (5528)
Seat 2: Flex70 (54828)
Seat 3: Duvechrist34 (10552)
Seat 4: Vaashisht (21961)
Seat 5: volpone76 (2321)
Seat 6: MathisKcr (20978)
Seat 7: q00p (17081)
Seat 8: DoluDolu_26 (57779)
*** ANTE/BLINDS ***
Flex70 posts ante 70
Duvechrist34 posts ante 70
Loustik77 posts ante 70
Vaashisht posts ante 70
volpone76 posts ante 70
MathisKcr posts ante 70
q00p posts ante 70
DoluDolu_26 posts ante 70
Flex70 posts small blind 300
Duvechrist34 posts big blind 600
Dealt to MathisKcr [Js Qs]
*** PRE-FLOP *** 
Vaashisht folds
volpone76 folds
MathisKcr raises 600 to 1200
q00p folds
DoluDolu_26 calls 1200
Loustik77 folds
Flex70 folds
Duvechrist34 folds
*** FLOP *** [6h 3h 3s]
MathisKcr bets 1800
DoluDolu_26 calls 1800
*** TURN *** [6h 3h 3s][Qh]
MathisKcr bets 3730
DoluDolu_26 folds
MathisKcr collected 11190 from pot
*** SUMMARY ***
Total pot 11190 | No rake
Board: [6h 3h 3s Qh]
Seat 6: MathisKcr won 11190


Winamax Poker - Tournament "Tremplin Saint-Malo" buyIn: 0€ + 0€ level: 14 - HandId: #4166882841428230228-113-1766350469 - Holdem no limit (70/300/600) - 2025/12/21 20:54:29 UTC
Table: 'Tremplin Saint-Malo(970178014)#0083' 8-max (real money) Seat #2 is the button
Seat 1: Loustik77 (5458)
Seat 2: Flex70 (54458)
Seat 3: Duvechrist34 (9882)
Seat 4: Vaashisht (21891)
Seat 5: volpone76 (2251)
Seat 6: MathisKcr (25368)
Seat 7: q00p (17011)
Seat 8: DoluDolu_26 (54709)
*** ANTE/BLINDS ***
Duvechrist34 posts ante 70
Vaashisht posts ante 70
Loustik77 posts ante 70
Flex70 posts ante 70
volpone76 posts ante 70
MathisKcr posts ante 70
q00p posts ante 70
DoluDolu_26 posts ante 70
Duvechrist34 posts small blind 300
Vaashisht posts big blind 600
Dealt to MathisKcr [3s Ac]
*** PRE-FLOP *** 
volpone76 folds
MathisKcr calls 600
q00p folds
DoluDolu_26 folds
Loustik77 folds
Flex70 calls 600
Duvechrist34 folds
Vaashisht checks
*** FLOP *** [Qc 8c 5s]
Vaashisht checks
MathisKcr checks
Flex70 checks
*** TURN *** [Qc 8c 5s][Qd]
Vaashisht checks
MathisKcr checks
Flex70 checks
*** RIVER *** [Qc 8c 5s Qd][8d]
Vaashisht checks
MathisKcr checks
Flex70 checks
*** SHOW DOWN ***
Flex70 shows [9h 6h] (Two pairs : Queens and 8)
Vaashisht shows [7d 3c] (Two pairs : Queens and 8)
MathisKcr shows [3s Ac] (Two pairs : Queens and 8)
MathisKcr collected 2660 from pot
*** SUMMARY ***
Total pot 2660 | No rake
Board: [Qc 8c 5s Qd 8d]
Seat 2: Flex70 (button) showed [9h 6h] and lost with Two pairs : Queens and 8
Seat 4: Vaashisht (big blind) showed [7d 3c] and lost with Two pairs : Queens and 8
Seat 6: MathisKcr showed [3s Ac] and won 2660 with Two pairs : Queens and 8


Winamax Poker - Tournament "Tremplin Saint-Malo" buyIn: 0€ + 0€ level: 14 - HandId: #4166882841428230228-114-1766350861 - Holdem no limit (70/300/600) - 2025/12/21 21:01:01 UTC
Table: 'Tremplin Saint-Malo(970178014)#0083' 8-max (real money) Seat #3 is the button
Seat 1: Loustik77 (5388)
Seat 2: Flex70 (53788)
Seat 3: Duvechrist34 (9512)
Seat 4: Vaashisht (21221)
Seat 5: volpone76 (2181)
Seat 6: MathisKcr (27358)
Seat 7: q00p (16941)
Seat 8: DoluDolu_26 (54639)
*** ANTE/BLINDS ***
Vaashisht posts ante 70
volpone76 posts ante 70
Loustik77 posts ante 70
Flex70 posts ante 70
Duvechrist34 posts ante 70
MathisKcr posts ante 70
q00p posts ante 70
DoluDolu_26 posts ante 70
Vaashisht posts small blind 300
volpone76 posts big blind 600
Dealt to MathisKcr [Kc 5c]
*** PRE-FLOP *** 
MathisKcr raises 600 to 1200
q00p folds
DoluDolu_26 calls 1200
Loustik77 folds
Flex70 calls 1200
Duvechrist34 folds
Vaashisht folds
volpone76 folds
*** FLOP *** [Ad Kh 8s]
MathisKcr bets 2400
DoluDolu_26 folds
Flex70 calls 2400
*** TURN *** [Ad Kh 8s][4d]
MathisKcr bets 2465
Flex70 calls 2465
*** RIVER *** [Ad Kh 8s 4d][Ks]
MathisKcr bets 5177
Flex70 calls 5177
*** SHOW DOWN ***
Flex70 shows [Qs 6s] (One pair : Kings)
MathisKcr shows [Kc 5c] (Trips of Kings)
MathisKcr collected 25144 from pot
*** SUMMARY ***
Total pot 25144 | No rake
Board: [Ad Kh 8s 4d Ks]
Seat 2: Flex70 showed [Qs 6s] and lost with One pair : Kings
Seat 6: MathisKcr showed [Kc 5c] and won 25144 with Trips of Kings


Winamax Poker - Tournament "Tremplin Saint-Malo" buyIn: 0€ + 0€ level: 14 - HandId: #4166882841428230228-115-1766350976 - Holdem no limit (70/300/600) - 2025/12/21 21:02:56 UTC
Table: 'Tremplin Saint-Malo(970178014)#0083' 8-max (real money) Seat #4 is the button
Seat 1: Loustik77 (5318)
Seat 2: Flex70 (42476)
Seat 3: Duvechrist34 (9442)
Seat 4: Vaashisht (20851)
Seat 5: volpone76 (1511)
Seat 6: MathisKcr (41190)
Seat 7: q00p (16871)
Seat 8: DoluDolu_26 (53369)
*** ANTE/BLINDS ***
volpone76 posts ante 70
MathisKcr posts ante 70
Loustik77 posts ante 70
Flex70 posts ante 70
Duvechrist34 posts ante 70
Vaashisht posts ante 70
q00p posts ante 70
DoluDolu_26 posts ante 70
volpone76 posts small blind 300
MathisKcr posts big blind 600
Dealt to MathisKcr [6c 6d]
*** PRE-FLOP *** 
q00p raises 600 to 1200
DoluDolu_26 calls 1200
Loustik77 folds
Flex70 folds
Duvechrist34 folds
Vaashisht folds
volpone76 folds
MathisKcr raises 39920 to 41120 and is all-in
q00p calls 15601 and is all-in
DoluDolu_26 folds
*** FLOP *** [3s Ts 8d]
*** TURN *** [3s Ts 8d][7c]
*** RIVER *** [3s Ts 8d 7c][2c]
*** SHOW DOWN ***
q00p shows [Ac Qd] (High card : Ace)
MathisKcr shows [6c 6d] (One pair : 6)
MathisKcr collected 59981 from pot
*** SUMMARY ***
Total pot 59981 | No rake
Board: [3s Ts 8d 7c 2c]
Seat 6: MathisKcr (big blind) showed [6c 6d] and won 59981 with One pair : 6
Seat 7: q00p showed [Ac Qd] and lost with High card : Ace


Winamax Poker - Tournament "Tremplin Saint-Malo" buyIn: 0€ + 0€ level: 14 - HandId: #4166882841428230228-116-1766351009 - Holdem no limit (70/300/600) - 2025/12/21 21:03:29 UTC
Table: 'Tremplin Saint-Malo(970178014)#0083' 8-max (real money) Seat #5 is the button
Seat 1: Loustik77 (5248)
Seat 2: Flex70 (42406)
Seat 3: Duvechrist34 (9372)
Seat 4: Vaashisht (20781)
Seat 5: volpone76 (1141)
Seat 6: MathisKcr (59981)
Seat 8: DoluDolu_26 (52099)
*** ANTE/BLINDS ***
MathisKcr posts ante 70
DoluDolu_26 posts ante 70
Loustik77 posts ante 70
Flex70 posts ante 70
Duvechrist34 posts ante 70
Vaashisht posts ante 70
volpone76 posts ante 70
MathisKcr posts small blind 300
DoluDolu_26 posts big blind 600
Dealt to MathisKcr [Ac 3h]
*** PRE-FLOP *** 
Loustik77 folds
Flex70 folds
Duvechrist34 folds
Vaashisht folds
volpone76 folds
MathisKcr raises 600 to 1200
DoluDolu_26 calls 600
*** FLOP *** [Jd Qd Th]
MathisKcr bets 1200
DoluDolu_26 folds
MathisKcr collected 4090 from pot
*** SUMMARY ***
Total pot 4090 | No rake
Board: [Jd Qd Th]
Seat 6: MathisKcr (small blind) won 4090


Winamax Poker - Tournament "Tremplin Saint-Malo" buyIn: 0€ + 0€ level: 14 - HandId: #4166882841428230228-117-1766351035 - Holdem no limit (70/300/600) - 2025/12/21 21:03:55 UTC
Table: 'Tremplin Saint-Malo(970178014)#0083' 8-max (real money) Seat #6 is the button
Seat 1: Loustik77 (5178)
Seat 2: Flex70 (42336)
Seat 3: Duvechrist34 (9302)
Seat 4: Vaashisht (20711)
Seat 5: volpone76 (1071)
Seat 6: MathisKcr (61601)
Seat 7: CoinFliip (22709)
Seat 8: DoluDolu_26 (50829)
*** ANTE/BLINDS ***
DoluDolu_26 posts ante 70
Loustik77 posts ante 70
Flex70 posts ante 70
Duvechrist34 posts ante 70
Vaashisht posts ante 70
volpone76 posts ante 70
MathisKcr posts ante 70
DoluDolu_26 posts small blind 300
Loustik77 posts big blind 600
Dealt to MathisKcr [Ah 8d]
*** PRE-FLOP *** 
Flex70 calls 600
Duvechrist34 folds
Vaashisht folds
volpone76 raises 401 to 1001 and is all-in
MathisKcr raises 600 to 1601
DoluDolu_26 folds
Loustik77 folds
Flex70 folds
*** FLOP *** [Jc 5d Jh]
*** TURN *** [Jc 5d Jh][5c]
*** RIVER *** [Jc 5d Jh 5c][4h]
*** SHOW DOWN ***
volpone76 shows [Kc Qs] (Two pairs : Jacks and 5)
MathisKcr shows [Ah 8d] (Two pairs : Jacks and 5)
MathisKcr collected 4592 from pot
*** SUMMARY ***
Total pot 4592 | No rake
Board: [Jc 5d Jh 5c 4h]
Seat 5: volpone76 showed [Kc Qs] and lost with Two pairs : Jacks and 5
Seat 6: MathisKcr (button) showed [Ah 8d] and won 4592 with Two pairs : Jacks and 5


Winamax Poker - Tournament "Tremplin Saint-Malo" buyIn: 0€ + 0€ level: 15 - HandId: #4166882841428230228-118-1766351068 - Holdem no limit (80/400/800) - 2025/12/21 21:04:28 UTC
Table: 'Tremplin Saint-Malo(970178014)#0083' 8-max (real money) Seat #8 is the button
Seat 1: Loustik77 (4508)
Seat 2: Flex70 (41666)
Seat 3: Duvechrist34 (9232)
Seat 4: Vaashisht (20641)
Seat 6: MathisKcr (64522)
Seat 7: CoinFliip (22709)
Seat 8: DoluDolu_26 (50459)
*** ANTE/BLINDS ***
Loustik77 posts ante 80
Flex70 posts ante 80
Duvechrist34 posts ante 80
Vaashisht posts ante 80
MathisKcr posts ante 80
CoinFliip posts ante 80
DoluDolu_26 posts ante 80
Loustik77 posts small blind 400
Flex70 posts big blind 800
Dealt to MathisKcr [4d Qd]
*** PRE-FLOP *** 
Duvechrist34 folds
Vaashisht folds
MathisKcr raises 800 to 1600
CoinFliip folds
DoluDolu_26 folds
Loustik77 folds
Flex70 calls 800
*** FLOP *** [Js 8d Td]
Flex70 checks
MathisKcr bets 1600
Flex70 calls 1600
*** TURN *** [Js 8d Td][2h]
Flex70 checks
MathisKcr bets 2400
Flex70 calls 2400
*** RIVER *** [Js 8d Td 2h][Kh]
Flex70 checks
MathisKcr checks
*** SHOW DOWN ***
MathisKcr shows [4d Qd] (High card : King)
Flex70 shows [As 7s] (High card : Ace)
Flex70 collected 12160 from pot
*** SUMMARY ***
Total pot 12160 | No rake
Board: [Js 8d Td 2h Kh]
Seat 2: Flex70 (big blind) showed [As 7s] and won 12160 with High card : Ace
Seat 6: MathisKcr showed [4d Qd] and lost with High card : King


Winamax Poker - Tournament "Tremplin Saint-Malo" buyIn: 0€ + 0€ level: 15 - HandId: #4166882841428230228-119-1766351123 - Holdem no limit (80/400/800) - 2025/12/21 21:05:23 UTC
Table: 'Tremplin Saint-Malo(970178014)#0083' 8-max (real money) Seat #1 is the button
Seat 1: Loustik77 (4028)
Seat 2: Flex70 (48146)
Seat 3: Duvechrist34 (9152)
Seat 4: Vaashisht (20561)
Seat 5: Traqueur 2.0 (38220)
Seat 6: MathisKcr (58842)
Seat 7: CoinFliip (22629)
Seat 8: DoluDolu_26 (50379)
*** ANTE/BLINDS ***
Flex70 posts ante 80
Duvechrist34 posts ante 80
Loustik77 posts ante 80
Vaashisht posts ante 80
Traqueur 2.0 posts ante 80
MathisKcr posts ante 80
CoinFliip posts ante 80
DoluDolu_26 posts ante 80
Flex70 posts small blind 400
Duvechrist34 posts big blind 800
Dealt to MathisKcr [5d 5h]
*** PRE-FLOP *** 
Vaashisht folds
Traqueur 2.0 folds
MathisKcr raises 800 to 1600
CoinFliip folds
DoluDolu_26 calls 1600
Loustik77 folds
Flex70 folds
Duvechrist34 folds
*** FLOP *** [8d 3d 9h]
MathisKcr bets 2000
DoluDolu_26 calls 2000
*** TURN *** [8d 3d 9h][2h]
MathisKcr checks
DoluDolu_26 checks
*** RIVER *** [8d 3d 9h 2h][Qh]
MathisKcr checks
DoluDolu_26 bets 5876
MathisKcr folds
DoluDolu_26 collected 14916 from pot
*** SUMMARY ***
Total pot 14916 | No rake
Board: [8d 3d 9h 2h Qh]
Seat 8: DoluDolu_26 won 14916


Winamax Poker - Tournament "Tremplin Saint-Malo" buyIn: 0€ + 0€ level: 15 - HandId: #4166882841428230228-120-1766351179 - Holdem no limit (80/400/800) - 2025/12/21 21:06:19 UTC
Table: 'Tremplin Saint-Malo(970178014)#0083' 8-max (real money) Seat #2 is the button
Seat 1: Loustik77 (3948)
Seat 2: Flex70 (47666)
Seat 3: Duvechrist34 (8272)
Seat 4: Vaashisht (20481)
Seat 5: Traqueur 2.0 (38140)
Seat 6: MathisKcr (55162)
Seat 7: CoinFliip (22549)
Seat 8: DoluDolu_26 (55739)
*** ANTE/BLINDS ***
Duvechrist34 posts ante 80
Vaashisht posts ante 80
Loustik77 posts ante 80
Flex70 posts ante 80
Traqueur 2.0 posts ante 80
MathisKcr posts ante 80
CoinFliip posts ante 80
DoluDolu_26 posts ante 80
Duvechrist34 posts small blind 400
Vaashisht posts big blind 800
Dealt to MathisKcr [Jc 8s]
*** PRE-FLOP *** 
Traqueur 2.0 folds
MathisKcr raises 800 to 1600
CoinFliip folds
DoluDolu_26 calls 1600
Loustik77 calls 1600
Flex70 calls 1600
Duvechrist34 folds
Vaashisht folds
*** FLOP *** [9h Kd Qh]
MathisKcr bets 2000
DoluDolu_26 calls 2000
Loustik77 folds
Flex70 calls 2000
*** TURN *** [9h Kd Qh][4c]
MathisKcr checks
DoluDolu_26 checks
Flex70 checks
*** RIVER *** [9h Kd Qh 4c][Qd]
MathisKcr checks
DoluDolu_26 checks
Flex70 checks
*** SHOW DOWN ***
MathisKcr shows [Jc 8s] (One pair : Queens)
Flex70 shows [Ts Ad] (One pair : Queens)
DoluDolu_26 shows [Ac Th] (One pair : Queens)
DoluDolu_26 collected 7120 from pot
Flex70 collected 7120 from pot
*** SUMMARY ***
Total pot 14240 | No rake
Board: [9h Kd Qh 4c Qd]
Seat 2: Flex70 (button) showed [Ts Ad] and won 7120 with One pair : Queens
Seat 6: MathisKcr showed [Jc 8s] and lost with One pair : Queens
Seat 8: DoluDolu_26 showed [Ac Th] and won 7120 with One pair : Queens


Winamax Poker - Tournament "Tremplin Saint-Malo" buyIn: 0€ + 0€ level: 15 - HandId: #4166882841428230228-121-1766351234 - Holdem no limit (80/400/800) - 2025/12/21 21:07:14 UTC
Table: 'Tremplin Saint-Malo(970178014)#0083' 8-max (real money) Seat #3 is the button
Seat 1: Loustik77 (2268)
Seat 2: Flex70 (51106)
Seat 3: Duvechrist34 (7792)
Seat 4: Vaashisht (19601)
Seat 5: Traqueur 2.0 (38060)
Seat 6: MathisKcr (51482)
Seat 7: CoinFliip (22469)
Seat 8: DoluDolu_26 (59179)
*** ANTE/BLINDS ***
Vaashisht posts ante 80
Traqueur 2.0 posts ante 80
Loustik77 posts ante 80
Flex70 posts ante 80
Duvechrist34 posts ante 80
MathisKcr posts ante 80
CoinFliip posts ante 80
DoluDolu_26 posts ante 80
Vaashisht posts small blind 400
Traqueur 2.0 posts big blind 800
Dealt to MathisKcr [Td Jd]
*** PRE-FLOP *** 
MathisKcr raises 800 to 1600
CoinFliip folds
DoluDolu_26 folds
Loustik77 folds
Flex70 calls 1600
Duvechrist34 folds
Vaashisht folds
Traqueur 2.0 folds
*** FLOP *** [Qc 2c Kh]
MathisKcr bets 1600
Flex70 calls 1600
*** TURN *** [Qc 2c Kh][Th]
MathisKcr checks
Flex70 checks
*** RIVER *** [Qc 2c Kh Th][6c]
MathisKcr checks
Flex70 bets 5356
MathisKcr calls 5356
*** SHOW DOWN ***
MathisKcr shows [Td Jd] (One pair : Tens)
Flex70 shows [7s Kd] (One pair : Kings)
Flex70 collected 18952 from pot
*** SUMMARY ***
Total pot 18952 | No rake
Board: [Qc 2c Kh Th 6c]
Seat 2: Flex70 showed [7s Kd] and won 18952 with One pair : Kings
Seat 6: MathisKcr showed [Td Jd] and lost with One pair : Tens


Winamax Poker - Tournament "Tremplin Saint-Malo" buyIn: 0€ + 0€ level: 15 - HandId: #4166882841428230228-122-1766351270 - Holdem no limit (80/400/800) - 2025/12/21 21:07:50 UTC
Table: 'Tremplin Saint-Malo(970178014)#0083' 8-max (real money) Seat #4 is the button
Seat 1: Loustik77 (2188)
Seat 2: Flex70 (61422)
Seat 3: Duvechrist34 (7712)
Seat 4: Vaashisht (19121)
Seat 5: Traqueur 2.0 (37180)
Seat 6: MathisKcr (42846)
Seat 7: CoinFliip (22389)
Seat 8: DoluDolu_26 (59099)
*** ANTE/BLINDS ***
Traqueur 2.0 posts ante 80
MathisKcr posts ante 80
Loustik77 posts ante 80
Flex70 posts ante 80
Duvechrist34 posts ante 80
Vaashisht posts ante 80
CoinFliip posts ante 80
DoluDolu_26 posts ante 80
Traqueur 2.0 posts small blind 400
MathisKcr posts big blind 800
Dealt to MathisKcr [As 6d]
*** PRE-FLOP *** 
CoinFliip folds
DoluDolu_26 folds
Loustik77 raises 1308 to 2108 and is all-in
Flex70 folds
Duvechrist34 folds
Vaashisht folds
Traqueur 2.0 folds
MathisKcr calls 1308
*** FLOP *** [3h 5c Js]
*** TURN *** [3h 5c Js][Jh]
*** RIVER *** [3h 5c Js Jh][9h]
*** SHOW DOWN ***
Loustik77 shows [Ah 6c] (One pair : Jacks)
MathisKcr shows [As 6d] (One pair : Jacks)
MathisKcr collected 2628 from pot
Loustik77 collected 2628 from pot
*** SUMMARY ***
Total pot 5256 | No rake
Board: [3h 5c Js Jh 9h]
Seat 1: Loustik77 showed [Ah 6c] and won 2628 with One pair : Jacks
Seat 6: MathisKcr (big blind) showed [As 6d] and won 2628 with One pair : Jacks


Winamax Poker - Tournament "Tremplin Saint-Malo" buyIn: 0€ + 0€ level: 15 - HandId: #4166882841428230168-115-1766351377 - Holdem no limit (80/400/800) - 2025/12/21 21:09:37 UTC
Table: 'Tremplin Saint-Malo(970178014)#0023' 8-max (real money) Seat #5 is the button
Seat 1: bic-raver (64494)
Seat 2: KB nueve 29 (9139)
Seat 3: rappala49 (40135)
Seat 4: MathisKcr (43286)
Seat 5: Flou 1822331 (25108)
Seat 6: Ledav381 (83044)
Seat 7: Aigle.755376 (12739)
Seat 8: Dy-Nasty-72 (29584)
*** ANTE/BLINDS ***
Ledav381 posts ante 80
Aigle.755376 posts ante 80
bic-raver posts ante 80
KB nueve 29 posts ante 80
rappala49 posts ante 80
MathisKcr posts ante 80
Flou 1822331 posts ante 80
Dy-Nasty-72 posts ante 80
Ledav381 posts small blind 400
Aigle.755376 posts big blind 800
Dealt to MathisKcr [3d 7s]
*** PRE-FLOP *** 
Dy-Nasty-72 raises 1200 to 2000
bic-raver folds
KB nueve 29 folds
rappala49 folds
MathisKcr folds
Flou 1822331 folds
Ledav381 folds
Aigle.755376 folds
Dy-Nasty-72 collected 3840 from pot
*** SUMMARY ***
Total pot 3840 | No rake
Seat 8: Dy-Nasty-72 won 3840


Winamax Poker - Tournament "Tremplin Saint-Malo" buyIn: 0€ + 0€ level: 15 - HandId: #4166882841428230168-116-1766351403 - Holdem no limit (80/400/800) - 2025/12/21 21:10:03 UTC
Table: 'Tremplin Saint-Malo(970178014)#0023' 8-max (real money) Seat #6 is the button
Seat 1: bic-raver (64414)
Seat 2: KB nueve 29 (9059)
Seat 3: rappala49 (40055)
Seat 4: MathisKcr (43206)
Seat 5: Flou 1822331 (25028)
Seat 6: Ledav381 (82564)
Seat 7: Aigle.755376 (11859)
Seat 8: Dy-Nasty-72 (31344)
*** ANTE/BLINDS ***
Aigle.755376 posts ante 80
Dy-Nasty-72 posts ante 80
bic-raver posts ante 80
KB nueve 29 posts ante 80
rappala49 posts ante 80
MathisKcr posts ante 80
Flou 1822331 posts ante 80
Ledav381 posts ante 80
Aigle.755376 posts small blind 400
Dy-Nasty-72 posts big blind 800
Dealt to MathisKcr [7d 7h]
*** PRE-FLOP *** 
bic-raver raises 1200 to 2000
KB nueve 29 folds
rappala49 calls 2000
MathisKcr calls 2000
Flou 1822331 folds
Ledav381 folds
Aigle.755376 folds
Dy-Nasty-72 folds
*** FLOP *** [Qd Ts As]
bic-raver bets 3200
rappala49 raises 10752 to 13952
MathisKcr folds
bic-raver calls 10752
*** TURN *** [Qd Ts As][6h]
bic-raver checks
rappala49 bets 24023 and is all-in
bic-raver calls 24023
*** RIVER *** [Qd Ts As 6h][4c]
*** SHOW DOWN ***
rappala49 shows [Qc Ac] (Two pairs : Aces and Queens)
bic-raver shows [Td Tc] (Trips of Tens)
bic-raver collected 83790 from pot
*** SUMMARY ***
Total pot 83790 | No rake
Board: [Qd Ts As 6h 4c]
Seat 1: bic-raver showed [Td Tc] and won 83790 with Trips of Tens
Seat 3: rappala49 showed [Qc Ac] and lost with Two pairs : Aces and Queens


Winamax Poker - Tournament "Tremplin Saint-Malo" buyIn: 0€ + 0€ level: 15 - HandId: #4166882841428230168-117-1766351464 - Holdem no limit (80/400/800) - 2025/12/21 21:11:04 UTC
Table: 'Tremplin Saint-Malo(970178014)#0023' 8-max (real money) Seat #7 is the button
Seat 1: bic-raver (108149)
Seat 2: KB nueve 29 (8979)
Seat 4: MathisKcr (41126)
Seat 5: Flou 1822331 (24948)
Seat 6: Ledav381 (82484)
Seat 7: Aigle.755376 (11379)
Seat 8: Dy-Nasty-72 (30464)
*** ANTE/BLINDS ***
Dy-Nasty-72 posts ante 80
bic-raver posts ante 80
KB nueve 29 posts ante 80
MathisKcr posts ante 80
Flou 1822331 posts ante 80
Ledav381 posts ante 80
Aigle.755376 posts ante 80
Dy-Nasty-72 posts small blind 400
bic-raver posts big blind 800
Dealt to MathisKcr [Th Kc]
*** PRE-FLOP *** 
KB nueve 29 folds
MathisKcr raises 800 to 1600
Flou 1822331 folds
Ledav381 folds
Aigle.755376 folds
Dy-Nasty-72 folds
bic-raver calls 800
*** FLOP *** [Ah 5h 9s]
bic-raver checks
MathisKcr bets 1600
bic-raver calls 1600
*** TURN *** [Ah 5h 9s][7d]
bic-raver checks
MathisKcr bets 1600
bic-raver calls 1600
*** RIVER *** [Ah 5h 9s 7d][3h]
bic-raver checks
MathisKcr checks
*** SHOW DOWN ***
MathisKcr shows [Th Kc] (High card : Ace)
bic-raver shows [3c 2h] (One pair : 3)
bic-raver collected 10560 from pot
*** SUMMARY ***
Total pot 10560 | No rake
Board: [Ah 5h 9s 7d 3h]
Seat 1: bic-raver (big blind) showed [3c 2h] and won 10560 with One pair : 3
Seat 4: MathisKcr showed [Th Kc] and lost with High card : Ace


Winamax Poker - Tournament "Tremplin Saint-Malo" buyIn: 0€ + 0€ level: 15 - HandId: #4166882841428230168-118-1766351519 - Holdem no limit (80/400/800) - 2025/12/21 21:11:59 UTC
Table: 'Tremplin Saint-Malo(970178014)#0023' 8-max (real money) Seat #8 is the button
Seat 1: bic-raver (113829)
Seat 2: KB nueve 29 (8899)
Seat 3: baba44_y (48829)
Seat 4: MathisKcr (36246)
Seat 5: Flou 1822331 (24868)
Seat 6: Ledav381 (82404)
Seat 7: Aigle.755376 (11299)
Seat 8: Dy-Nasty-72 (29984)
*** ANTE/BLINDS ***
bic-raver posts ante 80
KB nueve 29 posts ante 80
baba44_y posts ante 80
MathisKcr posts ante 80
Flou 1822331 posts ante 80
Ledav381 posts ante 80
Aigle.755376 posts ante 80
Dy-Nasty-72 posts ante 80
bic-raver posts small blind 400
KB nueve 29 posts big blind 800
Dealt to MathisKcr [Ad 4c]
*** PRE-FLOP *** 
baba44_y folds
MathisKcr raises 800 to 1600
Flou 1822331 folds
Ledav381 folds
Aigle.755376 folds
Dy-Nasty-72 folds
bic-raver folds
KB nueve 29 folds
MathisKcr collected 3440 from pot
*** SUMMARY ***
Total pot 3440 | No rake
Seat 4: MathisKcr won 3440


Winamax Poker - Tournament "Tremplin Saint-Malo" buyIn: 0€ + 0€ level: 16 - HandId: #4166882841428230168-119-1766351561 - Holdem no limit (100/500/1000) - 2025/12/21 21:12:41 UTC
Table: 'Tremplin Saint-Malo(970178014)#0023' 8-max (real money) Seat #1 is the button
Seat 1: bic-raver (113349)
Seat 2: KB nueve 29 (8019)
Seat 3: baba44_y (48749)
Seat 4: MathisKcr (38006)
Seat 5: Flou 1822331 (24788)
Seat 6: Ledav381 (82324)
Seat 7: Aigle.755376 (11219)
Seat 8: Dy-Nasty-72 (29904)
*** ANTE/BLINDS ***
KB nueve 29 posts ante 100
baba44_y posts ante 100
bic-raver posts ante 100
MathisKcr posts ante 100
Flou 1822331 posts ante 100
Ledav381 posts ante 100
Aigle.755376 posts ante 100
Dy-Nasty-72 posts ante 100
KB nueve 29 posts small blind 500
baba44_y posts big blind 1000
Dealt to MathisKcr [6d 2d]
*** PRE-FLOP *** 
MathisKcr folds
Flou 1822331 folds
Ledav381 folds
Aigle.755376 folds
Dy-Nasty-72 folds
bic-raver folds
KB nueve 29 raises 6919 to 7919 and is all-in
baba44_y folds
KB nueve 29 collected 9719 from pot
*** SUMMARY ***
Total pot 9719 | No rake
Seat 2: KB nueve 29 (small blind) won 9719


Winamax Poker - Tournament "Tremplin Saint-Malo" buyIn: 0€ + 0€ level: 16 - HandId: #4166882841428230168-120-1766351609 - Holdem no limit (100/500/1000) - 2025/12/21 21:13:29 UTC
Table: 'Tremplin Saint-Malo(970178014)#0023' 8-max (real money) Seat #2 is the button
Seat 1: bic-raver (113249)
Seat 2: KB nueve 29 (9719)
Seat 3: baba44_y (47649)
Seat 4: MathisKcr (37906)
Seat 5: Flou 1822331 (24688)
Seat 6: Ledav381 (82224)
Seat 7: Aigle.755376 (11119)
Seat 8: Dy-Nasty-72 (29804)
*** ANTE/BLINDS ***
baba44_y posts ante 100
MathisKcr posts ante 100
bic-raver posts ante 100
KB nueve 29 posts ante 100
Flou 1822331 posts ante 100
Ledav381 posts ante 100
Aigle.755376 posts ante 100
Dy-Nasty-72 posts ante 100
baba44_y posts small blind 500
MathisKcr posts big blind 1000
Dealt to MathisKcr [4d 4c]
*** PRE-FLOP *** 
Flou 1822331 folds
Ledav381 folds
Aigle.755376 folds
Dy-Nasty-72 folds
bic-raver folds
KB nueve 29 folds
baba44_y calls 500
MathisKcr raises 36806 to 37806 and is all-in
baba44_y folds
MathisKcr collected 39606 from pot
*** SUMMARY ***
Total pot 39606 | No rake
Seat 4: MathisKcr (big blind) won 39606


Winamax Poker - Tournament "Tremplin Saint-Malo" buyIn: 0€ + 0€ level: 16 - HandId: #4166882841428230168-121-1766351644 - Holdem no limit (100/500/1000) - 2025/12/21 21:14:04 UTC
Table: 'Tremplin Saint-Malo(970178014)#0023' 8-max (real money) Seat #3 is the button
Seat 1: bic-raver (113149)
Seat 2: KB nueve 29 (9619)
Seat 3: baba44_y (46549)
Seat 4: MathisKcr (39606)
Seat 5: Flou 1822331 (24588)
Seat 6: Ledav381 (82124)
Seat 7: Aigle.755376 (11019)
Seat 8: Dy-Nasty-72 (29704)
*** ANTE/BLINDS ***
MathisKcr posts ante 100
Flou 1822331 posts ante 100
bic-raver posts ante 100
KB nueve 29 posts ante 100
baba44_y posts ante 100
Ledav381 posts ante 100
Aigle.755376 posts ante 100
Dy-Nasty-72 posts ante 100
MathisKcr posts small blind 500
Flou 1822331 posts big blind 1000
Dealt to MathisKcr [9h 2c]
*** PRE-FLOP *** 
Ledav381 folds
Aigle.755376 folds
Dy-Nasty-72 folds
bic-raver folds
KB nueve 29 folds
baba44_y folds
MathisKcr raises 1000 to 2000
Flou 1822331 calls 1000
*** FLOP *** [9d 8d Td]
MathisKcr bets 3000
Flou 1822331 folds
MathisKcr collected 7800 from pot
*** SUMMARY ***
Total pot 7800 | No rake
Board: [9d 8d Td]
Seat 4: MathisKcr (small blind) won 7800


Winamax Poker - Tournament "Tremplin Saint-Malo" buyIn: 0€ + 0€ level: 16 - HandId: #4166882841428230168-122-1766351697 - Holdem no limit (100/500/1000) - 2025/12/21 21:14:57 UTC
Table: 'Tremplin Saint-Malo(970178014)#0023' 8-max (real money) Seat #4 is the button
Seat 1: bic-raver (113049)
Seat 2: KB nueve 29 (9519)
Seat 3: baba44_y (46449)
Seat 4: MathisKcr (42306)
Seat 5: Flou 1822331 (22488)
Seat 6: Ledav381 (82024)
Seat 7: Aigle.755376 (10919)
Seat 8: Dy-Nasty-72 (29604)
*** ANTE/BLINDS ***
Flou 1822331 posts ante 100
Ledav381 posts ante 100
bic-raver posts ante 100
KB nueve 29 posts ante 100
baba44_y posts ante 100
MathisKcr posts ante 100
Aigle.755376 posts ante 100
Dy-Nasty-72 posts ante 100
Flou 1822331 posts small blind 500
Ledav381 posts big blind 1000
Dealt to MathisKcr [7c Js]
*** PRE-FLOP *** 
Aigle.755376 raises 9819 to 10819 and is all-in
Dy-Nasty-72 folds
bic-raver folds
KB nueve 29 folds
baba44_y folds
MathisKcr folds
Flou 1822331 folds
Ledav381 calls 9819
*** FLOP *** [Ks 6c Td]
*** TURN *** [Ks 6c Td][Qc]
*** RIVER *** [Ks 6c Td Qc][5h]
*** SHOW DOWN ***
Ledav381 shows [Ad Th] (One pair : Tens)
Aigle.755376 shows [As Jd] (Straight Ace high)
Aigle.755376 collected 22938 from pot
*** SUMMARY ***
Total pot 22938 | No rake
Board: [Ks 6c Td Qc 5h]
Seat 6: Ledav381 (big blind) showed [Ad Th] and lost with One pair : Tens
Seat 7: Aigle.755376 showed [As Jd] and won 22938 with Straight Ace high


Winamax Poker - Tournament "Tremplin Saint-Malo" buyIn: 0€ + 0€ level: 16 - HandId: #4166882841428230168-123-1766351716 - Holdem no limit (100/500/1000) - 2025/12/21 21:15:16 UTC
Table: 'Tremplin Saint-Malo(970178014)#0023' 8-max (real money) Seat #5 is the button
Seat 1: bic-raver (112949)
Seat 2: KB nueve 29 (9419)
Seat 3: baba44_y (46349)
Seat 4: MathisKcr (42206)
Seat 5: Flou 1822331 (21888)
Seat 6: Ledav381 (71105)
Seat 7: Aigle.755376 (22938)
Seat 8: Dy-Nasty-72 (29504)
*** ANTE/BLINDS ***
Ledav381 posts ante 100
Aigle.755376 posts ante 100
bic-raver posts ante 100
KB nueve 29 posts ante 100
baba44_y posts ante 100
MathisKcr posts ante 100
Flou 1822331 posts ante 100
Dy-Nasty-72 posts ante 100
Ledav381 posts small blind 500
Aigle.755376 posts big blind 1000
Dealt to MathisKcr [Ah Tc]
*** PRE-FLOP *** 
Dy-Nasty-72 folds
bic-raver folds
KB nueve 29 folds
baba44_y calls 1000
MathisKcr raises 1000 to 2000
Flou 1822331 folds
Ledav381 folds
Aigle.755376 calls 1000
baba44_y calls 1000
*** FLOP *** [7s Qc Js]
Aigle.755376 checks
baba44_y checks
MathisKcr bets 3000
Aigle.755376 folds
baba44_y calls 3000
*** TURN *** [7s Qc Js][3s]
baba44_y checks
MathisKcr bets 5000
baba44_y calls 5000
*** RIVER *** [7s Qc Js 3s][Jh]
baba44_y checks
MathisKcr checks
*** SHOW DOWN ***
MathisKcr shows [Ah Tc] (One pair : Jacks)
baba44_y shows [Qs Kc] (Two pairs : Queens and Jacks)
baba44_y collected 23300 from pot
*** SUMMARY ***
Total pot 23300 | No rake
Board: [7s Qc Js 3s Jh]
Seat 3: baba44_y showed [Qs Kc] and won 23300 with Two pairs : Queens and Jacks
Seat 4: MathisKcr showed [Ah Tc] and lost with One pair : Jacks


Winamax Poker - Tournament "Tremplin Saint-Malo" buyIn: 0€ + 0€ level: 16 - HandId: #4166882841428230168-124-1766351797 - Holdem no limit (100/500/1000) - 2025/12/21 21:16:37 UTC
Table: 'Tremplin Saint-Malo(970178014)#0023' 8-max (real money) Seat #6 is the button
Seat 1: bic-raver (112849)
Seat 2: KB nueve 29 (9319)
Seat 3: baba44_y (59549)
Seat 4: MathisKcr (32106)
Seat 5: Flou 1822331 (21788)
Seat 6: Ledav381 (70505)
Seat 7: Aigle.755376 (20838)
Seat 8: Dy-Nasty-72 (29404)
*** ANTE/BLINDS ***
Aigle.755376 posts ante 100
Dy-Nasty-72 posts ante 100
bic-raver posts ante 100
KB nueve 29 posts ante 100
baba44_y posts ante 100
MathisKcr posts ante 100
Flou 1822331 posts ante 100
Ledav381 posts ante 100
Aigle.755376 posts small blind 500
Dy-Nasty-72 posts big blind 1000
Dealt to MathisKcr [Tc Jh]
*** PRE-FLOP *** 
bic-raver raises 1000 to 2000
KB nueve 29 folds
baba44_y folds
MathisKcr calls 2000
Flou 1822331 folds
Ledav381 folds
Aigle.755376 raises 18738 to 20738 and is all-in
Dy-Nasty-72 raises 8566 to 29304 and is all-in
bic-raver folds
MathisKcr folds
*** FLOP *** [Ad 6c 4d]
*** TURN *** [Ad 6c 4d][Th]
*** RIVER *** [Ad 6c 4d Th][As]
*** SHOW DOWN ***
Aigle.755376 shows [Ks Qh] (One pair : Aces)
Dy-Nasty-72 shows [Kc Kh] (Two pairs : Aces and Kings)
Dy-Nasty-72 collected 54842 from pot
*** SUMMARY ***
Total pot 54842 | No rake
Board: [Ad 6c 4d Th As]
Seat 7: Aigle.755376 (small blind) showed [Ks Qh] and lost with One pair : Aces
Seat 8: Dy-Nasty-72 (big blind) showed [Kc Kh] and won 54842 with Two pairs : Aces and Kings


Winamax Poker - Tournament "Tremplin Saint-Malo" buyIn: 0€ + 0€ level: 16 - HandId: #4166882841428230168-125-1766351830 - Holdem no limit (100/500/1000) - 2025/12/21 21:17:10 UTC
Table: 'Tremplin Saint-Malo(970178014)#0023' 8-max (real money) Seat #7 is the button
Seat 1: bic-raver (110749)
Seat 2: KB nueve 29 (9219)
Seat 3: baba44_y (59449)
Seat 4: MathisKcr (30006)
Seat 5: Flou 1822331 (21688)
Seat 6: Ledav381 (70405)
Seat 8: Dy-Nasty-72 (54842)
*** ANTE/BLINDS ***
Dy-Nasty-72 posts ante 100
bic-raver posts ante 100
KB nueve 29 posts ante 100
baba44_y posts ante 100
MathisKcr posts ante 100
Flou 1822331 posts ante 100
Ledav381 posts ante 100
Dy-Nasty-72 posts small blind 500
bic-raver posts big blind 1000
Dealt to MathisKcr [8s Tc]
*** PRE-FLOP *** 
KB nueve 29 folds
baba44_y calls 1000
MathisKcr folds
Flou 1822331 folds
Ledav381 folds
Dy-Nasty-72 calls 500
bic-raver checks
*** FLOP *** [Qh Ks 5s]
Dy-Nasty-72 bets 1850
bic-raver folds
baba44_y calls 1850
*** TURN *** [Qh Ks 5s][Kh]
Dy-Nasty-72 checks
baba44_y checks
*** RIVER *** [Qh Ks 5s Kh][Kc]
Dy-Nasty-72 bets 3700
baba44_y calls 3700
*** SHOW DOWN ***
baba44_y shows [5d As] (Full of Kings and 5)
Dy-Nasty-72 shows [Qd 6d] (Full of Kings and Queens)
Dy-Nasty-72 collected 14800 from pot
*** SUMMARY ***
Total pot 14800 | No rake
Board: [Qh Ks 5s Kh Kc]
Seat 3: baba44_y showed [5d As] and lost with Full of Kings and 5
Seat 8: Dy-Nasty-72 (small blind) showed [Qd 6d] and won 14800 with Full of Kings and Queens


Winamax Poker - Tournament "Tremplin Saint-Malo" buyIn: 0€ + 0€ level: 16 - HandId: #4166882841428230168-126-1766351915 - Holdem no limit (100/500/1000) - 2025/12/21 21:18:35 UTC
Table: 'Tremplin Saint-Malo(970178014)#0023' 8-max (real money) Seat #8 is the button
Seat 1: bic-raver (109649)
Seat 2: KB nueve 29 (9119)
Seat 3: baba44_y (52799)
Seat 4: MathisKcr (29906)
Seat 5: Flou 1822331 (21588)
Seat 6: Ledav381 (70305)
Seat 7: Timpret (545)
Seat 8: Dy-Nasty-72 (62992)
*** ANTE/BLINDS ***
bic-raver posts ante 100
KB nueve 29 posts ante 100
baba44_y posts ante 100
MathisKcr posts ante 100
Flou 1822331 posts ante 100
Ledav381 posts ante 100
Timpret posts ante 100
Dy-Nasty-72 posts ante 100
bic-raver posts small blind 500
KB nueve 29 posts big blind 1000
Dealt to MathisKcr [5h 8d]
*** PRE-FLOP *** 
baba44_y calls 1000
MathisKcr folds
Flou 1822331 folds
Ledav381 folds
Timpret folds
Dy-Nasty-72 raises 2000 to 3000
bic-raver folds
KB nueve 29 folds
baba44_y calls 2000
*** FLOP *** [4h 8s Qd]
baba44_y checks
Dy-Nasty-72 bets 4150
baba44_y folds
Dy-Nasty-72 collected 12450 from pot
*** SUMMARY ***
Total pot 12450 | No rake
Board: [4h 8s Qd]
Seat 8: Dy-Nasty-72 (button) won 12450


Winamax Poker - Tournament "Tremplin Saint-Malo" buyIn: 0€ + 0€ level: 16 - HandId: #4166882841428230168-127-1766351997 - Holdem no limit (100/500/1000) - 2025/12/21 21:19:57 UTC
Table: 'Tremplin Saint-Malo(970178014)#0023' 8-max (real money) Seat #1 is the button
Seat 1: bic-raver (109049)
Seat 2: KB nueve 29 (8019)
Seat 3: baba44_y (49699)
Seat 4: MathisKcr (29806)
Seat 5: Flou 1822331 (21488)
Seat 6: Ledav381 (70205)
Seat 7: Timpret (445)
Seat 8: Dy-Nasty-72 (68192)
*** ANTE/BLINDS ***
KB nueve 29 posts ante 100
baba44_y posts ante 100
bic-raver posts ante 100
MathisKcr posts ante 100
Flou 1822331 posts ante 100
Ledav381 posts ante 100
Timpret posts ante 100
Dy-Nasty-72 posts ante 100
KB nueve 29 posts small blind 500
baba44_y posts big blind 1000
Dealt to MathisKcr [Ah Js]
*** PRE-FLOP *** 
MathisKcr raises 1000 to 2000
Flou 1822331 folds
Ledav381 calls 2000
Timpret folds
Dy-Nasty-72 calls 2000
bic-raver calls 2000
KB nueve 29 folds
baba44_y folds
*** FLOP *** [Qc Ac 3d]
MathisKcr bets 3000
Ledav381 raises 9545 to 12545
Dy-Nasty-72 folds
bic-raver folds
MathisKcr raises 15161 to 27706 and is all-in
Ledav381 raises 40399 to 68105 and is all-in
*** TURN *** [Qc Ac 3d][4c]
*** RIVER *** [Qc Ac 3d 4c][Td]
*** SHOW DOWN ***
MathisKcr shows [Ah Js] (One pair : Aces)
Ledav381 shows [6c Jc] (Flush Ace high)
Ledav381 collected 106111 from pot
*** SUMMARY ***
Total pot 106111 | No rake
Board: [Qc Ac 3d 4c Td]
Seat 4: MathisKcr showed [Ah Js] and lost with One pair : Aces
Seat 6: Ledav381 showed [6c Jc] and won 106111 with Flush Ace high


