Winamax Poker - Tournament "Expresso Nitro" buyIn: 0.46€ + 0.04€ level: 1 - HandId: #4351275043100033025-1-1762177464 - Holdem no limit (10/20) - 2025/11/03 13:44:24 UTC
Table: 'Expresso Nitro(1013110169)#0' 3-max (real money) Seat #1 is the button
Seat 1: monaymax (300)
Seat 2: MathisKcr (300)
Seat 3: 4irva Ye-Bi (300)
*** ANTE/BLINDS ***
MathisKcr posts small blind 10
4irva Ye-Bi posts big blind 20
Dealt to MathisKcr [Jc 7h]
*** PRE-FLOP *** 
monaymax calls 20
MathisKcr calls 10
4irva Ye-Bi raises 280 to 300 and is all-in
monaymax folds
MathisKcr folds
4irva Ye-Bi collected 340 from pot
*** SUMMARY ***
Total pot 340 | No rake
Seat 3: 4irva Ye-Bi (big blind) won 340


Winamax Poker - Tournament "Expresso Nitro" buyIn: 0.46€ + 0.04€ level: 1 - HandId: #4351275043100033025-2-1762177480 - Holdem no limit (10/20) - 2025/11/03 13:44:40 UTC
Table: 'Expresso Nitro(1013110169)#0' 3-max (real money) Seat #2 is the button
Seat 1: monaymax (280)
Seat 2: MathisKcr (280)
Seat 3: 4irva Ye-Bi (340)
*** ANTE/BLINDS ***
4irva Ye-Bi posts small blind 10
monaymax posts big blind 20
Dealt to MathisKcr [6c 2h]
*** PRE-FLOP *** 
MathisKcr folds
4irva Ye-Bi raises 20 to 40
monaymax folds
4irva Ye-Bi collected 60 from pot
*** SUMMARY ***
Total pot 60 | No rake
Seat 3: 4irva Ye-Bi (small blind) won 60


Winamax Poker - Tournament "Expresso Nitro" buyIn: 0.46€ + 0.04€ level: 1 - HandId: #4351275043100033025-3-1762177493 - Holdem no limit (10/20) - 2025/11/03 13:44:53 UTC
Table: 'Expresso Nitro(1013110169)#0' 3-max (real money) Seat #3 is the button
Seat 1: monaymax (260)
Seat 2: MathisKcr (280)
Seat 3: 4irva Ye-Bi (360)
*** ANTE/BLINDS ***
monaymax posts small blind 10
MathisKcr posts big blind 20
Dealt to MathisKcr [2s Td]
*** PRE-FLOP *** 
4irva Ye-Bi folds
monaymax calls 10
MathisKcr checks
*** FLOP *** [Ah 8s 4c]
monaymax checks
MathisKcr checks
*** TURN *** [Ah 8s 4c][As]
monaymax checks
MathisKcr checks
*** RIVER *** [Ah 8s 4c As][8c]
monaymax checks
MathisKcr checks
*** SHOW DOWN ***
MathisKcr shows [2s Td] (Two pairs : Aces and 8)
monaymax shows [Qh Ts] (Two pairs : Aces and 8)
monaymax collected 40 from pot
*** SUMMARY ***
Total pot 40 | No rake
Board: [Ah 8s 4c As 8c]
Seat 1: monaymax (small blind) showed [Qh Ts] and won 40 with Two pairs : Aces and 8
Seat 2: MathisKcr (big blind) showed [2s Td] and lost with Two pairs : Aces and 8


Winamax Poker - Tournament "Expresso Nitro" buyIn: 0.46€ + 0.04€ level: 2 - HandId: #4351275043100033025-4-1762177560 - Holdem no limit (15/30) - 2025/11/03 13:46:00 UTC
Table: 'Expresso Nitro(1013110169)#0' 3-max (real money) Seat #1 is the button
Seat 1: monaymax (280)
Seat 2: MathisKcr (260)
Seat 3: 4irva Ye-Bi (360)
*** ANTE/BLINDS ***
MathisKcr posts small blind 15
4irva Ye-Bi posts big blind 30
Dealt to MathisKcr [Jd 6h]
*** PRE-FLOP *** 
monaymax folds
MathisKcr calls 15
4irva Ye-Bi checks
*** FLOP *** [5h 5c 2d]
MathisKcr bets 30
4irva Ye-Bi folds
MathisKcr collected 90 from pot
*** SUMMARY ***
Total pot 90 | No rake
Board: [5h 5c 2d]
Seat 2: MathisKcr (small blind) won 90


Winamax Poker - Tournament "Expresso Nitro" buyIn: 0.46€ + 0.04€ level: 3 - HandId: #4351275043100033025-5-1762177605 - Holdem no limit (20/40) - 2025/11/03 13:46:45 UTC
Table: 'Expresso Nitro(1013110169)#0' 3-max (real money) Seat #2 is the button
Seat 1: monaymax (280)
Seat 2: MathisKcr (290)
Seat 3: 4irva Ye-Bi (330)
*** ANTE/BLINDS ***
4irva Ye-Bi posts small blind 20
monaymax posts big blind 40
Dealt to MathisKcr [Td Js]
*** PRE-FLOP *** 
MathisKcr raises 40 to 80
4irva Ye-Bi raises 250 to 330 and is all-in
monaymax calls 240 and is all-in
MathisKcr calls 210 and is all-in
*** FLOP *** [Kc Th 8d]
*** TURN *** [Kc Th 8d][Qd]
*** RIVER *** [Kc Th 8d Qd][5d]
*** SHOW DOWN ***
monaymax shows [Jc Jh] (One pair : Jacks)
MathisKcr shows [Td Js] (One pair : Tens)
4irva Ye-Bi shows [6h As] (High card : Ace)
4irva Ye-Bi collected 40 from side pot 2
MathisKcr collected 20 from side pot 1
monaymax collected 840 from main pot
*** SUMMARY ***
Total pot 900 | No rake
Board: [Kc Th 8d Qd 5d]
Seat 1: monaymax (big blind) showed [Jc Jh] and won 840 with One pair : Jacks
Seat 2: MathisKcr (button) showed [Td Js] and won 20 with One pair : Tens
Seat 3: 4irva Ye-Bi (small blind) showed [6h As] and won 40 with High card : Ace


Winamax Poker - Tournament "Expresso Nitro" buyIn: 0.46€ + 0.04€ level: 3 - HandId: #4351275043100033025-6-1762177629 - Holdem no limit (20/40) - 2025/11/03 13:47:09 UTC
Table: 'Expresso Nitro(1013110169)#0' 3-max (real money) Seat #3 is the button
Seat 1: monaymax (840)
Seat 2: MathisKcr (20)
Seat 3: 4irva Ye-Bi (40)
*** ANTE/BLINDS ***
monaymax posts small blind 20
MathisKcr posts big blind 20 and is all-in
Dealt to MathisKcr [6c Tc]
*** PRE-FLOP *** 
4irva Ye-Bi folds
*** FLOP *** [6h Jc As]
*** TURN *** [6h Jc As][8c]
*** RIVER *** [6h Jc As 8c][Th]
*** SHOW DOWN ***
monaymax shows [2c Ts] (One pair : Tens)
MathisKcr shows [6c Tc] (Two pairs : Tens and 6)
MathisKcr collected 40 from pot
*** SUMMARY ***
Total pot 40 | No rake
Board: [6h Jc As 8c Th]
Seat 1: monaymax (small blind) showed [2c Ts] and lost with One pair : Tens
Seat 2: MathisKcr (big blind) showed [6c Tc] and won 40 with Two pairs : Tens and 6


Winamax Poker - Tournament "Expresso Nitro" buyIn: 0.46€ + 0.04€ level: 3 - HandId: #4351275043100033025-7-1762177641 - Holdem no limit (20/40) - 2025/11/03 13:47:21 UTC
Table: 'Expresso Nitro(1013110169)#0' 3-max (real money) Seat #1 is the button
Seat 1: monaymax (820)
Seat 2: MathisKcr (40)
Seat 3: 4irva Ye-Bi (40)
*** ANTE/BLINDS ***
MathisKcr posts small blind 20
4irva Ye-Bi posts big blind 40 and is all-in
Dealt to MathisKcr [Kd 8h]
*** PRE-FLOP *** 
monaymax raises 40 to 80
MathisKcr calls 20 and is all-in
*** FLOP *** [Td 6d 5c]
*** TURN *** [Td 6d 5c][Qd]
*** RIVER *** [Td 6d 5c Qd][2d]
*** SHOW DOWN ***
4irva Ye-Bi shows [6s Ah] (One pair : 6)
monaymax shows [Kc Jc] (High card : King)
MathisKcr shows [Kd 8h] (Flush King high)
MathisKcr collected 120 from main pot
monaymax collected 40 from side pot 1
*** SUMMARY ***
Total pot 160 | No rake
Board: [Td 6d 5c Qd 2d]
Seat 1: monaymax (button) showed [Kc Jc] and won 40 with High card : King
Seat 2: MathisKcr (small blind) showed [Kd 8h] and won 120 with Flush King high
Seat 3: 4irva Ye-Bi (big blind) showed [6s Ah] and lost with One pair : 6


Winamax Poker - Tournament "Expresso Nitro" buyIn: 0.46€ + 0.04€ level: 4 - HandId: #4351275043100033025-8-1762177654 - Holdem no limit (30/60) - 2025/11/03 13:47:34 UTC
Table: 'Expresso Nitro(1013110169)#0' 3-max (real money) Seat #1 is the button
Seat 1: monaymax (780)
Seat 2: MathisKcr (120)
*** ANTE/BLINDS ***
monaymax posts small blind 30
MathisKcr posts big blind 60
Dealt to MathisKcr [7s 3h]
*** PRE-FLOP *** 
monaymax folds
MathisKcr collected 90 from pot
*** SUMMARY ***
Total pot 90 | No rake
Seat 2: MathisKcr (big blind) won 90


Winamax Poker - Tournament "Expresso Nitro" buyIn: 0.46€ + 0.04€ level: 4 - HandId: #4351275043100033025-9-1762177660 - Holdem no limit (30/60) - 2025/11/03 13:47:40 UTC
Table: 'Expresso Nitro(1013110169)#0' 3-max (real money) Seat #2 is the button
Seat 1: monaymax (750)
Seat 2: MathisKcr (150)
*** ANTE/BLINDS ***
MathisKcr posts small blind 30
monaymax posts big blind 60
Dealt to MathisKcr [Kh As]
*** PRE-FLOP *** 
MathisKcr raises 90 to 150 and is all-in
monaymax folds
MathisKcr collected 210 from pot
*** SUMMARY ***
Total pot 210 | No rake
Seat 2: MathisKcr (small blind) (button) won 210


Winamax Poker - Tournament "Expresso Nitro" buyIn: 0.46€ + 0.04€ level: 4 - HandId: #4351275043100033025-10-1762177673 - Holdem no limit (30/60) - 2025/11/03 13:47:53 UTC
Table: 'Expresso Nitro(1013110169)#0' 3-max (real money) Seat #1 is the button
Seat 1: monaymax (690)
Seat 2: MathisKcr (210)
*** ANTE/BLINDS ***
monaymax posts small blind 30
MathisKcr posts big blind 60
Dealt to MathisKcr [3c 8h]
*** PRE-FLOP *** 
monaymax calls 30
MathisKcr checks
*** FLOP *** [5s Tc Ah]
MathisKcr checks
monaymax bets 120
MathisKcr folds
monaymax collected 240 from pot
*** SUMMARY ***
Total pot 240 | No rake
Board: [5s Tc Ah]
Seat 1: monaymax (small blind) (button) won 240


Winamax Poker - Tournament "Expresso Nitro" buyIn: 0.46€ + 0.04€ level: 4 - HandId: #4351275043100033025-11-1762177686 - Holdem no limit (30/60) - 2025/11/03 13:48:06 UTC
Table: 'Expresso Nitro(1013110169)#0' 3-max (real money) Seat #2 is the button
Seat 1: monaymax (750)
Seat 2: MathisKcr (150)
*** ANTE/BLINDS ***
MathisKcr posts small blind 30
monaymax posts big blind 60
Dealt to MathisKcr [4c Ah]
*** PRE-FLOP *** 
MathisKcr raises 90 to 150 and is all-in
monaymax calls 90
*** FLOP *** [4d 7d Kh]
*** TURN *** [4d 7d Kh][2d]
*** RIVER *** [4d 7d Kh 2d][4h]
*** SHOW DOWN ***
monaymax shows [2h Js] (Two pairs : 4 and 2)
MathisKcr shows [4c Ah] (Trips of 4)
MathisKcr collected 300 from pot
*** SUMMARY ***
Total pot 300 | No rake
Board: [4d 7d Kh 2d 4h]
Seat 1: monaymax (big blind) showed [2h Js] and lost with Two pairs : 4 and 2
Seat 2: MathisKcr (small blind) (button) showed [4c Ah] and won 300 with Trips of 4


Winamax Poker - Tournament "Expresso Nitro" buyIn: 0.46€ + 0.04€ level: 5 - HandId: #4351275043100033025-12-1762177703 - Holdem no limit (40/80) - 2025/11/03 13:48:23 UTC
Table: 'Expresso Nitro(1013110169)#0' 3-max (real money) Seat #1 is the button
Seat 1: monaymax (600)
Seat 2: MathisKcr (300)
*** ANTE/BLINDS ***
monaymax posts small blind 40
MathisKcr posts big blind 80
Dealt to MathisKcr [8s 2h]
*** PRE-FLOP *** 
monaymax raises 80 to 160
MathisKcr folds
monaymax collected 240 from pot
*** SUMMARY ***
Total pot 240 | No rake
Seat 1: monaymax (small blind) (button) won 240


Winamax Poker - Tournament "Expresso Nitro" buyIn: 0.46€ + 0.04€ level: 5 - HandId: #4351275043100033025-13-1762177711 - Holdem no limit (40/80) - 2025/11/03 13:48:31 UTC
Table: 'Expresso Nitro(1013110169)#0' 3-max (real money) Seat #2 is the button
Seat 1: monaymax (680)
Seat 2: MathisKcr (220)
*** ANTE/BLINDS ***
MathisKcr posts small blind 40
monaymax posts big blind 80
Dealt to MathisKcr [Qc 6s]
*** PRE-FLOP *** 
MathisKcr raises 140 to 220 and is all-in
monaymax calls 140
*** FLOP *** [4h 5h 9d]
*** TURN *** [4h 5h 9d][3h]
*** RIVER *** [4h 5h 9d 3h][Qd]
*** SHOW DOWN ***
MathisKcr shows [Qc 6s] (One pair : Queens)
monaymax shows [3s 3c] (Trips of 3)
monaymax collected 440 from pot
*** SUMMARY ***
Total pot 440 | No rake
Board: [4h 5h 9d 3h Qd]
Seat 1: monaymax (big blind) showed [3s 3c] and won 440 with Trips of 3
Seat 2: MathisKcr (small blind) (button) showed [Qc 6s] and lost with One pair : Queens


