Winamax Poker - Tournament "Expresso Nitro" buyIn: 0.46€ + 0.04€ level: 1 - HandId: #4443916199184564225-1-1766249630 - Holdem no limit (10/20) - 2025/12/20 16:53:50 UTC
Table: 'Expresso Nitro(1034679869)#0' 3-max (real money) Seat #1 is the button
Seat 1: MathisKcr (300)
Seat 2: Paskito (300)
Seat 3: stephnono777 (300)
*** ANTE/BLINDS ***
Paskito posts small blind 10
stephnono777 posts big blind 20
Dealt to MathisKcr [9s 9h]
*** PRE-FLOP *** 
MathisKcr raises 280 to 300 and is all-in
Paskito folds
stephnono777 calls 280 and is all-in
*** FLOP *** [3h 5c 2c]
*** TURN *** [3h 5c 2c][Ks]
*** RIVER *** [3h 5c 2c Ks][7s]
*** SHOW DOWN ***
stephnono777 shows [Ah Ts] (High card : Ace)
MathisKcr shows [9s 9h] (One pair : 9)
MathisKcr collected 610 from pot
*** SUMMARY ***
Total pot 610 | No rake
Board: [3h 5c 2c Ks 7s]
Seat 1: MathisKcr (button) showed [9s 9h] and won 610 with One pair : 9
Seat 3: stephnono777 (big blind) showed [Ah Ts] and lost with High card : Ace


Winamax Poker - Tournament "Expresso Nitro" buyIn: 0.46€ + 0.04€ level: 1 - HandId: #4443916199184564225-2-1766249646 - Holdem no limit (10/20) - 2025/12/20 16:54:06 UTC
Table: 'Expresso Nitro(1034679869)#0' 3-max (real money) Seat #1 is the button
Seat 1: MathisKcr (610)
Seat 2: Paskito (290)
*** ANTE/BLINDS ***
MathisKcr posts small blind 10
Paskito posts big blind 20
Dealt to MathisKcr [2s 9h]
*** PRE-FLOP *** 
MathisKcr raises 20 to 40
Paskito folds
MathisKcr collected 60 from pot
*** SUMMARY ***
Total pot 60 | No rake
Seat 1: MathisKcr (small blind) (button) won 60


Winamax Poker - Tournament "Expresso Nitro" buyIn: 0.46€ + 0.04€ level: 1 - HandId: #4443916199184564225-3-1766249675 - Holdem no limit (10/20) - 2025/12/20 16:54:35 UTC
Table: 'Expresso Nitro(1034679869)#0' 3-max (real money) Seat #2 is the button
Seat 1: MathisKcr (630)
Seat 2: Paskito (270)
*** ANTE/BLINDS ***
Paskito posts small blind 10
MathisKcr posts big blind 20
Dealt to MathisKcr [5d 3d]
*** PRE-FLOP *** 
Paskito folds
MathisKcr collected 30 from pot
*** SUMMARY ***
Total pot 30 | No rake
Seat 1: MathisKcr (big blind) won 30


Winamax Poker - Tournament "Expresso Nitro" buyIn: 0.46€ + 0.04€ level: 1 - HandId: #4443916199184564225-4-1766249686 - Holdem no limit (10/20) - 2025/12/20 16:54:46 UTC
Table: 'Expresso Nitro(1034679869)#0' 3-max (real money) Seat #1 is the button
Seat 1: MathisKcr (640)
Seat 2: Paskito (260)
*** ANTE/BLINDS ***
MathisKcr posts small blind 10
Paskito posts big blind 20
Dealt to MathisKcr [2c Jh]
*** PRE-FLOP *** 
MathisKcr raises 20 to 40
Paskito folds
MathisKcr collected 60 from pot
*** SUMMARY ***
Total pot 60 | No rake
Seat 1: MathisKcr (small blind) (button) won 60


Winamax Poker - Tournament "Expresso Nitro" buyIn: 0.46€ + 0.04€ level: 2 - HandId: #4443916199184564225-5-1766249699 - Holdem no limit (15/30) - 2025/12/20 16:54:59 UTC
Table: 'Expresso Nitro(1034679869)#0' 3-max (real money) Seat #2 is the button
Seat 1: MathisKcr (660)
Seat 2: Paskito (240)
*** ANTE/BLINDS ***
Paskito posts small blind 15
MathisKcr posts big blind 30
Dealt to MathisKcr [5h 3h]
*** PRE-FLOP *** 
Paskito folds
MathisKcr collected 45 from pot
*** SUMMARY ***
Total pot 45 | No rake
Seat 1: MathisKcr (big blind) won 45


Winamax Poker - Tournament "Expresso Nitro" buyIn: 0.46€ + 0.04€ level: 2 - HandId: #4443916199184564225-6-1766249711 - Holdem no limit (15/30) - 2025/12/20 16:55:11 UTC
Table: 'Expresso Nitro(1034679869)#0' 3-max (real money) Seat #1 is the button
Seat 1: MathisKcr (675)
Seat 2: Paskito (225)
*** ANTE/BLINDS ***
MathisKcr posts small blind 15
Paskito posts big blind 30
Dealt to MathisKcr [5c 4c]
*** PRE-FLOP *** 
MathisKcr raises 30 to 60
Paskito calls 30
*** FLOP *** [Ah 9h 7h]
Paskito bets 165 and is all-in
MathisKcr folds
Paskito collected 285 from pot
*** SUMMARY ***
Total pot 285 | No rake
Board: [Ah 9h 7h]
Seat 2: Paskito (big blind) won 285


Winamax Poker - Tournament "Expresso Nitro" buyIn: 0.46€ + 0.04€ level: 2 - HandId: #4443916199184564225-7-1766249727 - Holdem no limit (15/30) - 2025/12/20 16:55:27 UTC
Table: 'Expresso Nitro(1034679869)#0' 3-max (real money) Seat #2 is the button
Seat 1: MathisKcr (615)
Seat 2: Paskito (285)
*** ANTE/BLINDS ***
Paskito posts small blind 15
MathisKcr posts big blind 30
Dealt to MathisKcr [3s Qh]
*** PRE-FLOP *** 
Paskito folds
MathisKcr collected 45 from pot
*** SUMMARY ***
Total pot 45 | No rake
Seat 1: MathisKcr (big blind) won 45


Winamax Poker - Tournament "Expresso Nitro" buyIn: 0.46€ + 0.04€ level: 2 - HandId: #4443916199184564225-8-1766249735 - Holdem no limit (15/30) - 2025/12/20 16:55:35 UTC
Table: 'Expresso Nitro(1034679869)#0' 3-max (real money) Seat #1 is the button
Seat 1: MathisKcr (630)
Seat 2: Paskito (270)
*** ANTE/BLINDS ***
MathisKcr posts small blind 15
Paskito posts big blind 30
Dealt to MathisKcr [Th Kc]
*** PRE-FLOP *** 
MathisKcr raises 30 to 60
Paskito calls 30
*** FLOP *** [4d 2c 7s]
Paskito bets 210 and is all-in
MathisKcr calls 210
*** TURN *** [4d 2c 7s][Ah]
*** RIVER *** [4d 2c 7s Ah][2d]
*** SHOW DOWN ***
MathisKcr shows [Th Kc] (One pair : 2)
Paskito shows [6c 4h] (Two pairs : 4 and 2)
Paskito collected 540 from pot
*** SUMMARY ***
Total pot 540 | No rake
Board: [4d 2c 7s Ah 2d]
Seat 1: MathisKcr (small blind) (button) showed [Th Kc] and lost with One pair : 2
Seat 2: Paskito (big blind) showed [6c 4h] and won 540 with Two pairs : 4 and 2


Winamax Poker - Tournament "Expresso Nitro" buyIn: 0.46€ + 0.04€ level: 3 - HandId: #4443916199184564225-9-1766249764 - Holdem no limit (20/40) - 2025/12/20 16:56:04 UTC
Table: 'Expresso Nitro(1034679869)#0' 3-max (real money) Seat #2 is the button
Seat 1: MathisKcr (360)
Seat 2: Paskito (540)
*** ANTE/BLINDS ***
Paskito posts small blind 20
MathisKcr posts big blind 40
Dealt to MathisKcr [4h 9d]
*** PRE-FLOP *** 
Paskito folds
MathisKcr collected 60 from pot
*** SUMMARY ***
Total pot 60 | No rake
Seat 1: MathisKcr (big blind) won 60


Winamax Poker - Tournament "Expresso Nitro" buyIn: 0.46€ + 0.04€ level: 3 - HandId: #4443916199184564225-10-1766249771 - Holdem no limit (20/40) - 2025/12/20 16:56:11 UTC
Table: 'Expresso Nitro(1034679869)#0' 3-max (real money) Seat #1 is the button
Seat 1: MathisKcr (380)
Seat 2: Paskito (520)
*** ANTE/BLINDS ***
MathisKcr posts small blind 20
Paskito posts big blind 40
Dealt to MathisKcr [9h 7s]
*** PRE-FLOP *** 
MathisKcr calls 20
Paskito checks
*** FLOP *** [6d Qd 2d]
Paskito bets 480 and is all-in
MathisKcr folds
Paskito collected 560 from pot
*** SUMMARY ***
Total pot 560 | No rake
Board: [6d Qd 2d]
Seat 2: Paskito (big blind) won 560


Winamax Poker - Tournament "Expresso Nitro" buyIn: 0.46€ + 0.04€ level: 3 - HandId: #4443916199184564225-11-1766249786 - Holdem no limit (20/40) - 2025/12/20 16:56:26 UTC
Table: 'Expresso Nitro(1034679869)#0' 3-max (real money) Seat #2 is the button
Seat 1: MathisKcr (340)
Seat 2: Paskito (560)
*** ANTE/BLINDS ***
Paskito posts small blind 20
MathisKcr posts big blind 40
Dealt to MathisKcr [5d 3d]
*** PRE-FLOP *** 
Paskito folds
MathisKcr collected 60 from pot
*** SUMMARY ***
Total pot 60 | No rake
Seat 1: MathisKcr (big blind) won 60


Winamax Poker - Tournament "Expresso Nitro" buyIn: 0.46€ + 0.04€ level: 3 - HandId: #4443916199184564225-12-1766249793 - Holdem no limit (20/40) - 2025/12/20 16:56:33 UTC
Table: 'Expresso Nitro(1034679869)#0' 3-max (real money) Seat #1 is the button
Seat 1: MathisKcr (360)
Seat 2: Paskito (540)
*** ANTE/BLINDS ***
MathisKcr posts small blind 20
Paskito posts big blind 40
Dealt to MathisKcr [5h 6h]
*** PRE-FLOP *** 
MathisKcr calls 20
Paskito raises 500 to 540 and is all-in
MathisKcr folds
Paskito collected 580 from pot
*** SUMMARY ***
Total pot 580 | No rake
Seat 2: Paskito (big blind) won 580


Winamax Poker - Tournament "Expresso Nitro" buyIn: 0.46€ + 0.04€ level: 4 - HandId: #4443916199184564225-13-1766249826 - Holdem no limit (30/60) - 2025/12/20 16:57:06 UTC
Table: 'Expresso Nitro(1034679869)#0' 3-max (real money) Seat #2 is the button
Seat 1: MathisKcr (320)
Seat 2: Paskito (580)
*** ANTE/BLINDS ***
Paskito posts small blind 30
MathisKcr posts big blind 60
Dealt to MathisKcr [7s Ah]
*** PRE-FLOP *** 
Paskito calls 30
MathisKcr raises 260 to 320 and is all-in
Paskito folds
MathisKcr collected 380 from pot
*** SUMMARY ***
Total pot 380 | No rake
Seat 1: MathisKcr (big blind) won 380


Winamax Poker - Tournament "Expresso Nitro" buyIn: 0.46€ + 0.04€ level: 4 - HandId: #4443916199184564225-14-1766249845 - Holdem no limit (30/60) - 2025/12/20 16:57:25 UTC
Table: 'Expresso Nitro(1034679869)#0' 3-max (real money) Seat #1 is the button
Seat 1: MathisKcr (380)
Seat 2: Paskito (520)
*** ANTE/BLINDS ***
MathisKcr posts small blind 30
Paskito posts big blind 60
Dealt to MathisKcr [5h 9d]
*** PRE-FLOP *** 
MathisKcr calls 30
Paskito checks
*** FLOP *** [8c Ks Qd]
Paskito bets 120
MathisKcr folds
Paskito collected 240 from pot
*** SUMMARY ***
Total pot 240 | No rake
Board: [8c Ks Qd]
Seat 2: Paskito (big blind) won 240


Winamax Poker - Tournament "Expresso Nitro" buyIn: 0.46€ + 0.04€ level: 4 - HandId: #4443916199184564225-15-1766249858 - Holdem no limit (30/60) - 2025/12/20 16:57:38 UTC
Table: 'Expresso Nitro(1034679869)#0' 3-max (real money) Seat #2 is the button
Seat 1: MathisKcr (320)
Seat 2: Paskito (580)
*** ANTE/BLINDS ***
Paskito posts small blind 30
MathisKcr posts big blind 60
Dealt to MathisKcr [Qs Ts]
*** PRE-FLOP *** 
Paskito folds
MathisKcr collected 90 from pot
*** SUMMARY ***
Total pot 90 | No rake
Seat 1: MathisKcr (big blind) won 90


Winamax Poker - Tournament "Expresso Nitro" buyIn: 0.46€ + 0.04€ level: 4 - HandId: #4443916199184564225-16-1766249864 - Holdem no limit (30/60) - 2025/12/20 16:57:44 UTC
Table: 'Expresso Nitro(1034679869)#0' 3-max (real money) Seat #1 is the button
Seat 1: MathisKcr (350)
Seat 2: Paskito (550)
*** ANTE/BLINDS ***
MathisKcr posts small blind 30
Paskito posts big blind 60
Dealt to MathisKcr [8s 6c]
*** PRE-FLOP *** 
MathisKcr calls 30
Paskito checks
*** FLOP *** [6h 9h Kh]
Paskito bets 78
MathisKcr raises 212 to 290 and is all-in
Paskito calls 212
*** TURN *** [6h 9h Kh][7h]
*** RIVER *** [6h 9h Kh 7h][Ad]
*** SHOW DOWN ***
MathisKcr shows [8s 6c] (One pair : 6)
Paskito shows [7c Td] (One pair : 7)
Paskito collected 700 from pot
*** SUMMARY ***
Total pot 700 | No rake
Board: [6h 9h Kh 7h Ad]
Seat 1: MathisKcr (small blind) (button) showed [8s 6c] and lost with One pair : 6
Seat 2: Paskito (big blind) showed [7c Td] and won 700 with One pair : 7


