Winamax Poker - Tournament "Expresso Nitro" buyIn: 0.46€ + 0.04€ level: 1 - HandId: #4445224325963841537-1-1766313218 - Holdem no limit (10/20) - 2025/12/21 10:33:38 UTC
Table: 'Expresso Nitro(1034984441)#0' 3-max (real money) Seat #3 is the button
Seat 1: RIO33380 (300)
Seat 2: MathisKcr (300)
Seat 3: Cifou76 (300)
*** ANTE/BLINDS ***
RIO33380 posts small blind 10
MathisKcr posts big blind 20
Dealt to MathisKcr [Tc 6h]
*** PRE-FLOP *** 
Cifou76 folds
RIO33380 calls 10
MathisKcr checks
*** FLOP *** [6s Kd Ad]
RIO33380 bets 40
MathisKcr folds
RIO33380 collected 80 from pot
*** SUMMARY ***
Total pot 80 | No rake
Board: [6s Kd Ad]
Seat 1: RIO33380 (small blind) won 80


Winamax Poker - Tournament "Expresso Nitro" buyIn: 0.46€ + 0.04€ level: 1 - HandId: #4445224325963841537-2-1766313231 - Holdem no limit (10/20) - 2025/12/21 10:33:51 UTC
Table: 'Expresso Nitro(1034984441)#0' 3-max (real money) Seat #1 is the button
Seat 1: RIO33380 (320)
Seat 2: MathisKcr (280)
Seat 3: Cifou76 (300)
*** ANTE/BLINDS ***
MathisKcr posts small blind 10
Cifou76 posts big blind 20
Dealt to MathisKcr [4s As]
*** PRE-FLOP *** 
RIO33380 calls 20
MathisKcr raises 20 to 40
Cifou76 calls 20
RIO33380 calls 20
*** FLOP *** [6s 2s Kd]
MathisKcr bets 40
Cifou76 folds
RIO33380 folds
MathisKcr collected 160 from pot
*** SUMMARY ***
Total pot 160 | No rake
Board: [6s 2s Kd]
Seat 2: MathisKcr (small blind) won 160


Winamax Poker - Tournament "Expresso Nitro" buyIn: 0.46€ + 0.04€ level: 1 - HandId: #4445224325963841537-3-1766313246 - Holdem no limit (10/20) - 2025/12/21 10:34:06 UTC
Table: 'Expresso Nitro(1034984441)#0' 3-max (real money) Seat #2 is the button
Seat 1: RIO33380 (280)
Seat 2: MathisKcr (360)
Seat 3: Cifou76 (260)
*** ANTE/BLINDS ***
Cifou76 posts small blind 10
RIO33380 posts big blind 20
Dealt to MathisKcr [Jc 5h]
*** PRE-FLOP *** 
MathisKcr calls 20
Cifou76 calls 10
RIO33380 checks
*** FLOP *** [6s Jd Js]
Cifou76 checks
RIO33380 checks
MathisKcr bets 40
Cifou76 calls 40
RIO33380 folds
*** TURN *** [6s Jd Js][9h]
Cifou76 checks
MathisKcr bets 60
Cifou76 calls 60
*** RIVER *** [6s Jd Js 9h][Th]
Cifou76 checks
MathisKcr bets 240 and is all-in
Cifou76 folds
MathisKcr collected 500 from pot
*** SUMMARY ***
Total pot 500 | No rake
Board: [6s Jd Js 9h Th]
Seat 2: MathisKcr (button) won 500


Winamax Poker - Tournament "Expresso Nitro" buyIn: 0.46€ + 0.04€ level: 2 - HandId: #4445224325963841537-4-1766313285 - Holdem no limit (15/30) - 2025/12/21 10:34:45 UTC
Table: 'Expresso Nitro(1034984441)#0' 3-max (real money) Seat #3 is the button
Seat 1: RIO33380 (260)
Seat 2: MathisKcr (500)
Seat 3: Cifou76 (140)
*** ANTE/BLINDS ***
RIO33380 posts small blind 15
MathisKcr posts big blind 30
Dealt to MathisKcr [9s Ac]
*** PRE-FLOP *** 
Cifou76 folds
RIO33380 calls 15
MathisKcr raises 30 to 60
RIO33380 calls 30
*** FLOP *** [Qh 8s Tc]
RIO33380 checks
MathisKcr bets 60
RIO33380 folds
MathisKcr collected 180 from pot
*** SUMMARY ***
Total pot 180 | No rake
Board: [Qh 8s Tc]
Seat 2: MathisKcr (big blind) won 180


Winamax Poker - Tournament "Expresso Nitro" buyIn: 0.46€ + 0.04€ level: 2 - HandId: #4445224325963841537-5-1766313300 - Holdem no limit (15/30) - 2025/12/21 10:35:00 UTC
Table: 'Expresso Nitro(1034984441)#0' 3-max (real money) Seat #1 is the button
Seat 1: RIO33380 (200)
Seat 2: MathisKcr (560)
Seat 3: Cifou76 (140)
*** ANTE/BLINDS ***
MathisKcr posts small blind 15
Cifou76 posts big blind 30
Dealt to MathisKcr [Ac 4h]
*** PRE-FLOP *** 
RIO33380 calls 30
MathisKcr calls 15
Cifou76 checks
*** FLOP *** [Jc 2d 6s]
MathisKcr bets 30
Cifou76 folds
RIO33380 calls 30
*** TURN *** [Jc 2d 6s][Qh]
MathisKcr checks
RIO33380 bets 98
MathisKcr folds
RIO33380 collected 248 from pot
*** SUMMARY ***
Total pot 248 | No rake
Board: [Jc 2d 6s Qh]
Seat 1: RIO33380 (button) won 248


Winamax Poker - Tournament "Expresso Nitro" buyIn: 0.46€ + 0.04€ level: 2 - HandId: #4445224325963841537-6-1766313331 - Holdem no limit (15/30) - 2025/12/21 10:35:31 UTC
Table: 'Expresso Nitro(1034984441)#0' 3-max (real money) Seat #2 is the button
Seat 1: RIO33380 (290)
Seat 2: MathisKcr (500)
Seat 3: Cifou76 (110)
*** ANTE/BLINDS ***
Cifou76 posts small blind 15
RIO33380 posts big blind 30
Dealt to MathisKcr [9s Tc]
*** PRE-FLOP *** 
MathisKcr folds
Cifou76 raises 80 to 110 and is all-in
RIO33380 folds
Cifou76 collected 140 from pot
*** SUMMARY ***
Total pot 140 | No rake
Seat 3: Cifou76 (small blind) won 140


Winamax Poker - Tournament "Expresso Nitro" buyIn: 0.46€ + 0.04€ level: 3 - HandId: #4445224325963841537-7-1766313338 - Holdem no limit (20/40) - 2025/12/21 10:35:38 UTC
Table: 'Expresso Nitro(1034984441)#0' 3-max (real money) Seat #3 is the button
Seat 1: RIO33380 (260)
Seat 2: MathisKcr (500)
Seat 3: Cifou76 (140)
*** ANTE/BLINDS ***
RIO33380 posts small blind 20
MathisKcr posts big blind 40
Dealt to MathisKcr [Jh Td]
*** PRE-FLOP *** 
Cifou76 raises 100 to 140 and is all-in
RIO33380 folds
MathisKcr calls 100
*** FLOP *** [4d 3c 5d]
*** TURN *** [4d 3c 5d][7s]
*** RIVER *** [4d 3c 5d 7s][8h]
*** SHOW DOWN ***
MathisKcr shows [Jh Td] (High card : Jack)
Cifou76 shows [Ah 8s] (One pair : 8)
Cifou76 collected 300 from pot
*** SUMMARY ***
Total pot 300 | No rake
Board: [4d 3c 5d 7s 8h]
Seat 2: MathisKcr (big blind) showed [Jh Td] and lost with High card : Jack
Seat 3: Cifou76 (button) showed [Ah 8s] and won 300 with One pair : 8


Winamax Poker - Tournament "Expresso Nitro" buyIn: 0.46€ + 0.04€ level: 3 - HandId: #4445224325963841537-8-1766313352 - Holdem no limit (20/40) - 2025/12/21 10:35:52 UTC
Table: 'Expresso Nitro(1034984441)#0' 3-max (real money) Seat #1 is the button
Seat 1: RIO33380 (240)
Seat 2: MathisKcr (360)
Seat 3: Cifou76 (300)
*** ANTE/BLINDS ***
MathisKcr posts small blind 20
Cifou76 posts big blind 40
Dealt to MathisKcr [Qh 2c]
*** PRE-FLOP *** 
RIO33380 folds
MathisKcr calls 20
Cifou76 checks
*** FLOP *** [Tc 3s Jc]
MathisKcr checks
Cifou76 checks
*** TURN *** [Tc 3s Jc][4c]
MathisKcr checks
Cifou76 checks
*** RIVER *** [Tc 3s Jc 4c][Ac]
MathisKcr checks
Cifou76 bets 40
MathisKcr calls 40
*** SHOW DOWN ***
MathisKcr shows [Qh 2c] (Flush Ace high)
Cifou76 shows [5c 3h] (Flush Ace high)
Cifou76 collected 160 from pot
*** SUMMARY ***
Total pot 160 | No rake
Board: [Tc 3s Jc 4c Ac]
Seat 2: MathisKcr (small blind) showed [Qh 2c] and lost with Flush Ace high
Seat 3: Cifou76 (big blind) showed [5c 3h] and won 160 with Flush Ace high


Winamax Poker - Tournament "Expresso Nitro" buyIn: 0.46€ + 0.04€ level: 4 - HandId: #4445224325963841537-9-1766313398 - Holdem no limit (30/60) - 2025/12/21 10:36:38 UTC
Table: 'Expresso Nitro(1034984441)#0' 3-max (real money) Seat #2 is the button
Seat 1: RIO33380 (240)
Seat 2: MathisKcr (280)
Seat 3: Cifou76 (380)
*** ANTE/BLINDS ***
Cifou76 posts small blind 30
RIO33380 posts big blind 60
Dealt to MathisKcr [3h 9s]
*** PRE-FLOP *** 
MathisKcr folds
Cifou76 calls 30
RIO33380 checks
*** FLOP *** [Ks 9c Qs]
Cifou76 bets 78
RIO33380 folds
Cifou76 collected 198 from pot
*** SUMMARY ***
Total pot 198 | No rake
Board: [Ks 9c Qs]
Seat 3: Cifou76 (small blind) won 198


Winamax Poker - Tournament "Expresso Nitro" buyIn: 0.46€ + 0.04€ level: 4 - HandId: #4445224325963841537-10-1766313409 - Holdem no limit (30/60) - 2025/12/21 10:36:49 UTC
Table: 'Expresso Nitro(1034984441)#0' 3-max (real money) Seat #3 is the button
Seat 1: RIO33380 (180)
Seat 2: MathisKcr (280)
Seat 3: Cifou76 (440)
*** ANTE/BLINDS ***
RIO33380 posts small blind 30
MathisKcr posts big blind 60
Dealt to MathisKcr [Td 6h]
*** PRE-FLOP *** 
Cifou76 raises 150 to 210
RIO33380 calls 150 and is all-in
MathisKcr calls 150
*** FLOP *** [5d 3s Ts]
MathisKcr bets 70 and is all-in
Cifou76 calls 70
*** TURN *** [5d 3s Ts][Jc]
*** RIVER *** [5d 3s Ts Jc][Qc]
*** SHOW DOWN ***
Cifou76 shows [8s Ad] (High card : Ace)
RIO33380 shows [Jd Kc] (One pair : Jacks)
MathisKcr shows [Td 6h] (One pair : Tens)
MathisKcr collected 200 from side pot 1
RIO33380 collected 540 from main pot
*** SUMMARY ***
Total pot 740 | No rake
Board: [5d 3s Ts Jc Qc]
Seat 1: RIO33380 (small blind) showed [Jd Kc] and won 540 with One pair : Jacks
Seat 2: MathisKcr (big blind) showed [Td 6h] and won 200 with One pair : Tens
Seat 3: Cifou76 (button) showed [8s Ad] and lost with High card : Ace


Winamax Poker - Tournament "Expresso Nitro" buyIn: 0.46€ + 0.04€ level: 4 - HandId: #4445224325963841537-11-1766313440 - Holdem no limit (30/60) - 2025/12/21 10:37:20 UTC
Table: 'Expresso Nitro(1034984441)#0' 3-max (real money) Seat #1 is the button
Seat 1: RIO33380 (540)
Seat 2: MathisKcr (200)
Seat 3: Cifou76 (160)
*** ANTE/BLINDS ***
MathisKcr posts small blind 30
Cifou76 posts big blind 60
Dealt to MathisKcr [9c 5c]
*** PRE-FLOP *** 
RIO33380 folds
MathisKcr raises 140 to 200 and is all-in
Cifou76 calls 100 and is all-in
*** FLOP *** [Ks 8s 4c]
*** TURN *** [Ks 8s 4c][3h]
*** RIVER *** [Ks 8s 4c 3h][5s]
*** SHOW DOWN ***
Cifou76 shows [As Qd] (High card : Ace)
MathisKcr shows [9c 5c] (One pair : 5)
MathisKcr collected 360 from pot
*** SUMMARY ***
Total pot 360 | No rake
Board: [Ks 8s 4c 3h 5s]
Seat 2: MathisKcr (small blind) showed [9c 5c] and won 360 with One pair : 5
Seat 3: Cifou76 (big blind) showed [As Qd] and lost with High card : Ace


Winamax Poker - Tournament "Expresso Nitro" buyIn: 0.46€ + 0.04€ level: 4 - HandId: #4445224325963841537-12-1766313454 - Holdem no limit (30/60) - 2025/12/21 10:37:34 UTC
Table: 'Expresso Nitro(1034984441)#0' 3-max (real money) Seat #1 is the button
Seat 1: RIO33380 (540)
Seat 2: MathisKcr (360)
*** ANTE/BLINDS ***
RIO33380 posts small blind 30
MathisKcr posts big blind 60
Dealt to MathisKcr [Kc Ah]
*** PRE-FLOP *** 
RIO33380 calls 30
MathisKcr raises 300 to 360 and is all-in
RIO33380 folds
MathisKcr collected 420 from pot
*** SUMMARY ***
Total pot 420 | No rake
Seat 2: MathisKcr (big blind) won 420


Winamax Poker - Tournament "Expresso Nitro" buyIn: 0.46€ + 0.04€ level: 5 - HandId: #4445224325963841537-13-1766313466 - Holdem no limit (40/80) - 2025/12/21 10:37:46 UTC
Table: 'Expresso Nitro(1034984441)#0' 3-max (real money) Seat #2 is the button
Seat 1: RIO33380 (480)
Seat 2: MathisKcr (420)
*** ANTE/BLINDS ***
MathisKcr posts small blind 40
RIO33380 posts big blind 80
Dealt to MathisKcr [Qd 4s]
*** PRE-FLOP *** 
MathisKcr raises 80 to 160
RIO33380 folds
MathisKcr collected 240 from pot
*** SUMMARY ***
Total pot 240 | No rake
Seat 2: MathisKcr (small blind) (button) won 240


Winamax Poker - Tournament "Expresso Nitro" buyIn: 0.46€ + 0.04€ level: 5 - HandId: #4445224325963841537-14-1766313473 - Holdem no limit (40/80) - 2025/12/21 10:37:53 UTC
Table: 'Expresso Nitro(1034984441)#0' 3-max (real money) Seat #1 is the button
Seat 1: RIO33380 (400)
Seat 2: MathisKcr (500)
*** ANTE/BLINDS ***
RIO33380 posts small blind 40
MathisKcr posts big blind 80
Dealt to MathisKcr [7s Ks]
*** PRE-FLOP *** 
RIO33380 folds
MathisKcr collected 120 from pot
*** SUMMARY ***
Total pot 120 | No rake
Seat 2: MathisKcr (big blind) won 120


Winamax Poker - Tournament "Expresso Nitro" buyIn: 0.46€ + 0.04€ level: 5 - HandId: #4445224325963841537-15-1766313478 - Holdem no limit (40/80) - 2025/12/21 10:37:58 UTC
Table: 'Expresso Nitro(1034984441)#0' 3-max (real money) Seat #2 is the button
Seat 1: RIO33380 (360)
Seat 2: MathisKcr (540)
*** ANTE/BLINDS ***
MathisKcr posts small blind 40
RIO33380 posts big blind 80
Dealt to MathisKcr [8s 4s]
*** PRE-FLOP *** 
MathisKcr raises 80 to 160
RIO33380 folds
MathisKcr collected 240 from pot
*** SUMMARY ***
Total pot 240 | No rake
Seat 2: MathisKcr (small blind) (button) won 240


Winamax Poker - Tournament "Expresso Nitro" buyIn: 0.46€ + 0.04€ level: 5 - HandId: #4445224325963841537-16-1766313488 - Holdem no limit (40/80) - 2025/12/21 10:38:08 UTC
Table: 'Expresso Nitro(1034984441)#0' 3-max (real money) Seat #1 is the button
Seat 1: RIO33380 (280)
Seat 2: MathisKcr (620)
*** ANTE/BLINDS ***
RIO33380 posts small blind 40
MathisKcr posts big blind 80
Dealt to MathisKcr [9s 5s]
*** PRE-FLOP *** 
RIO33380 folds
MathisKcr collected 120 from pot
*** SUMMARY ***
Total pot 120 | No rake
Seat 2: MathisKcr (big blind) won 120


Winamax Poker - Tournament "Expresso Nitro" buyIn: 0.46€ + 0.04€ level: 5 - HandId: #4445224325963841537-17-1766313496 - Holdem no limit (40/80) - 2025/12/21 10:38:16 UTC
Table: 'Expresso Nitro(1034984441)#0' 3-max (real money) Seat #2 is the button
Seat 1: RIO33380 (240)
Seat 2: MathisKcr (660)
*** ANTE/BLINDS ***
MathisKcr posts small blind 40
RIO33380 posts big blind 80
Dealt to MathisKcr [7h 2h]
*** PRE-FLOP *** 
MathisKcr calls 40
RIO33380 raises 160 to 240 and is all-in
MathisKcr calls 160
*** FLOP *** [As 7s Ad]
*** TURN *** [As 7s Ad][5s]
*** RIVER *** [As 7s Ad 5s][6h]
*** SHOW DOWN ***
RIO33380 shows [Qs Jh] (One pair : Aces)
MathisKcr shows [7h 2h] (Two pairs : Aces and 7)
MathisKcr collected 480 from pot
*** SUMMARY ***
Total pot 480 | No rake
Board: [As 7s Ad 5s 6h]
Seat 1: RIO33380 (big blind) showed [Qs Jh] and lost with One pair : Aces
Seat 2: MathisKcr (small blind) (button) showed [7h 2h] and won 480 with Two pairs : Aces and 7


