Winamax Poker - Tournament "Starting Block WiPT" buyIn: 0€ + 0€ level: 1 - HandId: #4328818274016952321-1-1761137218 - Holdem no limit (10/20) - 2025/10/22 12:46:58 UTC
Table: 'Starting Block WiPT(1007881545)#0' 6-max (real money) Seat #1 is the button
Seat 1: -Korsiko69 (1500)
Seat 2: DD Senior (1500)
Seat 3: Perruche 77 (1500)
Seat 4: HC_Specimen4 (1500)
Seat 5: Baloo_G (1500)
Seat 6: MathisKcr (1500)
*** ANTE/BLINDS ***
DD Senior posts small blind 10
Perruche 77 posts big blind 20
Dealt to MathisKcr [Jc 4s]
*** PRE-FLOP *** 
HC_Specimen4 calls 20
Baloo_G folds
MathisKcr calls 20
-Korsiko69 calls 20
DD Senior calls 10
Perruche 77 checks
*** FLOP *** [6h 5c Ac]
DD Senior checks
Perruche 77 checks
HC_Specimen4 checks
MathisKcr checks
-Korsiko69 checks
*** TURN *** [6h 5c Ac][4d]
DD Senior checks
Perruche 77 checks
HC_Specimen4 checks
MathisKcr checks
-Korsiko69 checks
*** RIVER *** [6h 5c Ac 4d][6s]
DD Senior checks
Perruche 77 checks
HC_Specimen4 checks
MathisKcr checks
-Korsiko69 checks
*** SHOW DOWN ***
-Korsiko69 shows [9s Ts] (One pair : 6)
DD Senior shows [4h 3d] (Two pairs : 6 and 4)
Perruche 77 shows [5h 7d] (Two pairs : 6 and 5)
MathisKcr shows [Jc 4s] (Two pairs : 6 and 4)
HC_Specimen4 shows [8c 8h] (Two pairs : 8 and 6)
HC_Specimen4 collected 100 from pot
*** SUMMARY ***
Total pot 100 | No rake
Board: [6h 5c Ac 4d 6s]
Seat 1: -Korsiko69 (button) showed [9s Ts] and lost with One pair : 6
Seat 2: DD Senior (small blind) showed [4h 3d] and lost with Two pairs : 6 and 4
Seat 3: Perruche 77 (big blind) showed [5h 7d] and lost with Two pairs : 6 and 5
Seat 4: HC_Specimen4 showed [8c 8h] and won 100 with Two pairs : 8 and 6
Seat 6: MathisKcr showed [Jc 4s] and lost with Two pairs : 6 and 4


Winamax Poker - Tournament "Starting Block WiPT" buyIn: 0€ + 0€ level: 1 - HandId: #4328818274016952321-2-1761137282 - Holdem no limit (10/20) - 2025/10/22 12:48:02 UTC
Table: 'Starting Block WiPT(1007881545)#0' 6-max (real money) Seat #2 is the button
Seat 1: -Korsiko69 (1480)
Seat 2: DD Senior (1480)
Seat 3: Perruche 77 (1480)
Seat 4: HC_Specimen4 (1580)
Seat 5: Baloo_G (1500)
Seat 6: MathisKcr (1480)
*** ANTE/BLINDS ***
Perruche 77 posts small blind 10
HC_Specimen4 posts big blind 20
Dealt to MathisKcr [7d Ts]
*** PRE-FLOP *** 
Baloo_G raises 40 to 60
MathisKcr folds
-Korsiko69 folds
DD Senior calls 60
Perruche 77 folds
HC_Specimen4 calls 40
*** FLOP *** [8s 5h 6c]
HC_Specimen4 checks
Baloo_G bets 67
DD Senior folds
HC_Specimen4 calls 67
*** TURN *** [8s 5h 6c][7s]
HC_Specimen4 checks
Baloo_G checks
*** RIVER *** [8s 5h 6c 7s][3c]
HC_Specimen4 bets 20
Baloo_G folds
HC_Specimen4 collected 344 from pot
*** SUMMARY ***
Total pot 344 | No rake
Board: [8s 5h 6c 7s 3c]
Seat 4: HC_Specimen4 (big blind) won 344


Winamax Poker - Tournament "Starting Block WiPT" buyIn: 0€ + 0€ level: 2 - HandId: #4328818274016952321-3-1761137369 - Holdem no limit (15/30) - 2025/10/22 12:49:29 UTC
Table: 'Starting Block WiPT(1007881545)#0' 6-max (real money) Seat #3 is the button
Seat 1: -Korsiko69 (1480)
Seat 2: DD Senior (1420)
Seat 3: Perruche 77 (1470)
Seat 4: HC_Specimen4 (1777)
Seat 5: Baloo_G (1373)
Seat 6: MathisKcr (1480)
*** ANTE/BLINDS ***
HC_Specimen4 posts small blind 15
Baloo_G posts big blind 30
Dealt to MathisKcr [9c Ks]
*** PRE-FLOP *** 
MathisKcr raises 30 to 60
-Korsiko69 folds
DD Senior calls 60
Perruche 77 raises 225 to 285
HC_Specimen4 calls 270
Baloo_G folds
MathisKcr raises 1195 to 1480 and is all-in
DD Senior folds
Perruche 77 calls 1185 and is all-in
HC_Specimen4 calls 1195
*** FLOP *** [Kd 5s 8c]
*** TURN *** [Kd 5s 8c][Js]
*** RIVER *** [Kd 5s 8c Js][9h]
*** SHOW DOWN ***
Perruche 77 shows [Ad Qc] (High card : Ace)
HC_Specimen4 shows [6d 3s] (High card : King)
MathisKcr shows [9c Ks] (Two pairs : Kings and 9)
MathisKcr collected 4520 from pot
*** SUMMARY ***
Total pot 4520 | No rake
Board: [Kd 5s 8c Js 9h]
Seat 3: Perruche 77 (button) showed [Ad Qc] and lost with High card : Ace
Seat 4: HC_Specimen4 (small blind) showed [6d 3s] and lost with High card : King
Seat 6: MathisKcr showed [9c Ks] and won 4520 with Two pairs : Kings and 9


Winamax Poker - Tournament "Starting Block WiPT" buyIn: 0€ + 0€ level: 3 - HandId: #4328818274016952321-4-1761137400 - Holdem no limit (20/40) - 2025/10/22 12:50:00 UTC
Table: 'Starting Block WiPT(1007881545)#0' 6-max (real money) Seat #4 is the button
Seat 1: -Korsiko69 (1480)
Seat 2: DD Senior (1360)
Seat 4: HC_Specimen4 (297)
Seat 5: Baloo_G (1343)
Seat 6: MathisKcr (4520)
*** ANTE/BLINDS ***
Baloo_G posts small blind 20
MathisKcr posts big blind 40
Dealt to MathisKcr [2s 2c]
*** PRE-FLOP *** 
-Korsiko69 folds
DD Senior calls 40
HC_Specimen4 raises 40 to 80
Baloo_G folds
MathisKcr raises 40 to 120
DD Senior calls 80
HC_Specimen4 raises 40 to 160
MathisKcr calls 40
DD Senior calls 40
*** FLOP *** [7c Kd 4s]
MathisKcr checks
DD Senior checks
HC_Specimen4 bets 137 and is all-in
MathisKcr calls 137
DD Senior folds
*** TURN *** [7c Kd 4s][9s]
*** RIVER *** [7c Kd 4s 9s][Ah]
*** SHOW DOWN ***
MathisKcr shows [2s 2c] (One pair : 2)
HC_Specimen4 shows [7d Th] (One pair : 7)
HC_Specimen4 collected 774 from pot
*** SUMMARY ***
Total pot 774 | No rake
Board: [7c Kd 4s 9s Ah]
Seat 4: HC_Specimen4 (button) showed [7d Th] and won 774 with One pair : 7
Seat 6: MathisKcr (big blind) showed [2s 2c] and lost with One pair : 2


Winamax Poker - Tournament "Starting Block WiPT" buyIn: 0€ + 0€ level: 3 - HandId: #4328818274016952321-5-1761137435 - Holdem no limit (20/40) - 2025/10/22 12:50:35 UTC
Table: 'Starting Block WiPT(1007881545)#0' 6-max (real money) Seat #5 is the button
Seat 1: -Korsiko69 (1480)
Seat 2: DD Senior (1200)
Seat 4: HC_Specimen4 (774)
Seat 5: Baloo_G (1323)
Seat 6: MathisKcr (4223)
*** ANTE/BLINDS ***
MathisKcr posts small blind 20
-Korsiko69 posts big blind 40
Dealt to MathisKcr [5c 4c]
*** PRE-FLOP *** 
DD Senior folds
HC_Specimen4 calls 40
Baloo_G folds
MathisKcr calls 20
-Korsiko69 checks
*** FLOP *** [9c 5h Th]
MathisKcr bets 80
-Korsiko69 folds
HC_Specimen4 calls 80
*** TURN *** [9c 5h Th][4d]
MathisKcr bets 160
HC_Specimen4 calls 160
*** RIVER *** [9c 5h Th 4d][3s]
MathisKcr checks
HC_Specimen4 bets 494 and is all-in
MathisKcr calls 494
*** SHOW DOWN ***
HC_Specimen4 shows [Js 3c] (One pair : 3)
MathisKcr shows [5c 4c] (Two pairs : 5 and 4)
MathisKcr collected 1588 from pot
*** SUMMARY ***
Total pot 1588 | No rake
Board: [9c 5h Th 4d 3s]
Seat 4: HC_Specimen4 showed [Js 3c] and lost with One pair : 3
Seat 6: MathisKcr (small blind) showed [5c 4c] and won 1588 with Two pairs : 5 and 4


Winamax Poker - Tournament "Starting Block WiPT" buyIn: 0€ + 0€ level: 4 - HandId: #4328818274016952321-6-1761137497 - Holdem no limit (30/60) - 2025/10/22 12:51:37 UTC
Table: 'Starting Block WiPT(1007881545)#0' 6-max (real money) Seat #6 is the button
Seat 1: -Korsiko69 (1440)
Seat 2: DD Senior (1200)
Seat 5: Baloo_G (1323)
Seat 6: MathisKcr (5037)
*** ANTE/BLINDS ***
-Korsiko69 posts small blind 30
DD Senior posts big blind 60
Dealt to MathisKcr [Tc Ks]
*** PRE-FLOP *** 
Baloo_G folds
MathisKcr raises 120 to 180
-Korsiko69 folds
DD Senior folds
MathisKcr collected 270 from pot
*** SUMMARY ***
Total pot 270 | No rake
Seat 6: MathisKcr (button) won 270


Winamax Poker - Tournament "Starting Block WiPT" buyIn: 0€ + 0€ level: 4 - HandId: #4328818274016952321-7-1761137519 - Holdem no limit (30/60) - 2025/10/22 12:51:59 UTC
Table: 'Starting Block WiPT(1007881545)#0' 6-max (real money) Seat #1 is the button
Seat 1: -Korsiko69 (1410)
Seat 2: DD Senior (1140)
Seat 5: Baloo_G (1323)
Seat 6: MathisKcr (5127)
*** ANTE/BLINDS ***
DD Senior posts small blind 30
Baloo_G posts big blind 60
Dealt to MathisKcr [Kh 9h]
*** PRE-FLOP *** 
MathisKcr raises 60 to 120
-Korsiko69 folds
DD Senior folds
Baloo_G calls 60
*** FLOP *** [6s 6c 5s]
Baloo_G checks
MathisKcr checks
*** TURN *** [6s 6c 5s][4s]
Baloo_G checks
MathisKcr bets 120
Baloo_G folds
MathisKcr collected 390 from pot
*** SUMMARY ***
Total pot 390 | No rake
Board: [6s 6c 5s 4s]
Seat 6: MathisKcr won 390


Winamax Poker - Tournament "Starting Block WiPT" buyIn: 0€ + 0€ level: 4 - HandId: #4328818274016952321-8-1761137541 - Holdem no limit (30/60) - 2025/10/22 12:52:21 UTC
Table: 'Starting Block WiPT(1007881545)#0' 6-max (real money) Seat #2 is the button
Seat 1: -Korsiko69 (1410)
Seat 2: DD Senior (1110)
Seat 5: Baloo_G (1203)
Seat 6: MathisKcr (5277)
*** ANTE/BLINDS ***
Baloo_G posts small blind 30
MathisKcr posts big blind 60
Dealt to MathisKcr [Jc 6s]
*** PRE-FLOP *** 
-Korsiko69 folds
DD Senior folds
Baloo_G folds
MathisKcr collected 90 from pot
*** SUMMARY ***
Total pot 90 | No rake
Seat 6: MathisKcr (big blind) won 90


Winamax Poker - Tournament "Starting Block WiPT" buyIn: 0€ + 0€ level: 4 - HandId: #4328818274016952321-9-1761137549 - Holdem no limit (30/60) - 2025/10/22 12:52:29 UTC
Table: 'Starting Block WiPT(1007881545)#0' 6-max (real money) Seat #5 is the button
Seat 1: -Korsiko69 (1410)
Seat 2: DD Senior (1110)
Seat 5: Baloo_G (1173)
Seat 6: MathisKcr (5307)
*** ANTE/BLINDS ***
MathisKcr posts small blind 30
-Korsiko69 posts big blind 60
Dealt to MathisKcr [8d Jc]
*** PRE-FLOP *** 
DD Senior calls 60
Baloo_G raises 60 to 120
MathisKcr calls 90
-Korsiko69 folds
DD Senior calls 60
*** FLOP *** [Ad 8c 3d]
MathisKcr bets 120
DD Senior calls 120
Baloo_G raises 933 to 1053 and is all-in
MathisKcr calls 933
DD Senior calls 870 and is all-in
*** TURN *** [Ad 8c 3d][Th]
*** RIVER *** [Ad 8c 3d Th][6s]
*** SHOW DOWN ***
DD Senior shows [Td 7d] (One pair : Tens)
MathisKcr shows [8d Jc] (One pair : 8)
Baloo_G shows [Ah 3c] (Two pairs : Aces and 3)
Baloo_G collected 3516 from pot
*** SUMMARY ***
Total pot 3516 | No rake
Board: [Ad 8c 3d Th 6s]
Seat 2: DD Senior showed [Td 7d] and lost with One pair : Tens
Seat 5: Baloo_G (button) showed [Ah 3c] and won 3516 with Two pairs : Aces and 3
Seat 6: MathisKcr (small blind) showed [8d Jc] and lost with One pair : 8


Winamax Poker - Tournament "Starting Block WiPT" buyIn: 0€ + 0€ level: 5 - HandId: #4328818274016952321-10-1761137609 - Holdem no limit (40/80) - 2025/10/22 12:53:29 UTC
Table: 'Starting Block WiPT(1007881545)#0' 6-max (real money) Seat #6 is the button
Seat 1: -Korsiko69 (1350)
Seat 5: Baloo_G (3516)
Seat 6: MathisKcr (4134)
*** ANTE/BLINDS ***
-Korsiko69 posts small blind 40
Baloo_G posts big blind 80
Dealt to MathisKcr [Ac Qs]
*** PRE-FLOP *** 
MathisKcr raises 160 to 240
-Korsiko69 folds
Baloo_G folds
MathisKcr collected 360 from pot
*** SUMMARY ***
Total pot 360 | No rake
Seat 6: MathisKcr (button) won 360


Winamax Poker - Tournament "Starting Block WiPT" buyIn: 0€ + 0€ level: 5 - HandId: #4328818274016952321-11-1761137623 - Holdem no limit (40/80) - 2025/10/22 12:53:43 UTC
Table: 'Starting Block WiPT(1007881545)#0' 6-max (real money) Seat #1 is the button
Seat 1: -Korsiko69 (1310)
Seat 5: Baloo_G (3436)
Seat 6: MathisKcr (4254)
*** ANTE/BLINDS ***
Baloo_G posts small blind 40
MathisKcr posts big blind 80
Dealt to MathisKcr [6s 2c]
*** PRE-FLOP *** 
-Korsiko69 folds
Baloo_G folds
MathisKcr collected 120 from pot
*** SUMMARY ***
Total pot 120 | No rake
Seat 6: MathisKcr (big blind) won 120


Winamax Poker - Tournament "Starting Block WiPT" buyIn: 0€ + 0€ level: 5 - HandId: #4328818274016952321-12-1761137632 - Holdem no limit (40/80) - 2025/10/22 12:53:52 UTC
Table: 'Starting Block WiPT(1007881545)#0' 6-max (real money) Seat #5 is the button
Seat 1: -Korsiko69 (1310)
Seat 5: Baloo_G (3396)
Seat 6: MathisKcr (4294)
*** ANTE/BLINDS ***
MathisKcr posts small blind 40
-Korsiko69 posts big blind 80
Dealt to MathisKcr [Jd 9s]
*** PRE-FLOP *** 
Baloo_G raises 80 to 160
MathisKcr calls 120
-Korsiko69 folds
*** FLOP *** [Kh Kd Ks]
MathisKcr bets 320
Baloo_G raises 2916 to 3236 and is all-in
MathisKcr folds
Baloo_G collected 3956 from pot
*** SUMMARY ***
Total pot 3956 | No rake
Board: [Kh Kd Ks]
Seat 5: Baloo_G (button) won 3956


Winamax Poker - Tournament "Starting Block WiPT" buyIn: 0€ + 0€ level: 5 - HandId: #4328818274016952321-13-1761137659 - Holdem no limit (40/80) - 2025/10/22 12:54:19 UTC
Table: 'Starting Block WiPT(1007881545)#0' 6-max (real money) Seat #6 is the button
Seat 1: -Korsiko69 (1230)
Seat 5: Baloo_G (3956)
Seat 6: MathisKcr (3814)
*** ANTE/BLINDS ***
-Korsiko69 posts small blind 40
Baloo_G posts big blind 80
Dealt to MathisKcr [Qd As]
*** PRE-FLOP *** 
MathisKcr calls 80
-Korsiko69 folds
Baloo_G checks
*** FLOP *** [Kc 9d 3c]
Baloo_G checks
MathisKcr checks
*** TURN *** [Kc 9d 3c][5h]
Baloo_G checks
MathisKcr bets 160
Baloo_G calls 160
*** RIVER *** [Kc 9d 3c 5h][Jd]
Baloo_G checks
MathisKcr bets 320
Baloo_G folds
MathisKcr collected 840 from pot
*** SUMMARY ***
Total pot 840 | No rake
Board: [Kc 9d 3c 5h Jd]
Seat 6: MathisKcr (button) won 840


Winamax Poker - Tournament "Starting Block WiPT" buyIn: 0€ + 0€ level: 6 - HandId: #4328818274016952321-14-1761137706 - Holdem no limit (60/120) - 2025/10/22 12:55:06 UTC
Table: 'Starting Block WiPT(1007881545)#0' 6-max (real money) Seat #1 is the button
Seat 1: -Korsiko69 (1190)
Seat 5: Baloo_G (3716)
Seat 6: MathisKcr (4094)
*** ANTE/BLINDS ***
Baloo_G posts small blind 60
MathisKcr posts big blind 120
Dealt to MathisKcr [Ks 9h]
*** PRE-FLOP *** 
-Korsiko69 raises 1070 to 1190 and is all-in
Baloo_G folds
MathisKcr calls 1070
*** FLOP *** [Jc 9s 3c]
*** TURN *** [Jc 9s 3c][As]
*** RIVER *** [Jc 9s 3c As][Kh]
*** SHOW DOWN ***
MathisKcr shows [Ks 9h] (Two pairs : Kings and 9)
-Korsiko69 shows [Ac Jh] (Two pairs : Aces and Jacks)
-Korsiko69 collected 2440 from pot
*** SUMMARY ***
Total pot 2440 | No rake
Board: [Jc 9s 3c As Kh]
Seat 1: -Korsiko69 (button) showed [Ac Jh] and won 2440 with Two pairs : Aces and Jacks
Seat 6: MathisKcr (big blind) showed [Ks 9h] and lost with Two pairs : Kings and 9


Winamax Poker - Tournament "Starting Block WiPT" buyIn: 0€ + 0€ level: 6 - HandId: #4328818274016952321-15-1761137723 - Holdem no limit (60/120) - 2025/10/22 12:55:23 UTC
Table: 'Starting Block WiPT(1007881545)#0' 6-max (real money) Seat #5 is the button
Seat 1: -Korsiko69 (2440)
Seat 5: Baloo_G (3656)
Seat 6: MathisKcr (2904)
*** ANTE/BLINDS ***
MathisKcr posts small blind 60
-Korsiko69 posts big blind 120
Dealt to MathisKcr [7c 5d]
*** PRE-FLOP *** 
Baloo_G raises 120 to 240
MathisKcr folds
-Korsiko69 folds
Baloo_G collected 420 from pot
*** SUMMARY ***
Total pot 420 | No rake
Seat 5: Baloo_G (button) won 420


Winamax Poker - Tournament "Starting Block WiPT" buyIn: 0€ + 0€ level: 6 - HandId: #4328818274016952321-16-1761137737 - Holdem no limit (60/120) - 2025/10/22 12:55:37 UTC
Table: 'Starting Block WiPT(1007881545)#0' 6-max (real money) Seat #6 is the button
Seat 1: -Korsiko69 (2320)
Seat 5: Baloo_G (3836)
Seat 6: MathisKcr (2844)
*** ANTE/BLINDS ***
-Korsiko69 posts small blind 60
Baloo_G posts big blind 120
Dealt to MathisKcr [8h 4c]
*** PRE-FLOP *** 
MathisKcr folds
-Korsiko69 folds
Baloo_G collected 180 from pot
*** SUMMARY ***
Total pot 180 | No rake
Seat 5: Baloo_G (big blind) won 180


Winamax Poker - Tournament "Starting Block WiPT" buyIn: 0€ + 0€ level: 6 - HandId: #4328818274016952321-17-1761137747 - Holdem no limit (60/120) - 2025/10/22 12:55:47 UTC
Table: 'Starting Block WiPT(1007881545)#0' 6-max (real money) Seat #1 is the button
Seat 1: -Korsiko69 (2260)
Seat 5: Baloo_G (3896)
Seat 6: MathisKcr (2844)
*** ANTE/BLINDS ***
Baloo_G posts small blind 60
MathisKcr posts big blind 120
Dealt to MathisKcr [3s Jh]
*** PRE-FLOP *** 
-Korsiko69 raises 120 to 240
Baloo_G folds
MathisKcr calls 120
*** FLOP *** [7d 8h 2s]
MathisKcr checks
-Korsiko69 checks
*** TURN *** [7d 8h 2s][8d]
MathisKcr bets 240
-Korsiko69 calls 240
*** RIVER *** [7d 8h 2s 8d][6h]
MathisKcr checks
-Korsiko69 checks
*** SHOW DOWN ***
MathisKcr shows [3s Jh] (One pair : 8)
-Korsiko69 shows [7s As] (Two pairs : 8 and 7)
-Korsiko69 collected 1020 from pot
*** SUMMARY ***
Total pot 1020 | No rake
Board: [7d 8h 2s 8d 6h]
Seat 1: -Korsiko69 (button) showed [7s As] and won 1020 with Two pairs : 8 and 7
Seat 6: MathisKcr (big blind) showed [3s Jh] and lost with One pair : 8


Winamax Poker - Tournament "Starting Block WiPT" buyIn: 0€ + 0€ level: 7 - HandId: #4328818274016952321-18-1761137803 - Holdem no limit (10/60/120) - 2025/10/22 12:56:43 UTC
Table: 'Starting Block WiPT(1007881545)#0' 6-max (real money) Seat #5 is the button
Seat 1: -Korsiko69 (2800)
Seat 5: Baloo_G (3836)
Seat 6: MathisKcr (2364)
*** ANTE/BLINDS ***
MathisKcr posts ante 10
-Korsiko69 posts ante 10
Baloo_G posts ante 10
MathisKcr posts small blind 60
-Korsiko69 posts big blind 120
Dealt to MathisKcr [2c 7c]
*** PRE-FLOP *** 
Baloo_G folds
MathisKcr folds
-Korsiko69 collected 210 from pot
*** SUMMARY ***
Total pot 210 | No rake
Seat 1: -Korsiko69 (big blind) won 210


Winamax Poker - Tournament "Starting Block WiPT" buyIn: 0€ + 0€ level: 7 - HandId: #4328818274016952321-19-1761137817 - Holdem no limit (10/60/120) - 2025/10/22 12:56:57 UTC
Table: 'Starting Block WiPT(1007881545)#0' 6-max (real money) Seat #6 is the button
Seat 1: -Korsiko69 (2880)
Seat 5: Baloo_G (3826)
Seat 6: MathisKcr (2294)
*** ANTE/BLINDS ***
-Korsiko69 posts ante 10
Baloo_G posts ante 10
MathisKcr posts ante 10
-Korsiko69 posts small blind 60
Baloo_G posts big blind 120
Dealt to MathisKcr [As 6d]
*** PRE-FLOP *** 
MathisKcr raises 120 to 240
-Korsiko69 raises 1018 to 1258
Baloo_G folds
MathisKcr raises 1026 to 2284 and is all-in
-Korsiko69 calls 1026
*** FLOP *** [2h 4h 3c]
*** TURN *** [2h 4h 3c][Qh]
*** RIVER *** [2h 4h 3c Qh][Jh]
*** SHOW DOWN ***
MathisKcr shows [As 6d] (High card : Ace)
-Korsiko69 shows [9d 9c] (One pair : 9)
-Korsiko69 collected 4718 from pot
*** SUMMARY ***
Total pot 4718 | No rake
Board: [2h 4h 3c Qh Jh]
Seat 1: -Korsiko69 (small blind) showed [9d 9c] and won 4718 with One pair : 9
Seat 6: MathisKcr (button) showed [As 6d] and lost with High card : Ace


