Winamax Poker - Tournament "Starting Block WiPT" buyIn: 0€ + 0€ level: 1 - HandId: #4447596036969463809-1-1766415702 - Holdem no limit (10/20) - 2025/12/22 15:01:42 UTC
Table: 'Starting Block WiPT(1035536648)#0' 6-max (real money) Seat #3 is the button
Seat 1: Lecanard381 (1500)
Seat 2: MMPichichi69 (1500)
Seat 3: TYRONDU66680 (1500)
Seat 4: Bebert02 (1500)
Seat 5: MathisKcr (1500)
Seat 6: Lucky-38740 (1500)
*** ANTE/BLINDS ***
Bebert02 posts small blind 10
MathisKcr posts big blind 20
Dealt to MathisKcr [8c Kd]
*** PRE-FLOP *** 
Lucky-38740 calls 20
Lecanard381 folds
MMPichichi69 raises 1480 to 1500 and is all-in
TYRONDU66680 folds
Bebert02 folds
MathisKcr folds
Lucky-38740 folds
MMPichichi69 collected 1550 from pot
*** SUMMARY ***
Total pot 1550 | No rake
Seat 2: MMPichichi69 won 1550


Winamax Poker - Tournament "Starting Block WiPT" buyIn: 0€ + 0€ level: 1 - HandId: #4447596036969463809-2-1766415722 - Holdem no limit (10/20) - 2025/12/22 15:02:02 UTC
Table: 'Starting Block WiPT(1035536648)#0' 6-max (real money) Seat #4 is the button
Seat 1: Lecanard381 (1500)
Seat 2: MMPichichi69 (1550)
Seat 3: TYRONDU66680 (1500)
Seat 4: Bebert02 (1490)
Seat 5: MathisKcr (1480)
Seat 6: Lucky-38740 (1480)
*** ANTE/BLINDS ***
MathisKcr posts small blind 10
Lucky-38740 posts big blind 20
Dealt to MathisKcr [Kd 3s]
*** PRE-FLOP *** 
Lecanard381 folds
MMPichichi69 raises 1530 to 1550 and is all-in
TYRONDU66680 calls 1500 and is all-in
Bebert02 folds
MathisKcr folds
Lucky-38740 folds
*** FLOP *** [Th Kc 4s]
*** TURN *** [Th Kc 4s][3c]
*** RIVER *** [Th Kc 4s 3c][As]
*** SHOW DOWN ***
MMPichichi69 shows [2c 2d] (One pair : 2)
TYRONDU66680 shows [Ad 3d] (Two pairs : Aces and 3)
TYRONDU66680 collected 3030 from main pot
MMPichichi69 collected 50 from side pot 1
*** SUMMARY ***
Total pot 3080 | No rake
Board: [Th Kc 4s 3c As]
Seat 2: MMPichichi69 showed [2c 2d] and won 50 with One pair : 2
Seat 3: TYRONDU66680 showed [Ad 3d] and won 3030 with Two pairs : Aces and 3


Winamax Poker - Tournament "Starting Block WiPT" buyIn: 0€ + 0€ level: 1 - HandId: #4447596036969463809-3-1766415757 - Holdem no limit (10/20) - 2025/12/22 15:02:37 UTC
Table: 'Starting Block WiPT(1035536648)#0' 6-max (real money) Seat #5 is the button
Seat 1: Lecanard381 (1500)
Seat 2: MMPichichi69 (50)
Seat 3: TYRONDU66680 (3030)
Seat 4: Bebert02 (1490)
Seat 5: MathisKcr (1470)
Seat 6: Lucky-38740 (1460)
*** ANTE/BLINDS ***
Lucky-38740 posts small blind 10
Lecanard381 posts big blind 20
Dealt to MathisKcr [Jc 7d]
*** PRE-FLOP *** 
MMPichichi69 raises 30 to 50 and is all-in
TYRONDU66680 calls 50
Bebert02 folds
MathisKcr calls 50
Lucky-38740 folds
Lecanard381 calls 30
*** FLOP *** [Th 3h 6s]
Lecanard381 bets 74
TYRONDU66680 raises 74 to 148
MathisKcr folds
Lecanard381 calls 74
*** TURN *** [Th 3h 6s][4d]
Lecanard381 checks
TYRONDU66680 bets 177
Lecanard381 calls 177
*** RIVER *** [Th 3h 6s 4d][2c]
Lecanard381 checks
TYRONDU66680 bets 2655 and is all-in
Lecanard381 folds
*** SHOW DOWN ***
MMPichichi69 shows [6d 9s] (One pair : 6)
TYRONDU66680 shows [Ts Td] (Trips of Tens)
TYRONDU66680 collected 3515 from pot
*** SUMMARY ***
Total pot 3515 | No rake
Board: [Th 3h 6s 4d 2c]
Seat 2: MMPichichi69 showed [6d 9s] and lost with One pair : 6
Seat 3: TYRONDU66680 showed [Ts Td] and won 3515 with Trips of Tens


Winamax Poker - Tournament "Starting Block WiPT" buyIn: 0€ + 0€ level: 2 - HandId: #4447596036969463809-4-1766415820 - Holdem no limit (15/30) - 2025/12/22 15:03:40 UTC
Table: 'Starting Block WiPT(1035536648)#0' 6-max (real money) Seat #6 is the button
Seat 1: Lecanard381 (1125)
Seat 3: TYRONDU66680 (3515)
Seat 4: Bebert02 (1490)
Seat 5: MathisKcr (1420)
Seat 6: Lucky-38740 (1450)
*** ANTE/BLINDS ***
Lecanard381 posts small blind 15
TYRONDU66680 posts big blind 30
Dealt to MathisKcr [3d 4s]
*** PRE-FLOP *** 
Bebert02 folds
MathisKcr folds
Lucky-38740 calls 30
Lecanard381 folds
TYRONDU66680 checks
*** FLOP *** [9d Ks 3s]
TYRONDU66680 checks
Lucky-38740 checks
*** TURN *** [9d Ks 3s][8c]
TYRONDU66680 checks
Lucky-38740 checks
*** RIVER *** [9d Ks 3s 8c][9s]
TYRONDU66680 bets 30
Lucky-38740 calls 30
*** SHOW DOWN ***
Lucky-38740 shows [4c Qd] (One pair : 9)
TYRONDU66680 shows [Jd 3h] (Two pairs : 9 and 3)
TYRONDU66680 collected 135 from pot
*** SUMMARY ***
Total pot 135 | No rake
Board: [9d Ks 3s 8c 9s]
Seat 3: TYRONDU66680 (big blind) showed [Jd 3h] and won 135 with Two pairs : 9 and 3
Seat 6: Lucky-38740 (button) showed [4c Qd] and lost with One pair : 9


Winamax Poker - Tournament "Starting Block WiPT" buyIn: 0€ + 0€ level: 2 - HandId: #4447596036969463809-5-1766415862 - Holdem no limit (15/30) - 2025/12/22 15:04:22 UTC
Table: 'Starting Block WiPT(1035536648)#0' 6-max (real money) Seat #1 is the button
Seat 1: Lecanard381 (1110)
Seat 3: TYRONDU66680 (3590)
Seat 4: Bebert02 (1490)
Seat 5: MathisKcr (1420)
Seat 6: Lucky-38740 (1390)
*** ANTE/BLINDS ***
TYRONDU66680 posts small blind 15
Bebert02 posts big blind 30
Dealt to MathisKcr [7c Td]
*** PRE-FLOP *** 
MathisKcr folds
Lucky-38740 calls 30
Lecanard381 raises 45 to 75
TYRONDU66680 calls 60
Bebert02 calls 45
Lucky-38740 calls 45
*** FLOP *** [9h 6c Th]
TYRONDU66680 checks
Bebert02 checks
Lucky-38740 checks
Lecanard381 bets 300
TYRONDU66680 folds
Bebert02 calls 300
Lucky-38740 calls 300
*** TURN *** [9h 6c Th][8d]
Bebert02 checks
Lucky-38740 checks
Lecanard381 bets 735 and is all-in
Bebert02 calls 735
Lucky-38740 folds
*** RIVER *** [9h 6c Th 8d][9c]
*** SHOW DOWN ***
Lecanard381 shows [3s 2c] (One pair : 9)
Bebert02 shows [Ac Ts] (Two pairs : Tens and 9)
Bebert02 collected 2670 from pot
*** SUMMARY ***
Total pot 2670 | No rake
Board: [9h 6c Th 8d 9c]
Seat 1: Lecanard381 (button) showed [3s 2c] and lost with One pair : 9
Seat 4: Bebert02 (big blind) showed [Ac Ts] and won 2670 with Two pairs : Tens and 9


Winamax Poker - Tournament "Starting Block WiPT" buyIn: 0€ + 0€ level: 3 - HandId: #4447596036969463809-6-1766415969 - Holdem no limit (20/40) - 2025/12/22 15:06:09 UTC
Table: 'Starting Block WiPT(1035536648)#0' 6-max (real money) Seat #3 is the button
Seat 3: TYRONDU66680 (3515)
Seat 4: Bebert02 (3050)
Seat 5: MathisKcr (1420)
Seat 6: Lucky-38740 (1015)
*** ANTE/BLINDS ***
Bebert02 posts small blind 20
MathisKcr posts big blind 40
Dealt to MathisKcr [2c Ah]
*** PRE-FLOP *** 
Lucky-38740 calls 40
TYRONDU66680 raises 40 to 80
Bebert02 folds
MathisKcr raises 1340 to 1420 and is all-in
Lucky-38740 calls 975 and is all-in
TYRONDU66680 calls 1340
*** FLOP *** [Qc Th Ks]
*** TURN *** [Qc Th Ks][8d]
*** RIVER *** [Qc Th Ks 8d][7s]
*** SHOW DOWN ***
MathisKcr shows [2c Ah] (High card : Ace)
Lucky-38740 shows [4s As] (High card : Ace)
TYRONDU66680 shows [7h Kh] (Two pairs : Kings and 7)
TYRONDU66680 collected 3875 from pot
*** SUMMARY ***
Total pot 3875 | No rake
Board: [Qc Th Ks 8d 7s]
Seat 3: TYRONDU66680 (button) showed [7h Kh] and won 3875 with Two pairs : Kings and 7
Seat 5: MathisKcr (big blind) showed [2c Ah] and lost with High card : Ace
Seat 6: Lucky-38740 showed [4s As] and lost with High card : Ace


