Winamax Poker - Tournament "Expresso" buyIn: 0.46€ + 0.04€ level: 1 - HandId: #4216629093975719937-1-1756298880 - Holdem no limit (10/20) - 2025/08/27 12:48:00 UTC
Table: 'Expresso(981760466)#0' 3-max (real money) Seat #2 is the button
Seat 1: MathisKcr (500)
Seat 2: Apodo10 (500)
Seat 3: Jaguero (500)
*** ANTE/BLINDS ***
Jaguero posts small blind 10
MathisKcr posts big blind 20
Dealt to MathisKcr [9s 5h]
*** PRE-FLOP *** 
Apodo10 folds
Jaguero calls 10
MathisKcr checks
*** FLOP *** [Jd 2d 5c]
Jaguero checks
MathisKcr bets 40
Jaguero folds
MathisKcr collected 80 from pot
*** SUMMARY ***
Total pot 80 | No rake
Board: [Jd 2d 5c]
Seat 1: MathisKcr (big blind) won 80


Winamax Poker - Tournament "Expresso" buyIn: 0.46€ + 0.04€ level: 1 - HandId: #4216629093975719937-2-1756298903 - Holdem no limit (10/20) - 2025/08/27 12:48:23 UTC
Table: 'Expresso(981760466)#0' 3-max (real money) Seat #3 is the button
Seat 1: MathisKcr (520)
Seat 2: Apodo10 (500)
Seat 3: Jaguero (480)
*** ANTE/BLINDS ***
MathisKcr posts small blind 10
Apodo10 posts big blind 20
Dealt to MathisKcr [5d 3h]
*** PRE-FLOP *** 
Jaguero raises 50 to 70
MathisKcr folds
Apodo10 raises 88 to 158
Jaguero calls 88
*** FLOP *** [2d Jd 6s]
Apodo10 checks
Jaguero checks
*** TURN *** [2d Jd 6s][7d]
Apodo10 checks
Jaguero bets 322 and is all-in
Apodo10 raises 20 to 342 and is all-in
*** RIVER *** [2d Jd 6s 7d][6d]
*** SHOW DOWN ***
Jaguero shows [Tc 8c] (One pair : 6)
Apodo10 shows [Kc Kh] (Two pairs : Kings and 6)
Apodo10 collected 990 from pot
*** SUMMARY ***
Total pot 990 | No rake
Board: [2d Jd 6s 7d 6d]
Seat 2: Apodo10 (big blind) showed [Kc Kh] and won 990 with Two pairs : Kings and 6
Seat 3: Jaguero (button) showed [Tc 8c] and lost with One pair : 6


Winamax Poker - Tournament "Expresso" buyIn: 0.46€ + 0.04€ level: 1 - HandId: #4216629093975719937-3-1756298941 - Holdem no limit (10/20) - 2025/08/27 12:49:01 UTC
Table: 'Expresso(981760466)#0' 3-max (real money) Seat #2 is the button
Seat 1: MathisKcr (510)
Seat 2: Apodo10 (990)
*** ANTE/BLINDS ***
Apodo10 posts small blind 10
MathisKcr posts big blind 20
Dealt to MathisKcr [Js Ad]
*** PRE-FLOP *** 
Apodo10 folds
MathisKcr collected 30 from pot
*** SUMMARY ***
Total pot 30 | No rake
Seat 1: MathisKcr (big blind) won 30


Winamax Poker - Tournament "Expresso" buyIn: 0.46€ + 0.04€ level: 1 - HandId: #4216629093975719937-4-1756298946 - Holdem no limit (10/20) - 2025/08/27 12:49:06 UTC
Table: 'Expresso(981760466)#0' 3-max (real money) Seat #1 is the button
Seat 1: MathisKcr (520)
Seat 2: Apodo10 (980)
*** ANTE/BLINDS ***
MathisKcr posts small blind 10
Apodo10 posts big blind 20
Dealt to MathisKcr [5d 2d]
*** PRE-FLOP *** 
MathisKcr calls 10
Apodo10 checks
*** FLOP *** [Qc Jc 9h]
Apodo10 checks
MathisKcr bets 500 and is all-in
Apodo10 folds
MathisKcr collected 540 from pot
*** SUMMARY ***
Total pot 540 | No rake
Board: [Qc Jc 9h]
Seat 1: MathisKcr (small blind) (button) won 540


Winamax Poker - Tournament "Expresso" buyIn: 0.46€ + 0.04€ level: 1 - HandId: #4216629093975719937-5-1756298962 - Holdem no limit (10/20) - 2025/08/27 12:49:22 UTC
Table: 'Expresso(981760466)#0' 3-max (real money) Seat #2 is the button
Seat 1: MathisKcr (540)
Seat 2: Apodo10 (960)
*** ANTE/BLINDS ***
Apodo10 posts small blind 10
MathisKcr posts big blind 20
Dealt to MathisKcr [Qs Kd]
*** PRE-FLOP *** 
Apodo10 folds
MathisKcr collected 30 from pot
*** SUMMARY ***
Total pot 30 | No rake
Seat 1: MathisKcr (big blind) won 30


Winamax Poker - Tournament "Expresso" buyIn: 0.46€ + 0.04€ level: 2 - HandId: #4216629093975719937-6-1756298968 - Holdem no limit (15/30) - 2025/08/27 12:49:28 UTC
Table: 'Expresso(981760466)#0' 3-max (real money) Seat #1 is the button
Seat 1: MathisKcr (550)
Seat 2: Apodo10 (950)
*** ANTE/BLINDS ***
MathisKcr posts small blind 15
Apodo10 posts big blind 30
Dealt to MathisKcr [8h Jc]
*** PRE-FLOP *** 
MathisKcr raises 30 to 60
Apodo10 raises 890 to 950 and is all-in
MathisKcr calls 490 and is all-in
*** FLOP *** [Ts 4s 9s]
*** TURN *** [Ts 4s 9s][3h]
*** RIVER *** [Ts 4s 9s 3h][Tc]
*** SHOW DOWN ***
MathisKcr shows [8h Jc] (One pair : Tens)
Apodo10 shows [4c Ac] (Two pairs : Tens and 4)
Apodo10 collected 1500 from pot
*** SUMMARY ***
Total pot 1500 | No rake
Board: [Ts 4s 9s 3h Tc]
Seat 1: MathisKcr (small blind) (button) showed [8h Jc] and lost with One pair : Tens
Seat 2: Apodo10 (big blind) showed [4c Ac] and won 1500 with Two pairs : Tens and 4


