Winamax Poker - Tournament "TRIDENT SPACE KO" buyIn: 4.50€ + 0.50€ level: 1 - HandId: #4235955802562625632-1-1759752930 - Holdem no limit (3/10/20) - 2025/10/06 12:15:30 UTC
Table: 'TRIDENT SPACE KO(986260316)#0095' 3-max (real money) Seat #2 is the button
Seat 1: Blackball8 (500, 2.50€ bounty)
Seat 2: MathisKcr (500, 2.50€ bounty)
Seat 3: vitsmail (500, 2.50€ bounty)
*** ANTE/BLINDS ***
vitsmail posts ante 3
Blackball8 posts ante 3
MathisKcr posts ante 3
vitsmail posts small blind 10
Blackball8 posts big blind 20
Dealt to MathisKcr [9s 8c]
*** PRE-FLOP *** 
MathisKcr calls 20
vitsmail calls 10
Blackball8 checks
*** FLOP *** [Kd Jh Ac]
vitsmail checks
Blackball8 checks
MathisKcr bets 40
vitsmail folds
Blackball8 calls 40
*** TURN *** [Kd Jh Ac][Ad]
Blackball8 checks
MathisKcr checks
*** RIVER *** [Kd Jh Ac Ad][Td]
Blackball8 bets 149
MathisKcr folds
Blackball8 collected 298 from pot
*** SUMMARY ***
Total pot 298 | No rake
Board: [Kd Jh Ac Ad Td]
Seat 1: Blackball8 (big blind) won 298


Winamax Poker - Tournament "TRIDENT SPACE KO" buyIn: 4.50€ + 0.50€ level: 1 - HandId: #4235955802562625632-2-1759752956 - Holdem no limit (3/10/20) - 2025/10/06 12:15:56 UTC
Table: 'TRIDENT SPACE KO(986260316)#0095' 3-max (real money) Seat #3 is the button
Seat 1: Blackball8 (586, 2.50€ bounty)
Seat 2: MathisKcr (437, 2.50€ bounty)
Seat 3: vitsmail (477, 2.50€ bounty)
*** ANTE/BLINDS ***
Blackball8 posts ante 3
MathisKcr posts ante 3
vitsmail posts ante 3
Blackball8 posts small blind 10
MathisKcr posts big blind 20
Dealt to MathisKcr [Ac 7c]
*** PRE-FLOP *** 
vitsmail raises 20 to 40
Blackball8 folds
MathisKcr raises 394 to 434 and is all-in
vitsmail folds
MathisKcr collected 493 from pot
*** SUMMARY ***
Total pot 493 | No rake
Seat 2: MathisKcr (big blind) won 493


Winamax Poker - Tournament "TRIDENT SPACE KO" buyIn: 4.50€ + 0.50€ level: 1 - HandId: #4235955802562625632-3-1759752969 - Holdem no limit (3/10/20) - 2025/10/06 12:16:09 UTC
Table: 'TRIDENT SPACE KO(986260316)#0095' 3-max (real money) Seat #1 is the button
Seat 1: Blackball8 (573, 2.50€ bounty)
Seat 2: MathisKcr (493, 2.50€ bounty)
Seat 3: vitsmail (434, 2.50€ bounty)
*** ANTE/BLINDS ***
MathisKcr posts ante 3
vitsmail posts ante 3
Blackball8 posts ante 3
MathisKcr posts small blind 10
vitsmail posts big blind 20
Dealt to MathisKcr [3d As]
*** PRE-FLOP *** 
Blackball8 calls 20
MathisKcr raises 470 to 490 and is all-in
vitsmail calls 411 and is all-in
Blackball8 folds
*** FLOP *** [8s Kd 7h]
*** TURN *** [8s Kd 7h][Ad]
*** RIVER *** [8s Kd 7h Ad][Ac]
*** SHOW DOWN ***
MathisKcr shows [3d As] (Trips of Aces)
vitsmail shows [3h Ah] (Trips of Aces)
vitsmail collected 446 from main pot
MathisKcr collected 504 from side pot 1
*** SUMMARY ***
Total pot 950 | No rake
Board: [8s Kd 7h Ad Ac]
Seat 2: MathisKcr (small blind) showed [3d As] and won 504 with Trips of Aces
Seat 3: vitsmail (big blind) showed [3h Ah] and won 446 with Trips of Aces


Winamax Poker - Tournament "TRIDENT SPACE KO" buyIn: 4.50€ + 0.50€ level: 1 - HandId: #4235955802562625632-4-1759752995 - Holdem no limit (3/10/20) - 2025/10/06 12:16:35 UTC
Table: 'TRIDENT SPACE KO(986260316)#0095' 3-max (real money) Seat #2 is the button
Seat 1: Blackball8 (550, 2.50€ bounty)
Seat 2: MathisKcr (504, 2.50€ bounty)
Seat 3: vitsmail (446, 2.50€ bounty)
*** ANTE/BLINDS ***
vitsmail posts ante 3
Blackball8 posts ante 3
MathisKcr posts ante 3
vitsmail posts small blind 10
Blackball8 posts big blind 20
Dealt to MathisKcr [Kc 3d]
*** PRE-FLOP *** 
MathisKcr calls 20
vitsmail raises 423 to 443 and is all-in
Blackball8 folds
MathisKcr folds
vitsmail collected 492 from pot
*** SUMMARY ***
Total pot 492 | No rake
Seat 3: vitsmail (small blind) won 492


Winamax Poker - Tournament "TRIDENT SPACE KO" buyIn: 4.50€ + 0.50€ level: 1 - HandId: #4235955802562625632-5-1759753023 - Holdem no limit (3/10/20) - 2025/10/06 12:17:03 UTC
Table: 'TRIDENT SPACE KO(986260316)#0095' 3-max (real money) Seat #3 is the button
Seat 1: Blackball8 (527, 2.50€ bounty)
Seat 2: MathisKcr (481, 2.50€ bounty)
Seat 3: vitsmail (492, 2.50€ bounty)
*** ANTE/BLINDS ***
Blackball8 posts ante 3
MathisKcr posts ante 3
vitsmail posts ante 3
Blackball8 posts small blind 10
MathisKcr posts big blind 20
Dealt to MathisKcr [2c 9s]
*** PRE-FLOP *** 
vitsmail raises 20 to 40
Blackball8 folds
MathisKcr calls 20
*** FLOP *** [3c 4s Tc]
MathisKcr bets 60
vitsmail folds
MathisKcr collected 159 from pot
*** SUMMARY ***
Total pot 159 | No rake
Board: [3c 4s Tc]
Seat 2: MathisKcr (big blind) won 159


Winamax Poker - Tournament "TRIDENT SPACE KO" buyIn: 4.50€ + 0.50€ level: 1 - HandId: #4235955802562625632-6-1759753042 - Holdem no limit (3/10/20) - 2025/10/06 12:17:22 UTC
Table: 'TRIDENT SPACE KO(986260316)#0095' 3-max (real money) Seat #1 is the button
Seat 1: Blackball8 (514, 2.50€ bounty)
Seat 2: MathisKcr (537, 2.50€ bounty)
Seat 3: vitsmail (449, 2.50€ bounty)
*** ANTE/BLINDS ***
MathisKcr posts ante 3
vitsmail posts ante 3
Blackball8 posts ante 3
MathisKcr posts small blind 10
vitsmail posts big blind 20
Dealt to MathisKcr [Ks 4s]
*** PRE-FLOP *** 
Blackball8 calls 20
MathisKcr calls 10
vitsmail checks
*** FLOP *** [Qh 8s 2d]
MathisKcr checks
vitsmail checks
Blackball8 bets 52
MathisKcr folds
vitsmail folds
Blackball8 collected 121 from pot
*** SUMMARY ***
Total pot 121 | No rake
Board: [Qh 8s 2d]
Seat 1: Blackball8 (button) won 121


Winamax Poker - Tournament "TRIDENT SPACE KO" buyIn: 4.50€ + 0.50€ level: 1 - HandId: #4235955802562625632-7-1759753066 - Holdem no limit (3/10/20) - 2025/10/06 12:17:46 UTC
Table: 'TRIDENT SPACE KO(986260316)#0095' 3-max (real money) Seat #2 is the button
Seat 1: Blackball8 (560, 2.50€ bounty)
Seat 2: MathisKcr (514, 2.50€ bounty)
Seat 3: vitsmail (426, 2.50€ bounty)
*** ANTE/BLINDS ***
vitsmail posts ante 3
Blackball8 posts ante 3
MathisKcr posts ante 3
vitsmail posts small blind 10
Blackball8 posts big blind 20
Dealt to MathisKcr [2c Qs]
*** PRE-FLOP *** 
MathisKcr calls 20
vitsmail calls 10
Blackball8 checks
*** FLOP *** [4c 7d Ad]
vitsmail bets 30
Blackball8 calls 30
MathisKcr folds
*** TURN *** [4c 7d Ad][2s]
vitsmail checks
Blackball8 checks
*** RIVER *** [4c 7d Ad 2s][4d]
vitsmail bets 373 and is all-in
Blackball8 raises 134 to 507 and is all-in
*** SHOW DOWN ***
vitsmail shows [8d 3d] (Flush Ace high)
Blackball8 shows [Qd Jd] (Flush Ace high)
Blackball8 collected 1009 from pot
*** SUMMARY ***
Total pot 1009 | No rake
Board: [4c 7d Ad 2s 4d]
Seat 1: Blackball8 (big blind) showed [Qd Jd] and won 1009 with Flush Ace high
Seat 3: vitsmail (small blind) showed [8d 3d] and lost with Flush Ace high


Winamax Poker - Tournament "TRIDENT SPACE KO" buyIn: 4.50€ + 0.50€ level: 1 - HandId: #4235955802562625632-8-1759753138 - Holdem no limit (3/10/20) - 2025/10/06 12:18:58 UTC
Table: 'TRIDENT SPACE KO(986260316)#0095' 3-max (real money) Seat #1 is the button
Seat 1: Blackball8 (1009, 3€ bounty)
Seat 2: MathisKcr (491, 2.50€ bounty)
*** ANTE/BLINDS ***
Blackball8 posts ante 3
MathisKcr posts ante 3
Blackball8 posts small blind 10
MathisKcr posts big blind 20
Dealt to MathisKcr [Kd 8c]
*** PRE-FLOP *** 
Blackball8 raises 20 to 40
MathisKcr raises 20 to 60
Blackball8 calls 20
*** FLOP *** [Jc 4c Tc]
MathisKcr checks
Blackball8 checks
*** TURN *** [Jc 4c Tc][7d]
MathisKcr checks
Blackball8 checks
*** RIVER *** [Jc 4c Tc 7d][Ts]
MathisKcr checks
Blackball8 checks
*** SHOW DOWN ***
MathisKcr shows [Kd 8c] (One pair : Tens)
Blackball8 shows [6s 6h] (Two pairs : Tens and 6)
Blackball8 collected 126 from pot
*** SUMMARY ***
Total pot 126 | No rake
Board: [Jc 4c Tc 7d Ts]
Seat 1: Blackball8 (small blind) (button) showed [6s 6h] and won 126 with Two pairs : Tens and 6
Seat 2: MathisKcr (big blind) showed [Kd 8c] and lost with One pair : Tens


Winamax Poker - Tournament "TRIDENT SPACE KO" buyIn: 4.50€ + 0.50€ level: 1 - HandId: #4235955802562625632-9-1759753160 - Holdem no limit (3/10/20) - 2025/10/06 12:19:20 UTC
Table: 'TRIDENT SPACE KO(986260316)#0095' 3-max (real money) Seat #1 is the button
Seat 1: Blackball8 (1072, 3€ bounty)
Seat 2: MathisKcr (428, 2.50€ bounty)
Seat 3: Iron974 (500, 2.50€ bounty)
*** ANTE/BLINDS ***
MathisKcr posts ante 3
Iron974 posts ante 3
Blackball8 posts ante 3
MathisKcr posts small blind 10
Iron974 posts big blind 20
Dealt to MathisKcr [Ac 6d]
*** PRE-FLOP *** 
Blackball8 calls 20
MathisKcr raises 405 to 425 and is all-in
Iron974 folds
Blackball8 folds
MathisKcr collected 474 from pot
*** SUMMARY ***
Total pot 474 | No rake
Seat 2: MathisKcr (small blind) won 474


Winamax Poker - Tournament "TRIDENT SPACE KO" buyIn: 4.50€ + 0.50€ level: 1 - HandId: #4235955802562625632-10-1759753194 - Holdem no limit (3/10/20) - 2025/10/06 12:19:54 UTC
Table: 'TRIDENT SPACE KO(986260316)#0095' 3-max (real money) Seat #2 is the button
Seat 1: Blackball8 (1049, 3€ bounty)
Seat 2: MathisKcr (474, 2.50€ bounty)
Seat 3: Iron974 (477, 2.50€ bounty)
*** ANTE/BLINDS ***
Iron974 posts ante 3
Blackball8 posts ante 3
MathisKcr posts ante 3
Iron974 posts small blind 10
Blackball8 posts big blind 20
Dealt to MathisKcr [Tc Qs]
*** PRE-FLOP *** 
MathisKcr raises 20 to 40
Iron974 folds
Blackball8 calls 20
*** FLOP *** [Ah Ts 2c]
Blackball8 checks
MathisKcr bets 431 and is all-in
Blackball8 folds
MathisKcr collected 530 from pot
*** SUMMARY ***
Total pot 530 | No rake
Board: [Ah Ts 2c]
Seat 2: MathisKcr (button) won 530


Winamax Poker - Tournament "TRIDENT SPACE KO" buyIn: 4.50€ + 0.50€ level: 1 - HandId: #4235955802562625632-11-1759753247 - Holdem no limit (3/10/20) - 2025/10/06 12:20:47 UTC
Table: 'TRIDENT SPACE KO(986260316)#0095' 3-max (real money) Seat #3 is the button
Seat 1: Blackball8 (1006, 3€ bounty)
Seat 2: MathisKcr (530, 2.50€ bounty)
Seat 3: Iron974 (464, 2.50€ bounty)
*** ANTE/BLINDS ***
Blackball8 posts ante 3
MathisKcr posts ante 3
Iron974 posts ante 3
Blackball8 posts small blind 10
MathisKcr posts big blind 20
Dealt to MathisKcr [4d 6s]
*** PRE-FLOP *** 
Iron974 raises 441 to 461 and is all-in
Blackball8 folds
MathisKcr folds
Iron974 collected 500 from pot
*** SUMMARY ***
Total pot 500 | No rake
Seat 3: Iron974 (button) won 500


Winamax Poker - Tournament "TRIDENT SPACE KO" buyIn: 4.50€ + 0.50€ level: 1 - HandId: #4235955802562625632-12-1759753274 - Holdem no limit (3/10/20) - 2025/10/06 12:21:14 UTC
Table: 'TRIDENT SPACE KO(986260316)#0095' 3-max (real money) Seat #1 is the button
Seat 1: Blackball8 (993, 3€ bounty)
Seat 2: MathisKcr (507, 2.50€ bounty)
Seat 3: Iron974 (500, 2.50€ bounty)
*** ANTE/BLINDS ***
MathisKcr posts ante 3
Iron974 posts ante 3
Blackball8 posts ante 3
MathisKcr posts small blind 10
Iron974 posts big blind 20
Dealt to MathisKcr [5h 3h]
*** PRE-FLOP *** 
Blackball8 folds
MathisKcr calls 10
Iron974 checks
*** FLOP *** [5c Tc 8d]
MathisKcr bets 40
Iron974 folds
MathisKcr collected 89 from pot
*** SUMMARY ***
Total pot 89 | No rake
Board: [5c Tc 8d]
Seat 2: MathisKcr (small blind) won 89


Winamax Poker - Tournament "TRIDENT SPACE KO" buyIn: 4.50€ + 0.50€ level: 1 - HandId: #4235955802562625632-13-1759753294 - Holdem no limit (3/10/20) - 2025/10/06 12:21:34 UTC
Table: 'TRIDENT SPACE KO(986260316)#0095' 3-max (real money) Seat #2 is the button
Seat 1: Blackball8 (990, 3€ bounty)
Seat 2: MathisKcr (533, 2.50€ bounty)
Seat 3: Iron974 (477, 2.50€ bounty)
*** ANTE/BLINDS ***
Iron974 posts ante 3
Blackball8 posts ante 3
MathisKcr posts ante 3
Iron974 posts small blind 10
Blackball8 posts big blind 20
Dealt to MathisKcr [6s 9c]
*** PRE-FLOP *** 
MathisKcr folds
Iron974 raises 20 to 40
Blackball8 calls 20
*** FLOP *** [6d 8h 9s]
Iron974 bets 31
Blackball8 calls 31
*** TURN *** [6d 8h 9s][Jd]
Iron974 bets 53
Blackball8 calls 53
*** RIVER *** [6d 8h 9s Jd][8s]
Iron974 bets 90
Blackball8 folds
Iron974 collected 347 from pot
*** SUMMARY ***
Total pot 347 | No rake
Board: [6d 8h 9s Jd 8s]
Seat 3: Iron974 (small blind) won 347


Winamax Poker - Tournament "TRIDENT SPACE KO" buyIn: 4.50€ + 0.50€ level: 1 - HandId: #4235955802562625632-14-1759753323 - Holdem no limit (3/10/20) - 2025/10/06 12:22:03 UTC
Table: 'TRIDENT SPACE KO(986260316)#0095' 3-max (real money) Seat #3 is the button
Seat 1: Blackball8 (863, 3€ bounty)
Seat 2: MathisKcr (530, 2.50€ bounty)
Seat 3: Iron974 (607, 2.50€ bounty)
*** ANTE/BLINDS ***
Blackball8 posts ante 3
MathisKcr posts ante 3
Iron974 posts ante 3
Blackball8 posts small blind 10
MathisKcr posts big blind 20
Dealt to MathisKcr [Kc Tc]
*** PRE-FLOP *** 
Iron974 folds
Blackball8 calls 10
MathisKcr raises 507 to 527 and is all-in
Blackball8 folds
MathisKcr collected 556 from pot
*** SUMMARY ***
Total pot 556 | No rake
Seat 2: MathisKcr (big blind) won 556


Winamax Poker - Tournament "TRIDENT SPACE KO" buyIn: 4.50€ + 0.50€ level: 1 - HandId: #4235955802562625632-15-1759753338 - Holdem no limit (3/10/20) - 2025/10/06 12:22:18 UTC
Table: 'TRIDENT SPACE KO(986260316)#0095' 3-max (real money) Seat #1 is the button
Seat 1: Blackball8 (840, 3€ bounty)
Seat 2: MathisKcr (556, 2.50€ bounty)
Seat 3: Iron974 (604, 2.50€ bounty)
*** ANTE/BLINDS ***
MathisKcr posts ante 3
Iron974 posts ante 3
Blackball8 posts ante 3
MathisKcr posts small blind 10
Iron974 posts big blind 20
Dealt to MathisKcr [Ad Kd]
*** PRE-FLOP *** 
Blackball8 folds
MathisKcr raises 20 to 40
Iron974 calls 20
*** FLOP *** [5d Kc 5s]
MathisKcr checks
Iron974 bets 31
MathisKcr raises 60 to 91
Iron974 folds
MathisKcr collected 211 from pot
*** SUMMARY ***
Total pot 211 | No rake
Board: [5d Kc 5s]
Seat 2: MathisKcr (small blind) won 211


Winamax Poker - Tournament "TRIDENT SPACE KO" buyIn: 4.50€ + 0.50€ level: 1 - HandId: #4235955802562625632-16-1759753363 - Holdem no limit (3/10/20) - 2025/10/06 12:22:43 UTC
Table: 'TRIDENT SPACE KO(986260316)#0095' 3-max (real money) Seat #2 is the button
Seat 1: Blackball8 (837, 3€ bounty)
Seat 2: MathisKcr (633, 2.50€ bounty)
Seat 3: Iron974 (530, 2.50€ bounty)
*** ANTE/BLINDS ***
Iron974 posts ante 3
Blackball8 posts ante 3
MathisKcr posts ante 3
Iron974 posts small blind 10
Blackball8 posts big blind 20
Dealt to MathisKcr [Ac Ts]
*** PRE-FLOP *** 
MathisKcr raises 20 to 40
Iron974 folds
Blackball8 calls 20
*** FLOP *** [5s 8h 4h]
Blackball8 checks
MathisKcr bets 60
Blackball8 folds
MathisKcr collected 159 from pot
*** SUMMARY ***
Total pot 159 | No rake
Board: [5s 8h 4h]
Seat 2: MathisKcr (button) won 159


Winamax Poker - Tournament "TRIDENT SPACE KO" buyIn: 4.50€ + 0.50€ level: 1 - HandId: #4235955802562625632-17-1759753431 - Holdem no limit (3/10/20) - 2025/10/06 12:23:51 UTC
Table: 'TRIDENT SPACE KO(986260316)#0095' 3-max (real money) Seat #3 is the button
Seat 1: Blackball8 (794, 3€ bounty)
Seat 2: MathisKcr (689, 2.50€ bounty)
Seat 3: Iron974 (517, 2.50€ bounty)
*** ANTE/BLINDS ***
Blackball8 posts ante 3
MathisKcr posts ante 3
Iron974 posts ante 3
Blackball8 posts small blind 10
MathisKcr posts big blind 20
Dealt to MathisKcr [Ad 9s]
*** PRE-FLOP *** 
Iron974 raises 30 to 50
Blackball8 folds
MathisKcr raises 636 to 686 and is all-in
Iron974 folds
MathisKcr collected 755 from pot
*** SUMMARY ***
Total pot 755 | No rake
Seat 2: MathisKcr (big blind) won 755


Winamax Poker - Tournament "TRIDENT SPACE KO" buyIn: 4.50€ + 0.50€ level: 1 - HandId: #4235955802562625632-18-1759753453 - Holdem no limit (3/10/20) - 2025/10/06 12:24:13 UTC
Table: 'TRIDENT SPACE KO(986260316)#0095' 3-max (real money) Seat #1 is the button
Seat 1: Blackball8 (781, 3€ bounty)
Seat 2: MathisKcr (755, 2.50€ bounty)
Seat 3: Iron974 (464, 2.50€ bounty)
*** ANTE/BLINDS ***
MathisKcr posts ante 3
Iron974 posts ante 3
Blackball8 posts ante 3
MathisKcr posts small blind 10
Iron974 posts big blind 20
Dealt to MathisKcr [2d 8c]
*** PRE-FLOP *** 
Blackball8 calls 20
MathisKcr folds
Iron974 checks
*** FLOP *** [Qs 9d 3s]
Iron974 checks
Blackball8 bets 20
Iron974 folds
Blackball8 collected 79 from pot
*** SUMMARY ***
Total pot 79 | No rake
Board: [Qs 9d 3s]
Seat 1: Blackball8 (button) won 79


Winamax Poker - Tournament "TRIDENT SPACE KO" buyIn: 4.50€ + 0.50€ level: 1 - HandId: #4235955802562625632-19-1759753497 - Holdem no limit (3/10/20) - 2025/10/06 12:24:57 UTC
Table: 'TRIDENT SPACE KO(986260316)#0095' 3-max (real money) Seat #2 is the button
Seat 1: Blackball8 (817, 3€ bounty)
Seat 2: MathisKcr (742, 2.50€ bounty)
Seat 3: Iron974 (441, 2.50€ bounty)
*** ANTE/BLINDS ***
Iron974 posts ante 3
Blackball8 posts ante 3
MathisKcr posts ante 3
Iron974 posts small blind 10
Blackball8 posts big blind 20
Dealt to MathisKcr [7s 9s]
*** PRE-FLOP *** 
MathisKcr calls 20
Iron974 calls 10
Blackball8 raises 40 to 60
MathisKcr calls 40
Iron974 calls 40
*** FLOP *** [4d 2d 9d]
Iron974 bets 20
Blackball8 raises 20 to 40
MathisKcr raises 639 to 679 and is all-in
Iron974 folds
Blackball8 folds
MathisKcr collected 928 from pot
*** SUMMARY ***
Total pot 928 | No rake
Board: [4d 2d 9d]
Seat 2: MathisKcr (button) won 928


Winamax Poker - Tournament "TRIDENT SPACE KO" buyIn: 4.50€ + 0.50€ level: 2 - HandId: #4235955802562625632-20-1759753550 - Holdem no limit (3/12/25) - 2025/10/06 12:25:50 UTC
Table: 'TRIDENT SPACE KO(986260316)#0095' 3-max (real money) Seat #3 is the button
Seat 1: Blackball8 (714, 3€ bounty)
Seat 2: MathisKcr (928, 2.50€ bounty)
Seat 3: Iron974 (358, 2.50€ bounty)
*** ANTE/BLINDS ***
Blackball8 posts ante 3
MathisKcr posts ante 3
Iron974 posts ante 3
Blackball8 posts small blind 12
MathisKcr posts big blind 25
Dealt to MathisKcr [5h 8s]
*** PRE-FLOP *** 
Iron974 raises 330 to 355 and is all-in
Blackball8 calls 343
MathisKcr folds
*** FLOP *** [Td 9c Qh]
*** TURN *** [Td 9c Qh][3d]
*** RIVER *** [Td 9c Qh 3d][8h]
*** SHOW DOWN ***
Blackball8 shows [Tc As] (One pair : Tens)
Iron974 shows [Jc 2c] (Straight Queen high)
Iron974 collected 744 from pot
*** SUMMARY ***
Total pot 744 | No rake
Board: [Td 9c Qh 3d 8h]
Seat 1: Blackball8 (small blind) showed [Tc As] and lost with One pair : Tens
Seat 3: Iron974 (button) showed [Jc 2c] and won 744 with Straight Queen high


Winamax Poker - Tournament "TRIDENT SPACE KO" buyIn: 4.50€ + 0.50€ level: 2 - HandId: #4235955802562625632-21-1759753581 - Holdem no limit (3/12/25) - 2025/10/06 12:26:21 UTC
Table: 'TRIDENT SPACE KO(986260316)#0095' 3-max (real money) Seat #1 is the button
Seat 1: Blackball8 (356, 3€ bounty)
Seat 2: MathisKcr (900, 2.50€ bounty)
Seat 3: Iron974 (744, 2.50€ bounty)
*** ANTE/BLINDS ***
MathisKcr posts ante 3
Iron974 posts ante 3
Blackball8 posts ante 3
MathisKcr posts small blind 12
Iron974 posts big blind 25
Dealt to MathisKcr [Qd 2d]
*** PRE-FLOP *** 
Blackball8 folds
MathisKcr calls 13
Iron974 checks
*** FLOP *** [4d 8d Qc]
MathisKcr checks
Iron974 checks
*** TURN *** [4d 8d Qc][Ac]
MathisKcr bets 73
Iron974 folds
MathisKcr collected 132 from pot
*** SUMMARY ***
Total pot 132 | No rake
Board: [4d 8d Qc Ac]
Seat 2: MathisKcr (small blind) won 132


Winamax Poker - Tournament "TRIDENT SPACE KO" buyIn: 4.50€ + 0.50€ level: 2 - HandId: #4235955802562625632-22-1759753619 - Holdem no limit (3/12/25) - 2025/10/06 12:26:59 UTC
Table: 'TRIDENT SPACE KO(986260316)#0095' 3-max (real money) Seat #2 is the button
Seat 1: Blackball8 (353, 3€ bounty)
Seat 2: MathisKcr (931, 2.50€ bounty)
Seat 3: Iron974 (716, 2.50€ bounty)
*** ANTE/BLINDS ***
Iron974 posts ante 3
Blackball8 posts ante 3
MathisKcr posts ante 3
Iron974 posts small blind 12
Blackball8 posts big blind 25
Dealt to MathisKcr [4c As]
*** PRE-FLOP *** 
MathisKcr raises 903 to 928 and is all-in
Iron974 folds
Blackball8 folds
MathisKcr collected 974 from pot
*** SUMMARY ***
Total pot 974 | No rake
Seat 2: MathisKcr (button) won 974


Winamax Poker - Tournament "TRIDENT SPACE KO" buyIn: 4.50€ + 0.50€ level: 2 - HandId: #4235955802562625632-23-1759753630 - Holdem no limit (3/12/25) - 2025/10/06 12:27:10 UTC
Table: 'TRIDENT SPACE KO(986260316)#0095' 3-max (real money) Seat #3 is the button
Seat 1: Blackball8 (325, 3€ bounty)
Seat 2: MathisKcr (974, 2.50€ bounty)
Seat 3: Iron974 (701, 2.50€ bounty)
*** ANTE/BLINDS ***
Blackball8 posts ante 3
MathisKcr posts ante 3
Iron974 posts ante 3
Blackball8 posts small blind 12
MathisKcr posts big blind 25
Dealt to MathisKcr [9h 2d]
*** PRE-FLOP *** 
Iron974 calls 25
Blackball8 calls 13
MathisKcr checks
*** FLOP *** [5d Qd Ac]
Blackball8 checks
MathisKcr bets 49
Iron974 calls 49
Blackball8 folds
*** TURN *** [5d Qd Ac][4c]
MathisKcr checks
Iron974 bets 64
MathisKcr folds
Iron974 collected 246 from pot
*** SUMMARY ***
Total pot 246 | No rake
Board: [5d Qd Ac 4c]
Seat 3: Iron974 (button) won 246


Winamax Poker - Tournament "TRIDENT SPACE KO" buyIn: 4.50€ + 0.50€ level: 3 - HandId: #4235955802562625632-24-1759753678 - Holdem no limit (4/15/30) - 2025/10/06 12:27:58 UTC
Table: 'TRIDENT SPACE KO(986260316)#0095' 3-max (real money) Seat #1 is the button
Seat 1: Blackball8 (297, 3€ bounty)
Seat 2: MathisKcr (897, 2.50€ bounty)
Seat 3: Iron974 (806, 2.50€ bounty)
*** ANTE/BLINDS ***
MathisKcr posts ante 4
Iron974 posts ante 4
Blackball8 posts ante 4
MathisKcr posts small blind 15
Iron974 posts big blind 30
Dealt to MathisKcr [Js 6s]
*** PRE-FLOP *** 
Blackball8 raises 30 to 60
MathisKcr calls 45
Iron974 calls 30
*** FLOP *** [7c 9h Ad]
MathisKcr bets 60
Iron974 folds
Blackball8 raises 173 to 233 and is all-in
MathisKcr calls 173
*** TURN *** [7c 9h Ad][3s]
*** RIVER *** [7c 9h Ad 3s][Ac]
*** SHOW DOWN ***
MathisKcr shows [Js 6s] (One pair : Aces)
Blackball8 shows [As 6h] (Trips of Aces)
Blackball8 collected 658 from pot
*** SUMMARY ***
Total pot 658 | No rake
Board: [7c 9h Ad 3s Ac]
Seat 1: Blackball8 (button) showed [As 6h] and won 658 with Trips of Aces
Seat 2: MathisKcr (small blind) showed [Js 6s] and lost with One pair : Aces


Winamax Poker - Tournament "TRIDENT SPACE KO" buyIn: 4.50€ + 0.50€ level: 3 - HandId: #4235955802562625632-25-1759753729 - Holdem no limit (4/15/30) - 2025/10/06 12:28:49 UTC
Table: 'TRIDENT SPACE KO(986260316)#0095' 3-max (real money) Seat #2 is the button
Seat 1: Blackball8 (658, 3€ bounty)
Seat 2: MathisKcr (600, 2.50€ bounty)
Seat 3: Iron974 (742, 2.50€ bounty)
*** ANTE/BLINDS ***
Iron974 posts ante 4
Blackball8 posts ante 4
MathisKcr posts ante 4
Iron974 posts small blind 15
Blackball8 posts big blind 30
Dealt to MathisKcr [Ac Kc]
*** PRE-FLOP *** 
MathisKcr raises 60 to 90
Iron974 calls 75
Blackball8 calls 60
*** FLOP *** [5s 7s Ah]
Iron974 checks
Blackball8 bets 30
MathisKcr raises 476 to 506 and is all-in
Iron974 folds
Blackball8 folds
MathisKcr collected 818 from pot
*** SUMMARY ***
Total pot 818 | No rake
Board: [5s 7s Ah]
Seat 2: MathisKcr (button) won 818


Winamax Poker - Tournament "TRIDENT SPACE KO" buyIn: 4.50€ + 0.50€ level: 3 - HandId: #4235955802562625632-26-1759753770 - Holdem no limit (4/15/30) - 2025/10/06 12:29:30 UTC
Table: 'TRIDENT SPACE KO(986260316)#0095' 3-max (real money) Seat #3 is the button
Seat 1: Blackball8 (534, 3€ bounty)
Seat 2: MathisKcr (818, 2.50€ bounty)
Seat 3: Iron974 (648, 2.50€ bounty)
*** ANTE/BLINDS ***
Blackball8 posts ante 4
MathisKcr posts ante 4
Iron974 posts ante 4
Blackball8 posts small blind 15
MathisKcr posts big blind 30
Dealt to MathisKcr [2s Jh]
*** PRE-FLOP *** 
Iron974 raises 614 to 644 and is all-in
Blackball8 folds
MathisKcr folds
Iron974 collected 701 from pot
*** SUMMARY ***
Total pot 701 | No rake
Seat 3: Iron974 (button) won 701


Winamax Poker - Tournament "TRIDENT SPACE KO" buyIn: 4.50€ + 0.50€ level: 3 - HandId: #4235955802562625632-27-1759753780 - Holdem no limit (4/15/30) - 2025/10/06 12:29:40 UTC
Table: 'TRIDENT SPACE KO(986260316)#0095' 3-max (real money) Seat #1 is the button
Seat 1: Blackball8 (515, 3€ bounty)
Seat 2: MathisKcr (784, 2.50€ bounty)
Seat 3: Iron974 (701, 2.50€ bounty)
*** ANTE/BLINDS ***
MathisKcr posts ante 4
Iron974 posts ante 4
Blackball8 posts ante 4
MathisKcr posts small blind 15
Iron974 posts big blind 30
Dealt to MathisKcr [2c Th]
*** PRE-FLOP *** 
Blackball8 raises 30 to 60
MathisKcr folds
Iron974 calls 30
*** FLOP *** [Tc Js 5d]
Iron974 checks
Blackball8 bets 51
Iron974 folds
Blackball8 collected 198 from pot
*** SUMMARY ***
Total pot 198 | No rake
Board: [Tc Js 5d]
Seat 1: Blackball8 (button) won 198


Winamax Poker - Tournament "TRIDENT SPACE KO" buyIn: 4.50€ + 0.50€ level: 3 - HandId: #4235955802562625632-28-1759753799 - Holdem no limit (4/15/30) - 2025/10/06 12:29:59 UTC
Table: 'TRIDENT SPACE KO(986260316)#0095' 3-max (real money) Seat #2 is the button
Seat 1: Blackball8 (598, 3€ bounty)
Seat 2: MathisKcr (765, 2.50€ bounty)
Seat 3: Iron974 (637, 2.50€ bounty)
*** ANTE/BLINDS ***
Iron974 posts ante 4
Blackball8 posts ante 4
MathisKcr posts ante 4
Iron974 posts small blind 15
Blackball8 posts big blind 30
Dealt to MathisKcr [Qh 2h]
*** PRE-FLOP *** 
MathisKcr calls 30
Iron974 calls 15
Blackball8 checks
*** FLOP *** [2c 2s Ah]
Iron974 checks
Blackball8 checks
MathisKcr bets 90
Iron974 folds
Blackball8 folds
MathisKcr collected 192 from pot
*** SUMMARY ***
Total pot 192 | No rake
Board: [2c 2s Ah]
Seat 2: MathisKcr (button) won 192


Winamax Poker - Tournament "TRIDENT SPACE KO" buyIn: 4.50€ + 0.50€ level: 4 - HandId: #4235955802562625632-29-1759753847 - Holdem no limit (4/17/35) - 2025/10/06 12:30:47 UTC
Table: 'TRIDENT SPACE KO(986260316)#0095' 3-max (real money) Seat #3 is the button
Seat 1: Blackball8 (564, 3€ bounty)
Seat 2: MathisKcr (833, 2.50€ bounty)
Seat 3: Iron974 (603, 2.50€ bounty)
*** ANTE/BLINDS ***
Blackball8 posts ante 4
MathisKcr posts ante 4
Iron974 posts ante 4
Blackball8 posts small blind 17
MathisKcr posts big blind 35
Dealt to MathisKcr [5h Kh]
*** PRE-FLOP *** 
Iron974 raises 564 to 599 and is all-in
Blackball8 folds
MathisKcr folds
Iron974 collected 663 from pot
*** SUMMARY ***
Total pot 663 | No rake
Seat 3: Iron974 (button) won 663


Winamax Poker - Tournament "TRIDENT SPACE KO" buyIn: 4.50€ + 0.50€ level: 4 - HandId: #4235955802562625632-30-1759753869 - Holdem no limit (4/17/35) - 2025/10/06 12:31:09 UTC
Table: 'TRIDENT SPACE KO(986260316)#0095' 3-max (real money) Seat #1 is the button
Seat 1: Blackball8 (543, 3€ bounty)
Seat 2: MathisKcr (794, 2.50€ bounty)
Seat 3: Iron974 (663, 2.50€ bounty)
*** ANTE/BLINDS ***
MathisKcr posts ante 4
Iron974 posts ante 4
Blackball8 posts ante 4
MathisKcr posts small blind 17
Iron974 posts big blind 35
Dealt to MathisKcr [Jc Ad]
*** PRE-FLOP *** 
Blackball8 folds
MathisKcr raises 35 to 70
Iron974 raises 589 to 659 and is all-in
MathisKcr calls 589
*** FLOP *** [4d Qh Jd]
*** TURN *** [4d Qh Jd][4s]
*** RIVER *** [4d Qh Jd 4s][Kc]
*** SHOW DOWN ***
Iron974 shows [As 6d] (One pair : 4)
MathisKcr shows [Jc Ad] (Two pairs : Jacks and 4)
MathisKcr collected 1330 from pot
*** SUMMARY ***
Total pot 1330 | No rake
Board: [4d Qh Jd 4s Kc]
Seat 2: MathisKcr (small blind) showed [Jc Ad] and won 1330 with Two pairs : Jacks and 4
Seat 3: Iron974 (big blind) showed [As 6d] and lost with One pair : 4


Winamax Poker - Tournament "TRIDENT SPACE KO" buyIn: 4.50€ + 0.50€ level: 4 - HandId: #4235955802562625632-31-1759753897 - Holdem no limit (4/17/35) - 2025/10/06 12:31:37 UTC
Table: 'TRIDENT SPACE KO(986260316)#0095' 3-max (real money) Seat #1 is the button
Seat 1: Blackball8 (539, 3€ bounty)
Seat 2: MathisKcr (1461, 3€ bounty)
*** ANTE/BLINDS ***
Blackball8 posts ante 4
MathisKcr posts ante 4
Blackball8 posts small blind 17
MathisKcr posts big blind 35
Dealt to MathisKcr [6d 4c]
*** PRE-FLOP *** 
Blackball8 calls 18
MathisKcr checks
*** FLOP *** [2s 7h 8s]
MathisKcr checks
Blackball8 checks
*** TURN *** [2s 7h 8s][8d]
MathisKcr bets 69
Blackball8 folds
MathisKcr collected 147 from pot
*** SUMMARY ***
Total pot 147 | No rake
Board: [2s 7h 8s 8d]
Seat 2: MathisKcr (big blind) won 147


Winamax Poker - Tournament "TRIDENT SPACE KO" buyIn: 4.50€ + 0.50€ level: 4 - HandId: #4235955802562625632-32-1759753949 - Holdem no limit (4/17/35) - 2025/10/06 12:32:29 UTC
Table: 'TRIDENT SPACE KO(986260316)#0095' 3-max (real money) Seat #2 is the button
Seat 1: Blackball8 (500, 3€ bounty)
Seat 2: MathisKcr (1500, 3€ bounty)
*** ANTE/BLINDS ***
MathisKcr posts ante 4
Blackball8 posts ante 4
MathisKcr posts small blind 17
Blackball8 posts big blind 35
Dealt to MathisKcr [3c Qc]
*** PRE-FLOP *** 
MathisKcr raises 35 to 70
Blackball8 calls 35
*** FLOP *** [As 3d Kd]
Blackball8 bets 35
MathisKcr folds
Blackball8 collected 183 from pot
*** SUMMARY ***
Total pot 183 | No rake
Board: [As 3d Kd]
Seat 1: Blackball8 (big blind) won 183


Winamax Poker - Tournament "TRIDENT SPACE KO" buyIn: 4.50€ + 0.50€ level: 4 - HandId: #4235955802562625632-33-1759753960 - Holdem no limit (4/17/35) - 2025/10/06 12:32:40 UTC
Table: 'TRIDENT SPACE KO(986260316)#0095' 3-max (real money) Seat #1 is the button
Seat 1: Blackball8 (574, 3€ bounty)
Seat 2: MathisKcr (1426, 3€ bounty)
*** ANTE/BLINDS ***
Blackball8 posts ante 4
MathisKcr posts ante 4
Blackball8 posts small blind 17
MathisKcr posts big blind 35
Dealt to MathisKcr [4c Qs]
*** PRE-FLOP *** 
Blackball8 calls 18
MathisKcr checks
*** FLOP *** [5h 4h Ac]
MathisKcr checks
Blackball8 bets 35
MathisKcr calls 35
*** TURN *** [5h 4h Ac][3d]
MathisKcr checks
Blackball8 bets 35
MathisKcr calls 35
*** RIVER *** [5h 4h Ac 3d][7c]
MathisKcr checks
Blackball8 checks
*** SHOW DOWN ***
Blackball8 shows [Qh Th] (High card : Ace)
MathisKcr shows [4c Qs] (One pair : 4)
MathisKcr collected 218 from pot
*** SUMMARY ***
Total pot 218 | No rake
Board: [5h 4h Ac 3d 7c]
Seat 1: Blackball8 (small blind) (button) showed [Qh Th] and lost with High card : Ace
Seat 2: MathisKcr (big blind) showed [4c Qs] and won 218 with One pair : 4


Winamax Poker - Tournament "TRIDENT SPACE KO" buyIn: 4.50€ + 0.50€ level: 5 - HandId: #4235955802562625632-34-1759753980 - Holdem no limit (5/20/40) - 2025/10/06 12:33:00 UTC
Table: 'TRIDENT SPACE KO(986260316)#0095' 3-max (real money) Seat #2 is the button
Seat 1: Blackball8 (465, 3€ bounty)
Seat 2: MathisKcr (1535, 3€ bounty)
*** ANTE/BLINDS ***
MathisKcr posts ante 5
Blackball8 posts ante 5
MathisKcr posts small blind 20
Blackball8 posts big blind 40
Dealt to MathisKcr [5h 4h]
*** PRE-FLOP *** 
MathisKcr calls 20
Blackball8 checks
*** FLOP *** [6c As Ks]
Blackball8 bets 40
MathisKcr folds
Blackball8 collected 130 from pot
*** SUMMARY ***
Total pot 130 | No rake
Board: [6c As Ks]
Seat 1: Blackball8 (big blind) won 130


Winamax Poker - Tournament "TRIDENT SPACE KO" buyIn: 4.50€ + 0.50€ level: 5 - HandId: #4235955802562625632-35-1759753990 - Holdem no limit (5/20/40) - 2025/10/06 12:33:10 UTC
Table: 'TRIDENT SPACE KO(986260316)#0095' 3-max (real money) Seat #1 is the button
Seat 1: Blackball8 (510, 3€ bounty)
Seat 2: MathisKcr (1490, 3€ bounty)
Seat 3: Jordan34400 (500, 2.50€ bounty)
*** ANTE/BLINDS ***
Blackball8 posts ante 5
MathisKcr posts ante 5
Blackball8 posts small blind 20
MathisKcr posts big blind 40
Dealt to MathisKcr [Kh 2d]
*** PRE-FLOP *** 
Blackball8 calls 20
MathisKcr checks
*** FLOP *** [Jc 5c 8d]
MathisKcr checks
Blackball8 bets 40
MathisKcr folds
Blackball8 collected 130 from pot
*** SUMMARY ***
Total pot 130 | No rake
Board: [Jc 5c 8d]
Seat 1: Blackball8 (small blind) (button) won 130


Winamax Poker - Tournament "TRIDENT SPACE KO" buyIn: 4.50€ + 0.50€ level: 5 - HandId: #4235955802562625632-36-1759754001 - Holdem no limit (5/20/40) - 2025/10/06 12:33:21 UTC
Table: 'TRIDENT SPACE KO(986260316)#0095' 3-max (real money) Seat #1 is the button
Seat 1: Blackball8 (555, 3€ bounty)
Seat 2: MathisKcr (1445, 3€ bounty)
Seat 3: Jordan34400 (500, 2.50€ bounty)
*** ANTE/BLINDS ***
MathisKcr posts ante 5
Jordan34400 posts ante 5
Blackball8 posts ante 5
MathisKcr posts small blind 20
Jordan34400 posts big blind 40
Dealt to MathisKcr [5c Tc]
*** PRE-FLOP *** 
Blackball8 folds
MathisKcr calls 20
Jordan34400 checks
*** FLOP *** [5d Kc 7s]
MathisKcr bets 80
Jordan34400 folds
MathisKcr collected 175 from pot
*** SUMMARY ***
Total pot 175 | No rake
Board: [5d Kc 7s]
Seat 2: MathisKcr (small blind) won 175


Winamax Poker - Tournament "TRIDENT SPACE KO" buyIn: 4.50€ + 0.50€ level: 5 - HandId: #4235955802562625632-37-1759754021 - Holdem no limit (5/20/40) - 2025/10/06 12:33:41 UTC
Table: 'TRIDENT SPACE KO(986260316)#0095' 3-max (real money) Seat #2 is the button
Seat 1: Blackball8 (550, 3€ bounty)
Seat 2: MathisKcr (1495, 3€ bounty)
Seat 3: Jordan34400 (455, 2.50€ bounty)
*** ANTE/BLINDS ***
Jordan34400 posts ante 5
Blackball8 posts ante 5
MathisKcr posts ante 5
Jordan34400 posts small blind 20
Blackball8 posts big blind 40
Dealt to MathisKcr [Kh 4h]
*** PRE-FLOP *** 
MathisKcr calls 40
Jordan34400 calls 20
Blackball8 checks
*** FLOP *** [2s 2c Kd]
Jordan34400 checks
Blackball8 checks
MathisKcr bets 80
Jordan34400 folds
Blackball8 folds
MathisKcr collected 215 from pot
*** SUMMARY ***
Total pot 215 | No rake
Board: [2s 2c Kd]
Seat 2: MathisKcr (button) won 215


Winamax Poker - Tournament "TRIDENT SPACE KO" buyIn: 4.50€ + 0.50€ level: 5 - HandId: #4235955802562625632-38-1759754059 - Holdem no limit (5/20/40) - 2025/10/06 12:34:19 UTC
Table: 'TRIDENT SPACE KO(986260316)#0095' 3-max (real money) Seat #3 is the button
Seat 1: Blackball8 (505, 3€ bounty)
Seat 2: MathisKcr (1585, 3€ bounty)
Seat 3: Jordan34400 (410, 2.50€ bounty)
*** ANTE/BLINDS ***
Blackball8 posts ante 5
MathisKcr posts ante 5
Jordan34400 posts ante 5
Blackball8 posts small blind 20
MathisKcr posts big blind 40
Dealt to MathisKcr [Jc Tc]
*** PRE-FLOP *** 
Jordan34400 folds
Blackball8 calls 20
MathisKcr raises 40 to 80
Blackball8 calls 40
*** FLOP *** [Qd 9d 6c]
Blackball8 checks
MathisKcr checks
*** TURN *** [Qd 9d 6c][Ac]
Blackball8 checks
MathisKcr bets 80
Blackball8 folds
MathisKcr collected 255 from pot
*** SUMMARY ***
Total pot 255 | No rake
Board: [Qd 9d 6c Ac]
Seat 2: MathisKcr (big blind) won 255


Winamax Poker - Tournament "TRIDENT SPACE KO" buyIn: 4.50€ + 0.50€ level: 5 - HandId: #4235955802562625632-39-1759754091 - Holdem no limit (5/20/40) - 2025/10/06 12:34:51 UTC
Table: 'TRIDENT SPACE KO(986260316)#0095' 3-max (real money) Seat #1 is the button
Seat 1: Blackball8 (420, 3€ bounty)
Seat 2: MathisKcr (1675, 3€ bounty)
Seat 3: Jordan34400 (405, 2.50€ bounty)
*** ANTE/BLINDS ***
MathisKcr posts ante 5
Jordan34400 posts ante 5
Blackball8 posts ante 5
MathisKcr posts small blind 20
Jordan34400 posts big blind 40
Dealt to MathisKcr [3c Ac]
*** PRE-FLOP *** 
Blackball8 folds
MathisKcr raises 40 to 80
Jordan34400 raises 320 to 400 and is all-in
MathisKcr calls 320
*** FLOP *** [4d 6d 9d]
*** TURN *** [4d 6d 9d][Tc]
*** RIVER *** [4d 6d 9d Tc][7c]
*** SHOW DOWN ***
MathisKcr shows [3c Ac] (High card : Ace)
Jordan34400 shows [Qs 8c] (Straight Ten high)
Jordan34400 collected 815 from pot
*** SUMMARY ***
Total pot 815 | No rake
Board: [4d 6d 9d Tc 7c]
Seat 2: MathisKcr (small blind) showed [3c Ac] and lost with High card : Ace
Seat 3: Jordan34400 (big blind) showed [Qs 8c] and won 815 with Straight Ten high


Winamax Poker - Tournament "TRIDENT SPACE KO" buyIn: 4.50€ + 0.50€ level: 5 - HandId: #4235955802562625632-40-1759754109 - Holdem no limit (5/20/40) - 2025/10/06 12:35:09 UTC
Table: 'TRIDENT SPACE KO(986260316)#0095' 3-max (real money) Seat #2 is the button
Seat 1: Blackball8 (415, 3€ bounty)
Seat 2: MathisKcr (1270, 3€ bounty)
Seat 3: Jordan34400 (815, 2.50€ bounty)
*** ANTE/BLINDS ***
Jordan34400 posts ante 5
Blackball8 posts ante 5
MathisKcr posts ante 5
Jordan34400 posts small blind 20
Blackball8 posts big blind 40
Dealt to MathisKcr [3d Js]
*** PRE-FLOP *** 
MathisKcr folds
Jordan34400 folds
Blackball8 collected 75 from pot
*** SUMMARY ***
Total pot 75 | No rake
Seat 1: Blackball8 (big blind) won 75


Winamax Poker - Tournament "TRIDENT SPACE KO" buyIn: 4.50€ + 0.50€ level: 5 - HandId: #4235955802562625632-41-1759754116 - Holdem no limit (5/20/40) - 2025/10/06 12:35:16 UTC
Table: 'TRIDENT SPACE KO(986260316)#0095' 3-max (real money) Seat #3 is the button
Seat 1: Blackball8 (445, 3€ bounty)
Seat 2: MathisKcr (1265, 3€ bounty)
Seat 3: Jordan34400 (790, 2.50€ bounty)
*** ANTE/BLINDS ***
Blackball8 posts ante 5
MathisKcr posts ante 5
Jordan34400 posts ante 5
Blackball8 posts small blind 20
MathisKcr posts big blind 40
Dealt to MathisKcr [6c 3d]
*** PRE-FLOP *** 
Jordan34400 calls 40
Blackball8 calls 20
MathisKcr checks
*** FLOP *** [Ah 9h 4h]
Blackball8 bets 40
MathisKcr folds
Jordan34400 folds
Blackball8 collected 175 from pot
*** SUMMARY ***
Total pot 175 | No rake
Board: [Ah 9h 4h]
Seat 1: Blackball8 (small blind) won 175


Winamax Poker - Tournament "TRIDENT SPACE KO" buyIn: 4.50€ + 0.50€ level: 6 - HandId: #4235955802562625632-42-1759754157 - Holdem no limit (6/25/50) - 2025/10/06 12:35:57 UTC
Table: 'TRIDENT SPACE KO(986260316)#0095' 3-max (real money) Seat #1 is the button
Seat 1: Blackball8 (535, 3€ bounty)
Seat 2: MathisKcr (1220, 3€ bounty)
Seat 3: Jordan34400 (745, 2.50€ bounty)
*** ANTE/BLINDS ***
MathisKcr posts ante 6
Jordan34400 posts ante 6
Blackball8 posts ante 6
MathisKcr posts small blind 25
Jordan34400 posts big blind 50
Dealt to MathisKcr [Ah 5d]
*** PRE-FLOP *** 
Blackball8 calls 50
MathisKcr raises 50 to 100
Jordan34400 folds
Blackball8 raises 429 to 529 and is all-in
MathisKcr calls 429
*** FLOP *** [Qh 7h 4c]
*** TURN *** [Qh 7h 4c][Jh]
*** RIVER *** [Qh 7h 4c Jh][8c]
*** SHOW DOWN ***
MathisKcr shows [Ah 5d] (High card : Ace)
Blackball8 shows [Ad As] (One pair : Aces)
Blackball8 collected 1126 from pot
*** SUMMARY ***
Total pot 1126 | No rake
Board: [Qh 7h 4c Jh 8c]
Seat 1: Blackball8 (button) showed [Ad As] and won 1126 with One pair : Aces
Seat 2: MathisKcr (small blind) showed [Ah 5d] and lost with High card : Ace


Winamax Poker - Tournament "TRIDENT SPACE KO" buyIn: 4.50€ + 0.50€ level: 6 - HandId: #4235955802562625632-43-1759754190 - Holdem no limit (6/25/50) - 2025/10/06 12:36:30 UTC
Table: 'TRIDENT SPACE KO(986260316)#0095' 3-max (real money) Seat #2 is the button
Seat 1: Blackball8 (1126, 3€ bounty)
Seat 2: MathisKcr (685, 3€ bounty)
Seat 3: Jordan34400 (689, 2.50€ bounty)
*** ANTE/BLINDS ***
Jordan34400 posts ante 6
Blackball8 posts ante 6
MathisKcr posts ante 6
Jordan34400 posts small blind 25
Blackball8 posts big blind 50
Dealt to MathisKcr [9h 6h]
*** PRE-FLOP *** 
MathisKcr raises 629 to 679 and is all-in
Jordan34400 folds
Blackball8 folds
MathisKcr collected 772 from pot
*** SUMMARY ***
Total pot 772 | No rake
Seat 2: MathisKcr (button) won 772


Winamax Poker - Tournament "TRIDENT SPACE KO" buyIn: 4.50€ + 0.50€ level: 6 - HandId: #4235955802562625632-44-1759754204 - Holdem no limit (6/25/50) - 2025/10/06 12:36:44 UTC
Table: 'TRIDENT SPACE KO(986260316)#0095' 3-max (real money) Seat #3 is the button
Seat 1: Blackball8 (1070, 3€ bounty)
Seat 2: MathisKcr (772, 3€ bounty)
Seat 3: Jordan34400 (658, 2.50€ bounty)
*** ANTE/BLINDS ***
Blackball8 posts ante 6
MathisKcr posts ante 6
Jordan34400 posts ante 6
Blackball8 posts small blind 25
MathisKcr posts big blind 50
Dealt to MathisKcr [Td 2c]
*** PRE-FLOP *** 
Jordan34400 folds
Blackball8 raises 50 to 100
MathisKcr calls 50
*** FLOP *** [9s 3s 6s]
Blackball8 bets 50
MathisKcr raises 616 to 666 and is all-in
Blackball8 folds
MathisKcr collected 934 from pot
*** SUMMARY ***
Total pot 934 | No rake
Board: [9s 3s 6s]
Seat 2: MathisKcr (big blind) won 934


Winamax Poker - Tournament "TRIDENT SPACE KO" buyIn: 4.50€ + 0.50€ level: 6 - HandId: #4235955802562625632-45-1759754237 - Holdem no limit (6/25/50) - 2025/10/06 12:37:17 UTC
Table: 'TRIDENT SPACE KO(986260316)#0095' 3-max (real money) Seat #1 is the button
Seat 1: Blackball8 (914, 3€ bounty)
Seat 2: MathisKcr (934, 3€ bounty)
Seat 3: Jordan34400 (652, 2.50€ bounty)
*** ANTE/BLINDS ***
MathisKcr posts ante 6
Jordan34400 posts ante 6
Blackball8 posts ante 6
MathisKcr posts small blind 25
Jordan34400 posts big blind 50
Dealt to MathisKcr [8d Ks]
*** PRE-FLOP *** 
Blackball8 folds
MathisKcr raises 50 to 100
Jordan34400 folds
MathisKcr collected 168 from pot
*** SUMMARY ***
Total pot 168 | No rake
Seat 2: MathisKcr (small blind) won 168


Winamax Poker - Tournament "TRIDENT SPACE KO" buyIn: 4.50€ + 0.50€ level: 6 - HandId: #4235955802562625632-46-1759754247 - Holdem no limit (6/25/50) - 2025/10/06 12:37:27 UTC
Table: 'TRIDENT SPACE KO(986260316)#0095' 3-max (real money) Seat #2 is the button
Seat 1: Blackball8 (908, 3€ bounty)
Seat 2: MathisKcr (996, 3€ bounty)
Seat 3: Jordan34400 (596, 2.50€ bounty)
*** ANTE/BLINDS ***
Jordan34400 posts ante 6
Blackball8 posts ante 6
MathisKcr posts ante 6
Jordan34400 posts small blind 25
Blackball8 posts big blind 50
Dealt to MathisKcr [3c 2d]
*** PRE-FLOP *** 
MathisKcr folds
Jordan34400 calls 25
Blackball8 checks
*** FLOP *** [7d Qc 8c]
Jordan34400 bets 50
Blackball8 folds
Jordan34400 collected 168 from pot
*** SUMMARY ***
Total pot 168 | No rake
Board: [7d Qc 8c]
Seat 3: Jordan34400 (small blind) won 168


Winamax Poker - Tournament "TRIDENT SPACE KO" buyIn: 4.50€ + 0.50€ level: 6 - HandId: #4235955802562625632-47-1759754260 - Holdem no limit (6/25/50) - 2025/10/06 12:37:40 UTC
Table: 'TRIDENT SPACE KO(986260316)#0095' 3-max (real money) Seat #3 is the button
Seat 1: Blackball8 (852, 3€ bounty)
Seat 2: MathisKcr (990, 3€ bounty)
Seat 3: Jordan34400 (658, 2.50€ bounty)
*** ANTE/BLINDS ***
Blackball8 posts ante 6
MathisKcr posts ante 6
Jordan34400 posts ante 6
Blackball8 posts small blind 25
MathisKcr posts big blind 50
Dealt to MathisKcr [Jc 6h]
*** PRE-FLOP *** 
Jordan34400 folds
Blackball8 calls 25
MathisKcr checks
*** FLOP *** [Ks 4h 4s]
Blackball8 checks
MathisKcr bets 100
Blackball8 folds
MathisKcr collected 218 from pot
*** SUMMARY ***
Total pot 218 | No rake
Board: [Ks 4h 4s]
Seat 2: MathisKcr (big blind) won 218


Winamax Poker - Tournament "TRIDENT SPACE KO" buyIn: 4.50€ + 0.50€ level: 7 - HandId: #4235955802562625632-48-1759754291 - Holdem no limit (7/30/60) - 2025/10/06 12:38:11 UTC
Table: 'TRIDENT SPACE KO(986260316)#0095' 3-max (real money) Seat #1 is the button
Seat 1: Blackball8 (796, 3€ bounty)
Seat 2: MathisKcr (1052, 3€ bounty)
Seat 3: Jordan34400 (652, 2.50€ bounty)
*** ANTE/BLINDS ***
MathisKcr posts ante 7
Jordan34400 posts ante 7
Blackball8 posts ante 7
MathisKcr posts small blind 30
Jordan34400 posts big blind 60
Dealt to MathisKcr [Ac 6h]
*** PRE-FLOP *** 
Blackball8 calls 60
MathisKcr raises 985 to 1045 and is all-in
Jordan34400 calls 585 and is all-in
Blackball8 folds
*** FLOP *** [Qs 9s Qc]
*** TURN *** [Qs 9s Qc][Ts]
*** RIVER *** [Qs 9s Qc Ts][7s]
*** SHOW DOWN ***
MathisKcr shows [Ac 6h] (One pair : Queens)
Jordan34400 shows [9h 7c] (Two pairs : Queens and 9)
Jordan34400 collected 1371 from main pot
MathisKcr collected 400 from side pot 1
*** SUMMARY ***
Total pot 1771 | No rake
Board: [Qs 9s Qc Ts 7s]
Seat 2: MathisKcr (small blind) showed [Ac 6h] and won 400 with One pair : Queens
Seat 3: Jordan34400 (big blind) showed [9h 7c] and won 1371 with Two pairs : Queens and 9


Winamax Poker - Tournament "TRIDENT SPACE KO" buyIn: 4.50€ + 0.50€ level: 7 - HandId: #4235955802562625632-49-1759754314 - Holdem no limit (7/30/60) - 2025/10/06 12:38:34 UTC
Table: 'TRIDENT SPACE KO(986260316)#0095' 3-max (real money) Seat #2 is the button
Seat 1: Blackball8 (729, 3€ bounty)
Seat 2: MathisKcr (400, 3€ bounty)
Seat 3: Jordan34400 (1371, 2.50€ bounty)
*** ANTE/BLINDS ***
Jordan34400 posts ante 7
Blackball8 posts ante 7
MathisKcr posts ante 7
Jordan34400 posts small blind 30
Blackball8 posts big blind 60
Dealt to MathisKcr [5s Tc]
*** PRE-FLOP *** 
MathisKcr raises 60 to 120
Jordan34400 calls 90
Blackball8 calls 60
*** FLOP *** [9c 5h Td]
Jordan34400 checks
Blackball8 bets 60
MathisKcr raises 60 to 120
Jordan34400 folds
Blackball8 calls 60
*** TURN *** [9c 5h Td][8h]
Blackball8 checks
MathisKcr bets 153 and is all-in
Blackball8 calls 153
*** RIVER *** [9c 5h Td 8h][Ts]
*** SHOW DOWN ***
Blackball8 shows [8d 9s] (Two pairs : Tens and 9)
MathisKcr shows [5s Tc] (Full of Tens and 5)
MathisKcr collected 927 from pot
*** SUMMARY ***
Total pot 927 | No rake
Board: [9c 5h Td 8h Ts]
Seat 1: Blackball8 (big blind) showed [8d 9s] and lost with Two pairs : Tens and 9
Seat 2: MathisKcr (button) showed [5s Tc] and won 927 with Full of Tens and 5


Winamax Poker - Tournament "TRIDENT SPACE KO" buyIn: 4.50€ + 0.50€ level: 7 - HandId: #4235955802562625632-50-1759754346 - Holdem no limit (7/30/60) - 2025/10/06 12:39:06 UTC
Table: 'TRIDENT SPACE KO(986260316)#0095' 3-max (real money) Seat #3 is the button
Seat 1: Blackball8 (329, 3€ bounty)
Seat 2: MathisKcr (927, 3€ bounty)
Seat 3: Jordan34400 (1244, 2.50€ bounty)
*** ANTE/BLINDS ***
Blackball8 posts ante 7
MathisKcr posts ante 7
Jordan34400 posts ante 7
Blackball8 posts small blind 30
MathisKcr posts big blind 60
Dealt to MathisKcr [Ks Ac]
*** PRE-FLOP *** 
Jordan34400 folds
Blackball8 folds
MathisKcr collected 111 from pot
*** SUMMARY ***
Total pot 111 | No rake
Seat 2: MathisKcr (big blind) won 111


Winamax Poker - Tournament "TRIDENT SPACE KO" buyIn: 4.50€ + 0.50€ level: 7 - HandId: #4235955802562625632-51-1759754359 - Holdem no limit (7/30/60) - 2025/10/06 12:39:19 UTC
Table: 'TRIDENT SPACE KO(986260316)#0095' 3-max (real money) Seat #1 is the button
Seat 1: Blackball8 (292, 3€ bounty)
Seat 2: MathisKcr (971, 3€ bounty)
Seat 3: Jordan34400 (1237, 2.50€ bounty)
*** ANTE/BLINDS ***
MathisKcr posts ante 7
Jordan34400 posts ante 7
Blackball8 posts ante 7
MathisKcr posts small blind 30
Jordan34400 posts big blind 60
Dealt to MathisKcr [4h Kd]
*** PRE-FLOP *** 
Blackball8 raises 225 to 285 and is all-in
MathisKcr folds
Jordan34400 calls 225
*** FLOP *** [5c 7d 9d]
*** TURN *** [5c 7d 9d][Tc]
*** RIVER *** [5c 7d 9d Tc][8c]
*** SHOW DOWN ***
Blackball8 shows [Jh Ah] (Straight Jack high)
Jordan34400 shows [Ac Js] (Straight Jack high)
Jordan34400 collected 311 from pot
Blackball8 collected 310 from pot
*** SUMMARY ***
Total pot 621 | No rake
Board: [5c 7d 9d Tc 8c]
Seat 1: Blackball8 (button) showed [Jh Ah] and won 310 with Straight Jack high
Seat 3: Jordan34400 (big blind) showed [Ac Js] and won 311 with Straight Jack high


Winamax Poker - Tournament "TRIDENT SPACE KO" buyIn: 4.50€ + 0.50€ level: 7 - HandId: #4235955802562625632-52-1759754374 - Holdem no limit (7/30/60) - 2025/10/06 12:39:34 UTC
Table: 'TRIDENT SPACE KO(986260316)#0095' 3-max (real money) Seat #2 is the button
Seat 1: Blackball8 (310, 3€ bounty)
Seat 2: MathisKcr (934, 3€ bounty)
Seat 3: Jordan34400 (1256, 2.50€ bounty)
*** ANTE/BLINDS ***
Jordan34400 posts ante 7
Blackball8 posts ante 7
MathisKcr posts ante 7
Jordan34400 posts small blind 30
Blackball8 posts big blind 60
Dealt to MathisKcr [9h Qd]
*** PRE-FLOP *** 
MathisKcr calls 60
Jordan34400 calls 30
Blackball8 checks
*** FLOP *** [3s Kh 8s]
Jordan34400 checks
Blackball8 checks
MathisKcr bets 120
Jordan34400 folds
Blackball8 folds
MathisKcr collected 321 from pot
*** SUMMARY ***
Total pot 321 | No rake
Board: [3s Kh 8s]
Seat 2: MathisKcr (button) won 321


Winamax Poker - Tournament "TRIDENT SPACE KO" buyIn: 4.50€ + 0.50€ level: 7 - HandId: #4235955802562625632-53-1759754396 - Holdem no limit (7/30/60) - 2025/10/06 12:39:56 UTC
Table: 'TRIDENT SPACE KO(986260316)#0095' 3-max (real money) Seat #3 is the button
Seat 1: Blackball8 (243, 3€ bounty)
Seat 2: MathisKcr (1068, 3€ bounty)
Seat 3: Jordan34400 (1189, 2.50€ bounty)
*** ANTE/BLINDS ***
Blackball8 posts ante 7
MathisKcr posts ante 7
Jordan34400 posts ante 7
Blackball8 posts small blind 30
MathisKcr posts big blind 60
Dealt to MathisKcr [Kh 6s]
*** PRE-FLOP *** 
Jordan34400 folds
Blackball8 calls 30
MathisKcr checks
*** FLOP *** [Qh 5h 4c]
Blackball8 bets 176 and is all-in
MathisKcr calls 176
*** TURN *** [Qh 5h 4c][Qd]
*** RIVER *** [Qh 5h 4c Qd][Ts]
*** SHOW DOWN ***
MathisKcr shows [Kh 6s] (One pair : Queens)
Blackball8 shows [Kc 7s] (One pair : Queens)
Blackball8 collected 493 from pot
*** SUMMARY ***
Total pot 493 | No rake
Board: [Qh 5h 4c Qd Ts]
Seat 1: Blackball8 (small blind) showed [Kc 7s] and won 493 with One pair : Queens
Seat 2: MathisKcr (big blind) showed [Kh 6s] and lost with One pair : Queens


Winamax Poker - Tournament "TRIDENT SPACE KO" buyIn: 4.50€ + 0.50€ level: 7 - HandId: #4235955802562625632-54-1759754415 - Holdem no limit (7/30/60) - 2025/10/06 12:40:15 UTC
Table: 'TRIDENT SPACE KO(986260316)#0095' 3-max (real money) Seat #1 is the button
Seat 1: Blackball8 (493, 3€ bounty)
Seat 2: MathisKcr (825, 3€ bounty)
Seat 3: Jordan34400 (1182, 2.50€ bounty)
*** ANTE/BLINDS ***
MathisKcr posts ante 7
Jordan34400 posts ante 7
Blackball8 posts ante 7
MathisKcr posts small blind 30
Jordan34400 posts big blind 60
Dealt to MathisKcr [6c 4c]
*** PRE-FLOP *** 
Blackball8 folds
MathisKcr calls 30
Jordan34400 checks
*** FLOP *** [7c Th Jc]
MathisKcr bets 758 and is all-in
Jordan34400 folds
MathisKcr collected 899 from pot
*** SUMMARY ***
Total pot 899 | No rake
Board: [7c Th Jc]
Seat 2: MathisKcr (small blind) won 899


Winamax Poker - Tournament "TRIDENT SPACE KO" buyIn: 4.50€ + 0.50€ level: 8 - HandId: #4235955802562625632-55-1759754431 - Holdem no limit (8/35/70) - 2025/10/06 12:40:31 UTC
Table: 'TRIDENT SPACE KO(986260316)#0095' 3-max (real money) Seat #2 is the button
Seat 1: Blackball8 (486, 3€ bounty)
Seat 2: MathisKcr (899, 3€ bounty)
Seat 3: Jordan34400 (1115, 2.50€ bounty)
*** ANTE/BLINDS ***
Jordan34400 posts ante 8
Blackball8 posts ante 8
MathisKcr posts ante 8
Jordan34400 posts small blind 35
Blackball8 posts big blind 70
Dealt to MathisKcr [Tc 7d]
*** PRE-FLOP *** 
MathisKcr folds
Jordan34400 folds
Blackball8 collected 129 from pot
*** SUMMARY ***
Total pot 129 | No rake
Seat 1: Blackball8 (big blind) won 129


Winamax Poker - Tournament "TRIDENT SPACE KO" buyIn: 4.50€ + 0.50€ level: 8 - HandId: #4235955802562625632-56-1759754436 - Holdem no limit (8/35/70) - 2025/10/06 12:40:36 UTC
Table: 'TRIDENT SPACE KO(986260316)#0095' 3-max (real money) Seat #3 is the button
Seat 1: Blackball8 (537, 3€ bounty)
Seat 2: MathisKcr (891, 3€ bounty)
Seat 3: Jordan34400 (1072, 2.50€ bounty)
*** ANTE/BLINDS ***
Blackball8 posts ante 8
MathisKcr posts ante 8
Jordan34400 posts ante 8
Blackball8 posts small blind 35
MathisKcr posts big blind 70
Dealt to MathisKcr [6s 7s]
*** PRE-FLOP *** 
Jordan34400 folds
Blackball8 raises 459 to 529 and is all-in
MathisKcr folds
Blackball8 collected 623 from pot
*** SUMMARY ***
Total pot 623 | No rake
Seat 1: Blackball8 (small blind) won 623


Winamax Poker - Tournament "TRIDENT SPACE KO" buyIn: 4.50€ + 0.50€ level: 8 - HandId: #4235955802562625632-57-1759754444 - Holdem no limit (8/35/70) - 2025/10/06 12:40:44 UTC
Table: 'TRIDENT SPACE KO(986260316)#0095' 3-max (real money) Seat #1 is the button
Seat 1: Blackball8 (623, 3€ bounty)
Seat 2: MathisKcr (813, 3€ bounty)
Seat 3: Jordan34400 (1064, 2.50€ bounty)
*** ANTE/BLINDS ***
MathisKcr posts ante 8
Jordan34400 posts ante 8
Blackball8 posts ante 8
MathisKcr posts small blind 35
Jordan34400 posts big blind 70
Dealt to MathisKcr [7h 9d]
*** PRE-FLOP *** 
Blackball8 folds
MathisKcr calls 35
Jordan34400 checks
*** FLOP *** [4s 2s 2c]
MathisKcr checks
Jordan34400 checks
*** TURN *** [4s 2s 2c][8s]
MathisKcr bets 140
Jordan34400 folds
MathisKcr collected 304 from pot
*** SUMMARY ***
Total pot 304 | No rake
Board: [4s 2s 2c 8s]
Seat 2: MathisKcr (small blind) won 304


Winamax Poker - Tournament "TRIDENT SPACE KO" buyIn: 4.50€ + 0.50€ level: 8 - HandId: #4235955802562625632-58-1759754463 - Holdem no limit (8/35/70) - 2025/10/06 12:41:03 UTC
Table: 'TRIDENT SPACE KO(986260316)#0095' 3-max (real money) Seat #2 is the button
Seat 1: Blackball8 (615, 3€ bounty)
Seat 2: MathisKcr (899, 3€ bounty)
Seat 3: Jordan34400 (986, 2.50€ bounty)
*** ANTE/BLINDS ***
Jordan34400 posts ante 8
Blackball8 posts ante 8
MathisKcr posts ante 8
Jordan34400 posts small blind 35
Blackball8 posts big blind 70
Dealt to MathisKcr [4d Ts]
*** PRE-FLOP *** 
MathisKcr folds
Jordan34400 folds
Blackball8 collected 129 from pot
*** SUMMARY ***
Total pot 129 | No rake
Seat 1: Blackball8 (big blind) won 129


Winamax Poker - Tournament "TRIDENT SPACE KO" buyIn: 4.50€ + 0.50€ level: 8 - HandId: #4235955802562625632-59-1759754469 - Holdem no limit (8/35/70) - 2025/10/06 12:41:09 UTC
Table: 'TRIDENT SPACE KO(986260316)#0095' 3-max (real money) Seat #3 is the button
Seat 1: Blackball8 (666, 3€ bounty)
Seat 2: MathisKcr (891, 3€ bounty)
Seat 3: Jordan34400 (943, 2.50€ bounty)
*** ANTE/BLINDS ***
Blackball8 posts ante 8
MathisKcr posts ante 8
Jordan34400 posts ante 8
Blackball8 posts small blind 35
MathisKcr posts big blind 70
Dealt to MathisKcr [5h Jd]
*** PRE-FLOP *** 
Jordan34400 calls 70
Blackball8 calls 35
MathisKcr checks
*** FLOP *** [6s Js 6c]
Blackball8 bets 70
MathisKcr raises 70 to 140
Jordan34400 raises 725 to 865 and is all-in
Blackball8 folds
MathisKcr calls 673 and is all-in
*** TURN *** [6s Js 6c][Qh]
*** RIVER *** [6s Js 6c Qh][7h]
*** SHOW DOWN ***
MathisKcr shows [5h Jd] (Two pairs : Jacks and 6)
Jordan34400 shows [As Ad] (Two pairs : Aces and 6)
Jordan34400 collected 1982 from pot
*** SUMMARY ***
Total pot 1982 | No rake
Board: [6s Js 6c Qh 7h]
Seat 2: MathisKcr (big blind) showed [5h Jd] and lost with Two pairs : Jacks and 6
Seat 3: Jordan34400 (button) showed [As Ad] and won 1982 with Two pairs : Aces and 6


