Winamax Poker - Tournament "Expresso" buyIn: 0.46€ + 0.04€ level: 1 - HandId: #4334382520113037313-1-1761392545 - Holdem no limit (10/20) - 2025/10/25 11:42:25 UTC
Table: 'Expresso(1009177072)#0' 3-max (real money) Seat #3 is the button
Seat 1: Le clown 62 (500)
Seat 2: MathisKcr (500)
Seat 3: sergiodrv25 (500)
*** ANTE/BLINDS ***
Le clown 62 posts small blind 10
MathisKcr posts big blind 20
Dealt to MathisKcr [9s Td]
*** PRE-FLOP *** 
sergiodrv25 raises 480 to 500 and is all-in
Le clown 62 calls 490 and is all-in
MathisKcr folds
*** FLOP *** [9d 7s Jh]
*** TURN *** [9d 7s Jh][4s]
*** RIVER *** [9d 7s Jh 4s][Ks]
*** SHOW DOWN ***
sergiodrv25 shows [Ac 6c] (High card : Ace)
Le clown 62 shows [Qs As] (Flush Ace high)
Le clown 62 collected 1020 from pot
*** SUMMARY ***
Total pot 1020 | No rake
Board: [9d 7s Jh 4s Ks]
Seat 1: Le clown 62 (small blind) showed [Qs As] and won 1020 with Flush Ace high
Seat 3: sergiodrv25 (button) showed [Ac 6c] and lost with High card : Ace


Winamax Poker - Tournament "Expresso" buyIn: 0.46€ + 0.04€ level: 1 - HandId: #4334382520113037313-2-1761392579 - Holdem no limit (10/20) - 2025/10/25 11:42:59 UTC
Table: 'Expresso(1009177072)#0' 3-max (real money) Seat #2 is the button
Seat 1: Le clown 62 (1020)
Seat 2: MathisKcr (480)
*** ANTE/BLINDS ***
MathisKcr posts small blind 10
Le clown 62 posts big blind 20
Dealt to MathisKcr [7c 9d]
*** PRE-FLOP *** 
MathisKcr calls 10
Le clown 62 raises 20 to 40
MathisKcr calls 20
*** FLOP *** [Ks 5s 2c]
Le clown 62 bets 20
MathisKcr folds
Le clown 62 collected 100 from pot
*** SUMMARY ***
Total pot 100 | No rake
Board: [Ks 5s 2c]
Seat 1: Le clown 62 (big blind) won 100


Winamax Poker - Tournament "Expresso" buyIn: 0.46€ + 0.04€ level: 1 - HandId: #4334382520113037313-3-1761392594 - Holdem no limit (10/20) - 2025/10/25 11:43:14 UTC
Table: 'Expresso(1009177072)#0' 3-max (real money) Seat #1 is the button
Seat 1: Le clown 62 (1060)
Seat 2: MathisKcr (440)
*** ANTE/BLINDS ***
Le clown 62 posts small blind 10
MathisKcr posts big blind 20
Dealt to MathisKcr [5d 5s]
*** PRE-FLOP *** 
Le clown 62 calls 10
MathisKcr raises 420 to 440 and is all-in
Le clown 62 folds
MathisKcr collected 460 from pot
*** SUMMARY ***
Total pot 460 | No rake
Seat 2: MathisKcr (big blind) won 460


Winamax Poker - Tournament "Expresso" buyIn: 0.46€ + 0.04€ level: 1 - HandId: #4334382520113037313-4-1761392605 - Holdem no limit (10/20) - 2025/10/25 11:43:25 UTC
Table: 'Expresso(1009177072)#0' 3-max (real money) Seat #2 is the button
Seat 1: Le clown 62 (1040)
Seat 2: MathisKcr (460)
*** ANTE/BLINDS ***
MathisKcr posts small blind 10
Le clown 62 posts big blind 20
Dealt to MathisKcr [5d 2c]
*** PRE-FLOP *** 
MathisKcr folds
Le clown 62 collected 30 from pot
*** SUMMARY ***
Total pot 30 | No rake
Seat 1: Le clown 62 (big blind) won 30


Winamax Poker - Tournament "Expresso" buyIn: 0.46€ + 0.04€ level: 1 - HandId: #4334382520113037313-5-1761392611 - Holdem no limit (10/20) - 2025/10/25 11:43:31 UTC
Table: 'Expresso(1009177072)#0' 3-max (real money) Seat #1 is the button
Seat 1: Le clown 62 (1050)
Seat 2: MathisKcr (450)
*** ANTE/BLINDS ***
Le clown 62 posts small blind 10
MathisKcr posts big blind 20
Dealt to MathisKcr [3d 4h]
*** PRE-FLOP *** 
Le clown 62 calls 10
MathisKcr checks
*** FLOP *** [4s 2c Kc]
MathisKcr bets 40
Le clown 62 folds
MathisKcr collected 80 from pot
*** SUMMARY ***
Total pot 80 | No rake
Board: [4s 2c Kc]
Seat 2: MathisKcr (big blind) won 80


Winamax Poker - Tournament "Expresso" buyIn: 0.46€ + 0.04€ level: 1 - HandId: #4334382520113037313-6-1761392625 - Holdem no limit (10/20) - 2025/10/25 11:43:45 UTC
Table: 'Expresso(1009177072)#0' 3-max (real money) Seat #2 is the button
Seat 1: Le clown 62 (1030)
Seat 2: MathisKcr (470)
*** ANTE/BLINDS ***
MathisKcr posts small blind 10
Le clown 62 posts big blind 20
Dealt to MathisKcr [Ah 9h]
*** PRE-FLOP *** 
MathisKcr raises 40 to 60
Le clown 62 folds
MathisKcr collected 80 from pot
*** SUMMARY ***
Total pot 80 | No rake
Seat 2: MathisKcr (small blind) (button) won 80


Winamax Poker - Tournament "Expresso" buyIn: 0.46€ + 0.04€ level: 2 - HandId: #4334382520113037313-7-1761392636 - Holdem no limit (15/30) - 2025/10/25 11:43:56 UTC
Table: 'Expresso(1009177072)#0' 3-max (real money) Seat #1 is the button
Seat 1: Le clown 62 (1010)
Seat 2: MathisKcr (490)
*** ANTE/BLINDS ***
Le clown 62 posts small blind 15
MathisKcr posts big blind 30
Dealt to MathisKcr [Qc 7h]
*** PRE-FLOP *** 
Le clown 62 folds
MathisKcr collected 45 from pot
*** SUMMARY ***
Total pot 45 | No rake
Seat 2: MathisKcr (big blind) won 45


Winamax Poker - Tournament "Expresso" buyIn: 0.46€ + 0.04€ level: 2 - HandId: #4334382520113037313-8-1761392644 - Holdem no limit (15/30) - 2025/10/25 11:44:04 UTC
Table: 'Expresso(1009177072)#0' 3-max (real money) Seat #2 is the button
Seat 1: Le clown 62 (995)
Seat 2: MathisKcr (505)
*** ANTE/BLINDS ***
MathisKcr posts small blind 15
Le clown 62 posts big blind 30
Dealt to MathisKcr [Td 8c]
*** PRE-FLOP *** 
MathisKcr calls 15
Le clown 62 checks
*** FLOP *** [Kd 5s Ts]
Le clown 62 checks
MathisKcr bets 60
Le clown 62 calls 60
*** TURN *** [Kd 5s Ts][Kh]
Le clown 62 checks
MathisKcr bets 117
Le clown 62 calls 117
*** RIVER *** [Kd 5s Ts Kh][7c]
Le clown 62 checks
MathisKcr checks
*** SHOW DOWN ***
Le clown 62 shows [2s 3s] (One pair : Kings)
MathisKcr shows [Td 8c] (Two pairs : Kings and Tens)
MathisKcr collected 414 from pot
*** SUMMARY ***
Total pot 414 | No rake
Board: [Kd 5s Ts Kh 7c]
Seat 1: Le clown 62 (big blind) showed [2s 3s] and lost with One pair : Kings
Seat 2: MathisKcr (small blind) (button) showed [Td 8c] and won 414 with Two pairs : Kings and Tens


Winamax Poker - Tournament "Expresso" buyIn: 0.46€ + 0.04€ level: 2 - HandId: #4334382520113037313-9-1761392664 - Holdem no limit (15/30) - 2025/10/25 11:44:24 UTC
Table: 'Expresso(1009177072)#0' 3-max (real money) Seat #1 is the button
Seat 1: Le clown 62 (788)
Seat 2: MathisKcr (712)
*** ANTE/BLINDS ***
Le clown 62 posts small blind 15
MathisKcr posts big blind 30
Dealt to MathisKcr [3c 5h]
*** PRE-FLOP *** 
Le clown 62 calls 15
MathisKcr checks
*** FLOP *** [Jd Ks 7h]
MathisKcr checks
Le clown 62 bets 30
MathisKcr folds
Le clown 62 collected 90 from pot
*** SUMMARY ***
Total pot 90 | No rake
Board: [Jd Ks 7h]
Seat 1: Le clown 62 (small blind) (button) won 90


Winamax Poker - Tournament "Expresso" buyIn: 0.46€ + 0.04€ level: 2 - HandId: #4334382520113037313-10-1761392676 - Holdem no limit (15/30) - 2025/10/25 11:44:36 UTC
Table: 'Expresso(1009177072)#0' 3-max (real money) Seat #2 is the button
Seat 1: Le clown 62 (818)
Seat 2: MathisKcr (682)
*** ANTE/BLINDS ***
MathisKcr posts small blind 15
Le clown 62 posts big blind 30
Dealt to MathisKcr [3h 9c]
*** PRE-FLOP *** 
MathisKcr folds
Le clown 62 collected 45 from pot
*** SUMMARY ***
Total pot 45 | No rake
Seat 1: Le clown 62 (big blind) won 45


Winamax Poker - Tournament "Expresso" buyIn: 0.46€ + 0.04€ level: 2 - HandId: #4334382520113037313-11-1761392681 - Holdem no limit (15/30) - 2025/10/25 11:44:41 UTC
Table: 'Expresso(1009177072)#0' 3-max (real money) Seat #1 is the button
Seat 1: Le clown 62 (833)
Seat 2: MathisKcr (667)
*** ANTE/BLINDS ***
Le clown 62 posts small blind 15
MathisKcr posts big blind 30
Dealt to MathisKcr [3c 4c]
*** PRE-FLOP *** 
Le clown 62 calls 15
MathisKcr checks
*** FLOP *** [4s 8s Jh]
MathisKcr bets 90
Le clown 62 calls 90
*** TURN *** [4s 8s Jh][2d]
MathisKcr checks
Le clown 62 bets 30
MathisKcr calls 30
*** RIVER *** [4s 8s Jh 2d][9d]
MathisKcr checks
Le clown 62 bets 683 and is all-in
MathisKcr folds
Le clown 62 collected 983 from pot
*** SUMMARY ***
Total pot 983 | No rake
Board: [4s 8s Jh 2d 9d]
Seat 1: Le clown 62 (small blind) (button) won 983


Winamax Poker - Tournament "Expresso" buyIn: 0.46€ + 0.04€ level: 2 - HandId: #4334382520113037313-12-1761392708 - Holdem no limit (15/30) - 2025/10/25 11:45:08 UTC
Table: 'Expresso(1009177072)#0' 3-max (real money) Seat #2 is the button
Seat 1: Le clown 62 (983)
Seat 2: MathisKcr (517)
*** ANTE/BLINDS ***
MathisKcr posts small blind 15
Le clown 62 posts big blind 30
Dealt to MathisKcr [Jh Kd]
*** PRE-FLOP *** 
MathisKcr raises 30 to 60
Le clown 62 calls 30
*** FLOP *** [3h Th 2d]
Le clown 62 checks
MathisKcr bets 90
Le clown 62 folds
MathisKcr collected 210 from pot
*** SUMMARY ***
Total pot 210 | No rake
Board: [3h Th 2d]
Seat 2: MathisKcr (small blind) (button) won 210


Winamax Poker - Tournament "Expresso" buyIn: 0.46€ + 0.04€ level: 2 - HandId: #4334382520113037313-13-1761392723 - Holdem no limit (15/30) - 2025/10/25 11:45:23 UTC
Table: 'Expresso(1009177072)#0' 3-max (real money) Seat #1 is the button
Seat 1: Le clown 62 (923)
Seat 2: MathisKcr (577)
*** ANTE/BLINDS ***
Le clown 62 posts small blind 15
MathisKcr posts big blind 30
Dealt to MathisKcr [7d Kd]
*** PRE-FLOP *** 
Le clown 62 calls 15
MathisKcr raises 30 to 60
Le clown 62 calls 30
*** FLOP *** [Jh 3h 3c]
MathisKcr bets 517 and is all-in
Le clown 62 calls 517
*** TURN *** [Jh 3h 3c][Js]
*** RIVER *** [Jh 3h 3c Js][Kc]
*** SHOW DOWN ***
MathisKcr shows [7d Kd] (Two pairs : Kings and Jacks)
Le clown 62 shows [7c 3s] (Full of 3 and Jacks)
Le clown 62 collected 1154 from pot
*** SUMMARY ***
Total pot 1154 | No rake
Board: [Jh 3h 3c Js Kc]
Seat 1: Le clown 62 (small blind) (button) showed [7c 3s] and won 1154 with Full of 3 and Jacks
Seat 2: MathisKcr (big blind) showed [7d Kd] and lost with Two pairs : Kings and Jacks


