Winamax Poker - Tournament "Expresso" buyIn: 0.46€ + 0.04€ level: 1 - HandId: #4349355849848717313-1-1762092373 - Holdem no limit (10/20) - 2025/11/02 14:06:13 UTC
Table: 'Expresso(1012663322)#0' 3-max (real money) Seat #2 is the button
Seat 1: Che you (500)
Seat 2: AKYHA MATATA (500)
Seat 3: MathisKcr (500)
*** ANTE/BLINDS ***
MathisKcr posts small blind 10
Che you posts big blind 20
Dealt to MathisKcr [8h Ad]
*** PRE-FLOP *** 
AKYHA MATATA folds
MathisKcr calls 10
Che you checks
*** FLOP *** [Ac Jc 7h]
MathisKcr bets 40
Che you folds
MathisKcr collected 80 from pot
*** SUMMARY ***
Total pot 80 | No rake
Board: [Ac Jc 7h]
Seat 3: MathisKcr (small blind) won 80


Winamax Poker - Tournament "Expresso" buyIn: 0.46€ + 0.04€ level: 1 - HandId: #4349355849848717313-2-1762092392 - Holdem no limit (10/20) - 2025/11/02 14:06:32 UTC
Table: 'Expresso(1012663322)#0' 3-max (real money) Seat #3 is the button
Seat 1: Che you (480)
Seat 2: AKYHA MATATA (500)
Seat 3: MathisKcr (520)
*** ANTE/BLINDS ***
Che you posts small blind 10
AKYHA MATATA posts big blind 20
Dealt to MathisKcr [3h Ah]
*** PRE-FLOP *** 
MathisKcr raises 20 to 40
Che you calls 30
AKYHA MATATA calls 20
*** FLOP *** [5c 2c Qh]
Che you checks
AKYHA MATATA checks
MathisKcr bets 60
Che you folds
AKYHA MATATA folds
MathisKcr collected 180 from pot
*** SUMMARY ***
Total pot 180 | No rake
Board: [5c 2c Qh]
Seat 3: MathisKcr (button) won 180


Winamax Poker - Tournament "Expresso" buyIn: 0.46€ + 0.04€ level: 1 - HandId: #4349355849848717313-3-1762092415 - Holdem no limit (10/20) - 2025/11/02 14:06:55 UTC
Table: 'Expresso(1012663322)#0' 3-max (real money) Seat #1 is the button
Seat 1: Che you (440)
Seat 2: AKYHA MATATA (460)
Seat 3: MathisKcr (600)
*** ANTE/BLINDS ***
AKYHA MATATA posts small blind 10
MathisKcr posts big blind 20
Dealt to MathisKcr [Qc 8s]
*** PRE-FLOP *** 
Che you calls 20
AKYHA MATATA raises 440 to 460 and is all-in
MathisKcr folds
Che you folds
AKYHA MATATA collected 500 from pot
*** SUMMARY ***
Total pot 500 | No rake
Seat 2: AKYHA MATATA (small blind) won 500


Winamax Poker - Tournament "Expresso" buyIn: 0.46€ + 0.04€ level: 1 - HandId: #4349355849848717313-4-1762092425 - Holdem no limit (10/20) - 2025/11/02 14:07:05 UTC
Table: 'Expresso(1012663322)#0' 3-max (real money) Seat #2 is the button
Seat 1: Che you (420)
Seat 2: AKYHA MATATA (500)
Seat 3: MathisKcr (580)
*** ANTE/BLINDS ***
MathisKcr posts small blind 10
Che you posts big blind 20
Dealt to MathisKcr [6c Qc]
*** PRE-FLOP *** 
AKYHA MATATA folds
MathisKcr calls 10
Che you checks
*** FLOP *** [Td Ts Ks]
MathisKcr bets 60
Che you raises 60 to 120
MathisKcr folds
Che you collected 220 from pot
*** SUMMARY ***
Total pot 220 | No rake
Board: [Td Ts Ks]
Seat 1: Che you (big blind) won 220


Winamax Poker - Tournament "Expresso" buyIn: 0.46€ + 0.04€ level: 1 - HandId: #4349355849848717313-5-1762092443 - Holdem no limit (10/20) - 2025/11/02 14:07:23 UTC
Table: 'Expresso(1012663322)#0' 3-max (real money) Seat #3 is the button
Seat 1: Che you (500)
Seat 2: AKYHA MATATA (500)
Seat 3: MathisKcr (500)
*** ANTE/BLINDS ***
Che you posts small blind 10
AKYHA MATATA posts big blind 20
Dealt to MathisKcr [8s 3s]
*** PRE-FLOP *** 
MathisKcr folds
Che you raises 20 to 40
AKYHA MATATA folds
Che you collected 60 from pot
*** SUMMARY ***
Total pot 60 | No rake
Seat 1: Che you (small blind) won 60


Winamax Poker - Tournament "Expresso" buyIn: 0.46€ + 0.04€ level: 1 - HandId: #4349355849848717313-6-1762092453 - Holdem no limit (10/20) - 2025/11/02 14:07:33 UTC
Table: 'Expresso(1012663322)#0' 3-max (real money) Seat #1 is the button
Seat 1: Che you (520)
Seat 2: AKYHA MATATA (480)
Seat 3: MathisKcr (500)
*** ANTE/BLINDS ***
AKYHA MATATA posts small blind 10
MathisKcr posts big blind 20
Dealt to MathisKcr [4s 2s]
*** PRE-FLOP *** 
Che you calls 20
AKYHA MATATA calls 10
MathisKcr checks
*** FLOP *** [Jd Qc 3d]
AKYHA MATATA checks
MathisKcr checks
Che you checks
*** TURN *** [Jd Qc 3d][6d]
AKYHA MATATA checks
MathisKcr bets 60
Che you folds
AKYHA MATATA folds
MathisKcr collected 120 from pot
*** SUMMARY ***
Total pot 120 | No rake
Board: [Jd Qc 3d 6d]
Seat 3: MathisKcr (big blind) won 120


Winamax Poker - Tournament "Expresso" buyIn: 0.46€ + 0.04€ level: 2 - HandId: #4349355849848717313-7-1762092485 - Holdem no limit (15/30) - 2025/11/02 14:08:05 UTC
Table: 'Expresso(1012663322)#0' 3-max (real money) Seat #2 is the button
Seat 1: Che you (500)
Seat 2: AKYHA MATATA (460)
Seat 3: MathisKcr (540)
*** ANTE/BLINDS ***
MathisKcr posts small blind 15
Che you posts big blind 30
Dealt to MathisKcr [3h 8c]
*** PRE-FLOP *** 
AKYHA MATATA folds
MathisKcr folds
Che you collected 45 from pot
*** SUMMARY ***
Total pot 45 | No rake
Seat 1: Che you (big blind) won 45


Winamax Poker - Tournament "Expresso" buyIn: 0.46€ + 0.04€ level: 2 - HandId: #4349355849848717313-8-1762092495 - Holdem no limit (15/30) - 2025/11/02 14:08:15 UTC
Table: 'Expresso(1012663322)#0' 3-max (real money) Seat #3 is the button
Seat 1: Che you (515)
Seat 2: AKYHA MATATA (460)
Seat 3: MathisKcr (525)
*** ANTE/BLINDS ***
Che you posts small blind 15
AKYHA MATATA posts big blind 30
Dealt to MathisKcr [Js Ts]
*** PRE-FLOP *** 
MathisKcr raises 30 to 60
Che you calls 45
AKYHA MATATA folds
*** FLOP *** [Tc Qd 3c]
Che you checks
MathisKcr bets 98
Che you calls 98
*** TURN *** [Tc Qd 3c][6c]
Che you bets 30
MathisKcr raises 337 to 367 and is all-in
Che you folds
MathisKcr collected 743 from pot
*** SUMMARY ***
Total pot 743 | No rake
Board: [Tc Qd 3c 6c]
Seat 3: MathisKcr (button) won 743


Winamax Poker - Tournament "Expresso" buyIn: 0.46€ + 0.04€ level: 2 - HandId: #4349355849848717313-9-1762092528 - Holdem no limit (15/30) - 2025/11/02 14:08:48 UTC
Table: 'Expresso(1012663322)#0' 3-max (real money) Seat #1 is the button
Seat 1: Che you (327)
Seat 2: AKYHA MATATA (430)
Seat 3: MathisKcr (743)
*** ANTE/BLINDS ***
AKYHA MATATA posts small blind 15
MathisKcr posts big blind 30
Dealt to MathisKcr [9s 3h]
*** PRE-FLOP *** 
Che you folds
AKYHA MATATA calls 15
MathisKcr checks
*** FLOP *** [6d 5s Jh]
AKYHA MATATA bets 60
MathisKcr folds
AKYHA MATATA collected 120 from pot
*** SUMMARY ***
Total pot 120 | No rake
Board: [6d 5s Jh]
Seat 2: AKYHA MATATA (small blind) won 120


Winamax Poker - Tournament "Expresso" buyIn: 0.46€ + 0.04€ level: 2 - HandId: #4349355849848717313-10-1762092548 - Holdem no limit (15/30) - 2025/11/02 14:09:08 UTC
Table: 'Expresso(1012663322)#0' 3-max (real money) Seat #2 is the button
Seat 1: Che you (327)
Seat 2: AKYHA MATATA (460)
Seat 3: MathisKcr (713)
*** ANTE/BLINDS ***
MathisKcr posts small blind 15
Che you posts big blind 30
Dealt to MathisKcr [Ks Qh]
*** PRE-FLOP *** 
AKYHA MATATA folds
MathisKcr raises 30 to 60
Che you calls 30
*** FLOP *** [Jc Ah 7d]
MathisKcr bets 90
Che you folds
MathisKcr collected 210 from pot
*** SUMMARY ***
Total pot 210 | No rake
Board: [Jc Ah 7d]
Seat 3: MathisKcr (small blind) won 210


Winamax Poker - Tournament "Expresso" buyIn: 0.46€ + 0.04€ level: 3 - HandId: #4349355849848717313-11-1762092571 - Holdem no limit (20/40) - 2025/11/02 14:09:31 UTC
Table: 'Expresso(1012663322)#0' 3-max (real money) Seat #3 is the button
Seat 1: Che you (267)
Seat 2: AKYHA MATATA (460)
Seat 3: MathisKcr (773)
*** ANTE/BLINDS ***
Che you posts small blind 20
AKYHA MATATA posts big blind 40
Dealt to MathisKcr [6s 6h]
*** PRE-FLOP *** 
MathisKcr raises 733 to 773 and is all-in
Che you calls 247 and is all-in
AKYHA MATATA folds
*** FLOP *** [7h 8h 5d]
*** TURN *** [7h 8h 5d][3c]
*** RIVER *** [7h 8h 5d 3c][Th]
*** SHOW DOWN ***
Che you shows [9d 9h] (One pair : 9)
MathisKcr shows [6s 6h] (One pair : 6)
MathisKcr collected 506 from side pot 1
Che you collected 574 from main pot
*** SUMMARY ***
Total pot 1080 | No rake
Board: [7h 8h 5d 3c Th]
Seat 1: Che you (small blind) showed [9d 9h] and won 574 with One pair : 9
Seat 3: MathisKcr (button) showed [6s 6h] and won 506 with One pair : 6


Winamax Poker - Tournament "Expresso" buyIn: 0.46€ + 0.04€ level: 3 - HandId: #4349355849848717313-12-1762092589 - Holdem no limit (20/40) - 2025/11/02 14:09:49 UTC
Table: 'Expresso(1012663322)#0' 3-max (real money) Seat #1 is the button
Seat 1: Che you (574)
Seat 2: AKYHA MATATA (420)
Seat 3: MathisKcr (506)
*** ANTE/BLINDS ***
AKYHA MATATA posts small blind 20
MathisKcr posts big blind 40
Dealt to MathisKcr [7s 4s]
*** PRE-FLOP *** 
Che you folds
AKYHA MATATA raises 380 to 420 and is all-in
MathisKcr folds
AKYHA MATATA collected 460 from pot
*** SUMMARY ***
Total pot 460 | No rake
Seat 2: AKYHA MATATA (small blind) won 460


Winamax Poker - Tournament "Expresso" buyIn: 0.46€ + 0.04€ level: 3 - HandId: #4349355849848717313-13-1762092598 - Holdem no limit (20/40) - 2025/11/02 14:09:58 UTC
Table: 'Expresso(1012663322)#0' 3-max (real money) Seat #2 is the button
Seat 1: Che you (574)
Seat 2: AKYHA MATATA (460)
Seat 3: MathisKcr (466)
*** ANTE/BLINDS ***
MathisKcr posts small blind 20
Che you posts big blind 40
Dealt to MathisKcr [As 8s]
*** PRE-FLOP *** 
AKYHA MATATA folds
MathisKcr raises 40 to 80
Che you calls 40
*** FLOP *** [7s 4d 5s]
MathisKcr bets 120
Che you calls 120
*** TURN *** [7s 4d 5s][3c]
MathisKcr checks
Che you bets 40
MathisKcr calls 40
*** RIVER *** [7s 4d 5s 3c][6h]
MathisKcr checks
Che you checks
*** SHOW DOWN ***
Che you shows [Tc Ad] (Straight 7 high)
MathisKcr shows [As 8s] (Straight 8 high)
MathisKcr collected 480 from pot
*** SUMMARY ***
Total pot 480 | No rake
Board: [7s 4d 5s 3c 6h]
Seat 1: Che you (big blind) showed [Tc Ad] and lost with Straight 7 high
Seat 3: MathisKcr (small blind) showed [As 8s] and won 480 with Straight 8 high


Winamax Poker - Tournament "Expresso" buyIn: 0.46€ + 0.04€ level: 3 - HandId: #4349355849848717313-14-1762092626 - Holdem no limit (20/40) - 2025/11/02 14:10:26 UTC
Table: 'Expresso(1012663322)#0' 3-max (real money) Seat #3 is the button
Seat 1: Che you (334)
Seat 2: AKYHA MATATA (460)
Seat 3: MathisKcr (706)
*** ANTE/BLINDS ***
Che you posts small blind 20
AKYHA MATATA posts big blind 40
Dealt to MathisKcr [Kc 4h]
*** PRE-FLOP *** 
MathisKcr calls 40
Che you calls 20
AKYHA MATATA checks
*** FLOP *** [7h 8d 3h]
Che you checks
AKYHA MATATA checks
MathisKcr bets 80
Che you folds
AKYHA MATATA folds
MathisKcr collected 200 from pot
*** SUMMARY ***
Total pot 200 | No rake
Board: [7h 8d 3h]
Seat 3: MathisKcr (button) won 200


Winamax Poker - Tournament "Expresso" buyIn: 0.46€ + 0.04€ level: 4 - HandId: #4349355849848717313-15-1762092657 - Holdem no limit (30/60) - 2025/11/02 14:10:57 UTC
Table: 'Expresso(1012663322)#0' 3-max (real money) Seat #1 is the button
Seat 1: Che you (294)
Seat 2: AKYHA MATATA (420)
Seat 3: MathisKcr (786)
*** ANTE/BLINDS ***
AKYHA MATATA posts small blind 30
MathisKcr posts big blind 60
Dealt to MathisKcr [8d Ts]
*** PRE-FLOP *** 
Che you calls 60
AKYHA MATATA calls 30
MathisKcr checks
*** FLOP *** [4d 3s 5c]
AKYHA MATATA checks
MathisKcr bets 120
Che you raises 114 to 234 and is all-in
AKYHA MATATA folds
MathisKcr calls 114
*** TURN *** [4d 3s 5c][Jc]
*** RIVER *** [4d 3s 5c Jc][As]
*** SHOW DOWN ***
MathisKcr shows [8d Ts] (High card : Ace)
Che you shows [5h Kd] (One pair : 5)
Che you collected 648 from pot
*** SUMMARY ***
Total pot 648 | No rake
Board: [4d 3s 5c Jc As]
Seat 1: Che you (button) showed [5h Kd] and won 648 with One pair : 5
Seat 3: MathisKcr (big blind) showed [8d Ts] and lost with High card : Ace


Winamax Poker - Tournament "Expresso" buyIn: 0.46€ + 0.04€ level: 4 - HandId: #4349355849848717313-16-1762092683 - Holdem no limit (30/60) - 2025/11/02 14:11:23 UTC
Table: 'Expresso(1012663322)#0' 3-max (real money) Seat #2 is the button
Seat 1: Che you (648)
Seat 2: AKYHA MATATA (360)
Seat 3: MathisKcr (492)
*** ANTE/BLINDS ***
MathisKcr posts small blind 30
Che you posts big blind 60
Dealt to MathisKcr [2h Ts]
*** PRE-FLOP *** 
AKYHA MATATA folds
MathisKcr folds
Che you collected 90 from pot
*** SUMMARY ***
Total pot 90 | No rake
Seat 1: Che you (big blind) won 90


Winamax Poker - Tournament "Expresso" buyIn: 0.46€ + 0.04€ level: 4 - HandId: #4349355849848717313-17-1762092690 - Holdem no limit (30/60) - 2025/11/02 14:11:30 UTC
Table: 'Expresso(1012663322)#0' 3-max (real money) Seat #3 is the button
Seat 1: Che you (678)
Seat 2: AKYHA MATATA (360)
Seat 3: MathisKcr (462)
*** ANTE/BLINDS ***
Che you posts small blind 30
AKYHA MATATA posts big blind 60
Dealt to MathisKcr [Ah Tc]
*** PRE-FLOP *** 
MathisKcr raises 60 to 120
Che you calls 90
AKYHA MATATA calls 60
*** FLOP *** [8h 6c Ad]
Che you bets 60
AKYHA MATATA folds
MathisKcr raises 282 to 342 and is all-in
Che you folds
MathisKcr collected 762 from pot
*** SUMMARY ***
Total pot 762 | No rake
Board: [8h 6c Ad]
Seat 3: MathisKcr (button) won 762


Winamax Poker - Tournament "Expresso" buyIn: 0.46€ + 0.04€ level: 4 - HandId: #4349355849848717313-18-1762092724 - Holdem no limit (30/60) - 2025/11/02 14:12:04 UTC
Table: 'Expresso(1012663322)#0' 3-max (real money) Seat #1 is the button
Seat 1: Che you (498)
Seat 2: AKYHA MATATA (240)
Seat 3: MathisKcr (762)
*** ANTE/BLINDS ***
AKYHA MATATA posts small blind 30
MathisKcr posts big blind 60
Dealt to MathisKcr [5h Jh]
*** PRE-FLOP *** 
Che you folds
AKYHA MATATA calls 30
MathisKcr checks
*** FLOP *** [9d 6c 3h]
AKYHA MATATA checks
MathisKcr bets 180
AKYHA MATATA calls 180 and is all-in
*** TURN *** [9d 6c 3h][5s]
*** RIVER *** [9d 6c 3h 5s][2d]
*** SHOW DOWN ***
MathisKcr shows [5h Jh] (One pair : 5)
AKYHA MATATA shows [7d 8h] (Straight 9 high)
AKYHA MATATA collected 480 from pot
*** SUMMARY ***
Total pot 480 | No rake
Board: [9d 6c 3h 5s 2d]
Seat 2: AKYHA MATATA (small blind) showed [7d 8h] and won 480 with Straight 9 high
Seat 3: MathisKcr (big blind) showed [5h Jh] and lost with One pair : 5


Winamax Poker - Tournament "Expresso" buyIn: 0.46€ + 0.04€ level: 5 - HandId: #4349355849848717313-19-1762092746 - Holdem no limit (40/80) - 2025/11/02 14:12:26 UTC
Table: 'Expresso(1012663322)#0' 3-max (real money) Seat #2 is the button
Seat 1: Che you (498)
Seat 2: AKYHA MATATA (480)
Seat 3: MathisKcr (522)
*** ANTE/BLINDS ***
MathisKcr posts small blind 40
Che you posts big blind 80
Dealt to MathisKcr [Jd 8c]
*** PRE-FLOP *** 
AKYHA MATATA raises 400 to 480 and is all-in
MathisKcr folds
Che you folds
AKYHA MATATA collected 600 from pot
*** SUMMARY ***
Total pot 600 | No rake
Seat 2: AKYHA MATATA (button) won 600


Winamax Poker - Tournament "Expresso" buyIn: 0.46€ + 0.04€ level: 5 - HandId: #4349355849848717313-20-1762092759 - Holdem no limit (40/80) - 2025/11/02 14:12:39 UTC
Table: 'Expresso(1012663322)#0' 3-max (real money) Seat #3 is the button
Seat 1: Che you (418)
Seat 2: AKYHA MATATA (600)
Seat 3: MathisKcr (482)
*** ANTE/BLINDS ***
Che you posts small blind 40
AKYHA MATATA posts big blind 80
Dealt to MathisKcr [8h 9s]
*** PRE-FLOP *** 
MathisKcr calls 80
Che you calls 40
AKYHA MATATA raises 520 to 600 and is all-in
MathisKcr folds
Che you calls 338 and is all-in
*** FLOP *** [3d 2h 6h]
*** TURN *** [3d 2h 6h][4c]
*** RIVER *** [3d 2h 6h 4c][8d]
*** SHOW DOWN ***
Che you shows [Ks 8s] (One pair : 8)
AKYHA MATATA shows [Ad 7c] (High card : Ace)
AKYHA MATATA collected 182 from side pot 1
Che you collected 916 from main pot
*** SUMMARY ***
Total pot 1098 | No rake
Board: [3d 2h 6h 4c 8d]
Seat 1: Che you (small blind) showed [Ks 8s] and won 916 with One pair : 8
Seat 2: AKYHA MATATA (big blind) showed [Ad 7c] and won 182 with High card : Ace


Winamax Poker - Tournament "Expresso" buyIn: 0.46€ + 0.04€ level: 5 - HandId: #4349355849848717313-21-1762092776 - Holdem no limit (40/80) - 2025/11/02 14:12:56 UTC
Table: 'Expresso(1012663322)#0' 3-max (real money) Seat #1 is the button
Seat 1: Che you (916)
Seat 2: AKYHA MATATA (182)
Seat 3: MathisKcr (402)
*** ANTE/BLINDS ***
AKYHA MATATA posts small blind 40
MathisKcr posts big blind 80
Dealt to MathisKcr [5d 4s]
*** PRE-FLOP *** 
Che you calls 80
AKYHA MATATA folds
MathisKcr checks
*** FLOP *** [Ad Th 9s]
MathisKcr bets 200
Che you calls 200
*** TURN *** [Ad Th 9s][3d]
MathisKcr bets 122 and is all-in
Che you calls 122
*** RIVER *** [Ad Th 9s 3d][Jd]
*** SHOW DOWN ***
MathisKcr shows [5d 4s] (High card : Ace)
Che you shows [Kh Tc] (One pair : Tens)
Che you collected 844 from pot
*** SUMMARY ***
Total pot 844 | No rake
Board: [Ad Th 9s 3d Jd]
Seat 1: Che you (button) showed [Kh Tc] and won 844 with One pair : Tens
Seat 3: MathisKcr (big blind) showed [5d 4s] and lost with High card : Ace


