Winamax Poker - Tournament "Expresso Nitro" buyIn: 0.46€ + 0.04€ level: 1 - HandId: #4444004009790930945-1-1766252738 - Holdem no limit (10/20) - 2025/12/20 17:45:38 UTC
Table: 'Expresso Nitro(1034700314)#0' 3-max (real money) Seat #3 is the button
Seat 1: MathisKcr (300)
Seat 2: Koldjo (300)
Seat 3: Lampro0809 (300)
*** ANTE/BLINDS ***
MathisKcr posts small blind 10
Koldjo posts big blind 20
Dealt to MathisKcr [5c 7d]
*** PRE-FLOP *** 
Lampro0809 calls 20
MathisKcr calls 10
Koldjo raises 20 to 40
Lampro0809 calls 20
MathisKcr calls 20
*** FLOP *** [Ah Td 2d]
MathisKcr checks
Koldjo bets 20
Lampro0809 folds
MathisKcr folds
Koldjo collected 140 from pot
*** SUMMARY ***
Total pot 140 | No rake
Board: [Ah Td 2d]
Seat 2: Koldjo (big blind) won 140


Winamax Poker - Tournament "Expresso Nitro" buyIn: 0.46€ + 0.04€ level: 1 - HandId: #4444004009790930945-2-1766252765 - Holdem no limit (10/20) - 2025/12/20 17:46:05 UTC
Table: 'Expresso Nitro(1034700314)#0' 3-max (real money) Seat #1 is the button
Seat 1: MathisKcr (260)
Seat 2: Koldjo (380)
Seat 3: Lampro0809 (260)
*** ANTE/BLINDS ***
Koldjo posts small blind 10
Lampro0809 posts big blind 20
Dealt to MathisKcr [5c 7c]
*** PRE-FLOP *** 
MathisKcr folds
Koldjo calls 10
Lampro0809 checks
*** FLOP *** [Qd 9s 6c]
Koldjo bets 20
Lampro0809 calls 20
*** TURN *** [Qd 9s 6c][Kd]
Koldjo bets 20
Lampro0809 calls 20
*** RIVER *** [Qd 9s 6c Kd][Ah]
Koldjo bets 20
Lampro0809 folds
Koldjo collected 140 from pot
*** SUMMARY ***
Total pot 140 | No rake
Board: [Qd 9s 6c Kd Ah]
Seat 2: Koldjo (small blind) won 140


Winamax Poker - Tournament "Expresso Nitro" buyIn: 0.46€ + 0.04€ level: 1 - HandId: #4444004009790930945-3-1766252782 - Holdem no limit (10/20) - 2025/12/20 17:46:22 UTC
Table: 'Expresso Nitro(1034700314)#0' 3-max (real money) Seat #2 is the button
Seat 1: MathisKcr (260)
Seat 2: Koldjo (440)
Seat 3: Lampro0809 (200)
*** ANTE/BLINDS ***
Lampro0809 posts small blind 10
MathisKcr posts big blind 20
Dealt to MathisKcr [Kd 6c]
*** PRE-FLOP *** 
Koldjo raises 30 to 50
Lampro0809 folds
MathisKcr calls 30
*** FLOP *** [Th Ks Tc]
MathisKcr bets 40
Koldjo calls 40
*** TURN *** [Th Ks Tc][Jc]
MathisKcr bets 50
Koldjo folds
MathisKcr collected 240 from pot
*** SUMMARY ***
Total pot 240 | No rake
Board: [Th Ks Tc Jc]
Seat 1: MathisKcr (big blind) won 240


Winamax Poker - Tournament "Expresso Nitro" buyIn: 0.46€ + 0.04€ level: 2 - HandId: #4444004009790930945-4-1766252814 - Holdem no limit (15/30) - 2025/12/20 17:46:54 UTC
Table: 'Expresso Nitro(1034700314)#0' 3-max (real money) Seat #3 is the button
Seat 1: MathisKcr (360)
Seat 2: Koldjo (350)
Seat 3: Lampro0809 (190)
*** ANTE/BLINDS ***
MathisKcr posts small blind 15
Koldjo posts big blind 30
Dealt to MathisKcr [Jd 4d]
*** PRE-FLOP *** 
Lampro0809 folds
MathisKcr raises 30 to 60
Koldjo calls 30
*** FLOP *** [6c Ks 2c]
MathisKcr bets 60
Koldjo calls 60
*** TURN *** [6c Ks 2c][Th]
MathisKcr checks
Koldjo bets 60
MathisKcr folds
Koldjo collected 300 from pot
*** SUMMARY ***
Total pot 300 | No rake
Board: [6c Ks 2c Th]
Seat 2: Koldjo (big blind) won 300


Winamax Poker - Tournament "Expresso Nitro" buyIn: 0.46€ + 0.04€ level: 3 - HandId: #4444004009790930945-5-1766252862 - Holdem no limit (20/40) - 2025/12/20 17:47:42 UTC
Table: 'Expresso Nitro(1034700314)#0' 3-max (real money) Seat #1 is the button
Seat 1: MathisKcr (240)
Seat 2: Koldjo (470)
Seat 3: Lampro0809 (190)
*** ANTE/BLINDS ***
Koldjo posts small blind 20
Lampro0809 posts big blind 40
Dealt to MathisKcr [9h 7s]
*** PRE-FLOP *** 
MathisKcr folds
Koldjo calls 20
Lampro0809 checks
*** FLOP *** [9s 5d 2h]
Koldjo checks
Lampro0809 bets 150 and is all-in
Koldjo folds
Lampro0809 collected 230 from pot
*** SUMMARY ***
Total pot 230 | No rake
Board: [9s 5d 2h]
Seat 3: Lampro0809 (big blind) won 230


Winamax Poker - Tournament "Expresso Nitro" buyIn: 0.46€ + 0.04€ level: 3 - HandId: #4444004009790930945-6-1766252884 - Holdem no limit (20/40) - 2025/12/20 17:48:04 UTC
Table: 'Expresso Nitro(1034700314)#0' 3-max (real money) Seat #2 is the button
Seat 1: MathisKcr (240)
Seat 2: Koldjo (430)
Seat 3: Lampro0809 (230)
*** ANTE/BLINDS ***
Lampro0809 posts small blind 20
MathisKcr posts big blind 40
Dealt to MathisKcr [7s 9c]
*** PRE-FLOP *** 
Koldjo calls 40
Lampro0809 calls 20
MathisKcr checks
*** FLOP *** [8c 3d Ah]
Lampro0809 checks
MathisKcr bets 40
Koldjo folds
Lampro0809 folds
MathisKcr collected 160 from pot
*** SUMMARY ***
Total pot 160 | No rake
Board: [8c 3d Ah]
Seat 1: MathisKcr (big blind) won 160


Winamax Poker - Tournament "Expresso Nitro" buyIn: 0.46€ + 0.04€ level: 3 - HandId: #4444004009790930945-7-1766252915 - Holdem no limit (20/40) - 2025/12/20 17:48:35 UTC
Table: 'Expresso Nitro(1034700314)#0' 3-max (real money) Seat #3 is the button
Seat 1: MathisKcr (320)
Seat 2: Koldjo (390)
Seat 3: Lampro0809 (190)
*** ANTE/BLINDS ***
MathisKcr posts small blind 20
Koldjo posts big blind 40
Dealt to MathisKcr [9d 3d]
*** PRE-FLOP *** 
Lampro0809 raises 150 to 190 and is all-in
MathisKcr folds
Koldjo folds
Lampro0809 collected 250 from pot
*** SUMMARY ***
Total pot 250 | No rake
Seat 3: Lampro0809 (button) won 250


Winamax Poker - Tournament "Expresso Nitro" buyIn: 0.46€ + 0.04€ level: 4 - HandId: #4444004009790930945-8-1766252923 - Holdem no limit (30/60) - 2025/12/20 17:48:43 UTC
Table: 'Expresso Nitro(1034700314)#0' 3-max (real money) Seat #1 is the button
Seat 1: MathisKcr (300)
Seat 2: Koldjo (350)
Seat 3: Lampro0809 (250)
*** ANTE/BLINDS ***
Koldjo posts small blind 30
Lampro0809 posts big blind 60
Dealt to MathisKcr [8d Js]
*** PRE-FLOP *** 
MathisKcr raises 240 to 300 and is all-in
Koldjo folds
Lampro0809 folds
MathisKcr collected 390 from pot
*** SUMMARY ***
Total pot 390 | No rake
Seat 1: MathisKcr (button) won 390


Winamax Poker - Tournament "Expresso Nitro" buyIn: 0.46€ + 0.04€ level: 4 - HandId: #4444004009790930945-9-1766252939 - Holdem no limit (30/60) - 2025/12/20 17:48:59 UTC
Table: 'Expresso Nitro(1034700314)#0' 3-max (real money) Seat #2 is the button
Seat 1: MathisKcr (390)
Seat 2: Koldjo (320)
Seat 3: Lampro0809 (190)
*** ANTE/BLINDS ***
Lampro0809 posts small blind 30
MathisKcr posts big blind 60
Dealt to MathisKcr [Jd Qc]
*** PRE-FLOP *** 
Koldjo raises 260 to 320 and is all-in
Lampro0809 calls 160 and is all-in
MathisKcr raises 70 to 390 and is all-in
*** FLOP *** [5d 2s Kd]
*** TURN *** [5d 2s Kd][3s]
*** RIVER *** [5d 2s Kd 3s][Th]
*** SHOW DOWN ***
Lampro0809 shows [Ac 2d] (One pair : 2)
MathisKcr shows [Jd Qc] (High card : King)
Koldjo shows [6d 6h] (One pair : 6)
Koldjo collected 830 from main pot
MathisKcr collected 70 from side pot 1
*** SUMMARY ***
Total pot 900 | No rake
Board: [5d 2s Kd 3s Th]
Seat 1: MathisKcr (big blind) showed [Jd Qc] and won 70 with High card : King
Seat 2: Koldjo (button) showed [6d 6h] and won 830 with One pair : 6
Seat 3: Lampro0809 (small blind) showed [Ac 2d] and lost with One pair : 2


Winamax Poker - Tournament "Expresso Nitro" buyIn: 0.46€ + 0.04€ level: 4 - HandId: #4444004009790930945-10-1766252955 - Holdem no limit (30/60) - 2025/12/20 17:49:15 UTC
Table: 'Expresso Nitro(1034700314)#0' 3-max (real money) Seat #1 is the button
Seat 1: MathisKcr (70)
Seat 2: Koldjo (830)
*** ANTE/BLINDS ***
MathisKcr posts small blind 30
Koldjo posts big blind 60
Dealt to MathisKcr [Jc 4h]
*** PRE-FLOP *** 
MathisKcr raises 10 to 70 and is all-in
Koldjo calls 10
*** FLOP *** [Qd Kc 2h]
*** TURN *** [Qd Kc 2h][Ks]
*** RIVER *** [Qd Kc 2h Ks][Js]
*** SHOW DOWN ***
Koldjo shows [9h 9d] (Two pairs : Kings and 9)
MathisKcr shows [Jc 4h] (Two pairs : Kings and Jacks)
MathisKcr collected 140 from pot
*** SUMMARY ***
Total pot 140 | No rake
Board: [Qd Kc 2h Ks Js]
Seat 1: MathisKcr (small blind) (button) showed [Jc 4h] and won 140 with Two pairs : Kings and Jacks
Seat 2: Koldjo (big blind) showed [9h 9d] and lost with Two pairs : Kings and 9


Winamax Poker - Tournament "Expresso Nitro" buyIn: 0.46€ + 0.04€ level: 4 - HandId: #4444004009790930945-11-1766252968 - Holdem no limit (30/60) - 2025/12/20 17:49:28 UTC
Table: 'Expresso Nitro(1034700314)#0' 3-max (real money) Seat #2 is the button
Seat 1: MathisKcr (140)
Seat 2: Koldjo (760)
*** ANTE/BLINDS ***
Koldjo posts small blind 30
MathisKcr posts big blind 60
Dealt to MathisKcr [4h 6h]
*** PRE-FLOP *** 
Koldjo raises 60 to 120
MathisKcr raises 20 to 140 and is all-in
Koldjo calls 20
*** FLOP *** [Td Tc Th]
*** TURN *** [Td Tc Th][2s]
*** RIVER *** [Td Tc Th 2s][Ad]
*** SHOW DOWN ***
MathisKcr shows [4h 6h] (Trips of Tens)
Koldjo shows [Kh 9d] (Trips of Tens)
Koldjo collected 280 from pot
*** SUMMARY ***
Total pot 280 | No rake
Board: [Td Tc Th 2s Ad]
Seat 1: MathisKcr (big blind) showed [4h 6h] and lost with Trips of Tens
Seat 2: Koldjo (small blind) (button) showed [Kh 9d] and won 280 with Trips of Tens


