Winamax Poker - Tournament "Starting Block WiPT" buyIn: 0€ + 0€ level: 1 - HandId: #4254949947536834561-1-1758036844 - Holdem no limit (10/20) - 2025/09/16 15:34:04 UTC
Table: 'Starting Block WiPT(990682735)#0' 6-max (real money) Seat #6 is the button
Seat 1: Mikadelabuss (1500)
Seat 2: Justice4Gaza (1500)
Seat 3: YAS07. (1500)
Seat 4: MathisKcr (1500)
Seat 5: miambox (1500)
Seat 6: Eucalyptine5 (1500)
*** ANTE/BLINDS ***
Mikadelabuss posts small blind 10
Justice4Gaza posts big blind 20
Dealt to MathisKcr [Ad Kh]
*** PRE-FLOP *** 
YAS07. calls 20
MathisKcr raises 40 to 60
miambox folds
Eucalyptine5 calls 60
Mikadelabuss raises 40 to 100
Justice4Gaza folds
YAS07. calls 80
MathisKcr raises 1400 to 1500 and is all-in
Eucalyptine5 folds
Mikadelabuss calls 1400 and is all-in
YAS07. folds
*** FLOP *** [Ts 8h 3s]
*** TURN *** [Ts 8h 3s][Qc]
*** RIVER *** [Ts 8h 3s Qc][6h]
*** SHOW DOWN ***
MathisKcr shows [Ad Kh] (High card : Ace)
Mikadelabuss shows [6s 7h] (One pair : 6)
Mikadelabuss collected 3180 from pot
*** SUMMARY ***
Total pot 3180 | No rake
Board: [Ts 8h 3s Qc 6h]
Seat 1: Mikadelabuss (small blind) showed [6s 7h] and won 3180 with One pair : 6
Seat 4: MathisKcr showed [Ad Kh] and lost with High card : Ace


