Winamax Poker - Tournament "TRIDENT SPACE KO" buyIn: 1.80€ + 0.20€ level: 1 - HandId: #4276131789937836239-1-1761574618 - Holdem no limit (3/10/20) - 2025/10/27 14:16:58 UTC
Table: 'TRIDENT SPACE KO(995614517)#0206' 3-max (real money) Seat #3 is the button
Seat 1: iiZnoGouD (500, 1€ bounty)
Seat 2: C tapis Ca (500, 1€ bounty)
Seat 3: MathisKcr (500, 1€ bounty)
*** ANTE/BLINDS ***
MathisKcr posts ante 3
iiZnoGouD posts ante 3
MathisKcr posts small blind 10
iiZnoGouD posts big blind 20
Dealt to MathisKcr [9s Kh]
*** PRE-FLOP *** 
MathisKcr raises 20 to 40
iiZnoGouD calls 20
*** FLOP *** [7h Js 9d]
iiZnoGouD checks
MathisKcr bets 60
iiZnoGouD folds
MathisKcr collected 146 from pot
*** SUMMARY ***
Total pot 146 | No rake
Board: [7h Js 9d]
Seat 3: MathisKcr (small blind) (button) won 146


Winamax Poker - Tournament "TRIDENT SPACE KO" buyIn: 1.80€ + 0.20€ level: 1 - HandId: #4276131789937836239-2-1761574637 - Holdem no limit (3/10/20) - 2025/10/27 14:17:17 UTC
Table: 'TRIDENT SPACE KO(995614517)#0206' 3-max (real money) Seat #3 is the button
Seat 1: iiZnoGouD (457, 1€ bounty)
Seat 2: C tapis Ca (500, 1€ bounty)
Seat 3: MathisKcr (543, 1€ bounty)
*** ANTE/BLINDS ***
iiZnoGouD posts ante 3
C tapis Ca posts ante 3
MathisKcr posts ante 3
iiZnoGouD posts small blind 10
C tapis Ca posts big blind 20
Dealt to MathisKcr [4d 6h]
*** PRE-FLOP *** 
MathisKcr folds
iiZnoGouD raises 30 to 50
C tapis Ca calls 30
*** FLOP *** [2c 9d 4h]
iiZnoGouD bets 38
C tapis Ca calls 38
*** TURN *** [2c 9d 4h][Jc]
iiZnoGouD bets 65
C tapis Ca calls 65
*** RIVER *** [2c 9d 4h Jc][Js]
iiZnoGouD bets 110
C tapis Ca folds
iiZnoGouD collected 425 from pot
*** SUMMARY ***
Total pot 425 | No rake
Board: [2c 9d 4h Jc Js]
Seat 1: iiZnoGouD (small blind) won 425


Winamax Poker - Tournament "TRIDENT SPACE KO" buyIn: 1.80€ + 0.20€ level: 1 - HandId: #4276131789937836239-3-1761574659 - Holdem no limit (3/10/20) - 2025/10/27 14:17:39 UTC
Table: 'TRIDENT SPACE KO(995614517)#0206' 3-max (real money) Seat #1 is the button
Seat 1: iiZnoGouD (616, 1€ bounty)
Seat 2: C tapis Ca (344, 1€ bounty)
Seat 3: MathisKcr (540, 1€ bounty)
*** ANTE/BLINDS ***
C tapis Ca posts ante 3
MathisKcr posts ante 3
iiZnoGouD posts ante 3
C tapis Ca posts small blind 10
MathisKcr posts big blind 20
Dealt to MathisKcr [Kh 2c]
*** PRE-FLOP *** 
iiZnoGouD folds
C tapis Ca raises 321 to 341 and is all-in
MathisKcr folds
C tapis Ca collected 370 from pot
*** SUMMARY ***
Total pot 370 | No rake
Seat 2: C tapis Ca (small blind) won 370


Winamax Poker - Tournament "TRIDENT SPACE KO" buyIn: 1.80€ + 0.20€ level: 1 - HandId: #4276131789937836239-4-1761574667 - Holdem no limit (3/10/20) - 2025/10/27 14:17:47 UTC
Table: 'TRIDENT SPACE KO(995614517)#0206' 3-max (real money) Seat #2 is the button
Seat 1: iiZnoGouD (613, 1€ bounty)
Seat 2: C tapis Ca (370, 1€ bounty)
Seat 3: MathisKcr (517, 1€ bounty)
*** ANTE/BLINDS ***
MathisKcr posts ante 3
iiZnoGouD posts ante 3
C tapis Ca posts ante 3
MathisKcr posts small blind 10
iiZnoGouD posts big blind 20
Dealt to MathisKcr [3d As]
*** PRE-FLOP *** 
C tapis Ca folds
MathisKcr raises 20 to 40
iiZnoGouD folds
MathisKcr collected 69 from pot
*** SUMMARY ***
Total pot 69 | No rake
Seat 3: MathisKcr (small blind) won 69


Winamax Poker - Tournament "TRIDENT SPACE KO" buyIn: 1.80€ + 0.20€ level: 1 - HandId: #4276131789937836239-5-1761574680 - Holdem no limit (3/10/20) - 2025/10/27 14:18:00 UTC
Table: 'TRIDENT SPACE KO(995614517)#0206' 3-max (real money) Seat #3 is the button
Seat 1: iiZnoGouD (590, 1€ bounty)
Seat 2: C tapis Ca (367, 1€ bounty)
Seat 3: MathisKcr (543, 1€ bounty)
*** ANTE/BLINDS ***
iiZnoGouD posts ante 3
C tapis Ca posts ante 3
MathisKcr posts ante 3
iiZnoGouD posts small blind 10
C tapis Ca posts big blind 20
Dealt to MathisKcr [Jh 9c]
*** PRE-FLOP *** 
MathisKcr calls 20
iiZnoGouD calls 10
C tapis Ca checks
*** FLOP *** [Ad Jd 2d]
iiZnoGouD checks
C tapis Ca checks
MathisKcr bets 60
iiZnoGouD folds
C tapis Ca folds
MathisKcr collected 129 from pot
*** SUMMARY ***
Total pot 129 | No rake
Board: [Ad Jd 2d]
Seat 3: MathisKcr (button) won 129


Winamax Poker - Tournament "TRIDENT SPACE KO" buyIn: 1.80€ + 0.20€ level: 1 - HandId: #4276131789937836239-6-1761574720 - Holdem no limit (3/10/20) - 2025/10/27 14:18:40 UTC
Table: 'TRIDENT SPACE KO(995614517)#0206' 3-max (real money) Seat #1 is the button
Seat 1: iiZnoGouD (567, 1€ bounty)
Seat 2: C tapis Ca (344, 1€ bounty)
Seat 3: MathisKcr (589, 1€ bounty)
*** ANTE/BLINDS ***
C tapis Ca posts ante 3
MathisKcr posts ante 3
iiZnoGouD posts ante 3
C tapis Ca posts small blind 10
MathisKcr posts big blind 20
Dealt to MathisKcr [Td 9h]
*** PRE-FLOP *** 
iiZnoGouD raises 40 to 60
C tapis Ca raises 281 to 341 and is all-in
MathisKcr folds
iiZnoGouD calls 281
*** FLOP *** [Ts Jc 6c]
*** TURN *** [Ts Jc 6c][2s]
*** RIVER *** [Ts Jc 6c 2s][Kh]
*** SHOW DOWN ***
iiZnoGouD shows [4d Ad] (High card : Ace)
C tapis Ca shows [Ac Kd] (One pair : Kings)
C tapis Ca collected 711 from pot
*** SUMMARY ***
Total pot 711 | No rake
Board: [Ts Jc 6c 2s Kh]
Seat 1: iiZnoGouD (button) showed [4d Ad] and lost with High card : Ace
Seat 2: C tapis Ca (small blind) showed [Ac Kd] and won 711 with One pair : Kings


Winamax Poker - Tournament "TRIDENT SPACE KO" buyIn: 1.80€ + 0.20€ level: 1 - HandId: #4276131789937836239-7-1761574740 - Holdem no limit (3/10/20) - 2025/10/27 14:19:00 UTC
Table: 'TRIDENT SPACE KO(995614517)#0206' 3-max (real money) Seat #2 is the button
Seat 1: iiZnoGouD (223, 1€ bounty)
Seat 2: C tapis Ca (711, 1€ bounty)
Seat 3: MathisKcr (566, 1€ bounty)
*** ANTE/BLINDS ***
MathisKcr posts ante 3
iiZnoGouD posts ante 3
C tapis Ca posts ante 3
MathisKcr posts small blind 10
iiZnoGouD posts big blind 20
Dealt to MathisKcr [6s 4h]
*** PRE-FLOP *** 
C tapis Ca folds
MathisKcr calls 10
iiZnoGouD checks
*** FLOP *** [2c 4s Ts]
MathisKcr checks
iiZnoGouD checks
*** TURN *** [2c 4s Ts][Jc]
MathisKcr bets 40
iiZnoGouD folds
MathisKcr collected 89 from pot
*** SUMMARY ***
Total pot 89 | No rake
Board: [2c 4s Ts Jc]
Seat 3: MathisKcr (small blind) won 89


Winamax Poker - Tournament "TRIDENT SPACE KO" buyIn: 1.80€ + 0.20€ level: 1 - HandId: #4276131789937836239-8-1761574757 - Holdem no limit (3/10/20) - 2025/10/27 14:19:17 UTC
Table: 'TRIDENT SPACE KO(995614517)#0206' 3-max (real money) Seat #3 is the button
Seat 1: iiZnoGouD (200, 1€ bounty)
Seat 2: C tapis Ca (708, 1€ bounty)
Seat 3: MathisKcr (592, 1€ bounty)
*** ANTE/BLINDS ***
iiZnoGouD posts ante 3
C tapis Ca posts ante 3
MathisKcr posts ante 3
iiZnoGouD posts small blind 10
C tapis Ca posts big blind 20
Dealt to MathisKcr [Kd Qd]
*** PRE-FLOP *** 
MathisKcr raises 40 to 60
iiZnoGouD folds
C tapis Ca calls 40
*** FLOP *** [6h 5h 3s]
C tapis Ca checks
MathisKcr bets 529 and is all-in
C tapis Ca folds
MathisKcr collected 668 from pot
*** SUMMARY ***
Total pot 668 | No rake
Board: [6h 5h 3s]
Seat 3: MathisKcr (button) won 668


Winamax Poker - Tournament "TRIDENT SPACE KO" buyIn: 1.80€ + 0.20€ level: 1 - HandId: #4276131789937836239-9-1761574772 - Holdem no limit (3/10/20) - 2025/10/27 14:19:32 UTC
Table: 'TRIDENT SPACE KO(995614517)#0206' 3-max (real money) Seat #1 is the button
Seat 1: iiZnoGouD (187, 1€ bounty)
Seat 2: C tapis Ca (645, 1€ bounty)
Seat 3: MathisKcr (668, 1€ bounty)
*** ANTE/BLINDS ***
C tapis Ca posts ante 3
MathisKcr posts ante 3
iiZnoGouD posts ante 3
C tapis Ca posts small blind 10
MathisKcr posts big blind 20
Dealt to MathisKcr [3h Td]
*** PRE-FLOP *** 
iiZnoGouD raises 164 to 184 and is all-in
C tapis Ca folds
MathisKcr folds
iiZnoGouD collected 223 from pot
*** SUMMARY ***
Total pot 223 | No rake
Seat 1: iiZnoGouD (button) won 223


Winamax Poker - Tournament "TRIDENT SPACE KO" buyIn: 1.80€ + 0.20€ level: 1 - HandId: #4276131789937836239-10-1761574778 - Holdem no limit (3/10/20) - 2025/10/27 14:19:38 UTC
Table: 'TRIDENT SPACE KO(995614517)#0206' 3-max (real money) Seat #3 is the button
Seat 2: C tapis Ca (632, 1€ bounty)
Seat 3: MathisKcr (645, 1€ bounty)
*** ANTE/BLINDS ***
MathisKcr posts ante 3
C tapis Ca posts ante 3
MathisKcr posts small blind 10
C tapis Ca posts big blind 20
Dealt to MathisKcr [Td 7s]
*** PRE-FLOP *** 
MathisKcr calls 10
C tapis Ca raises 50 to 70
MathisKcr folds
C tapis Ca collected 96 from pot
*** SUMMARY ***
Total pot 96 | No rake
Seat 2: C tapis Ca (big blind) won 96


Winamax Poker - Tournament "TRIDENT SPACE KO" buyIn: 1.80€ + 0.20€ level: 1 - HandId: #4276131789937836239-11-1761574790 - Holdem no limit (3/10/20) - 2025/10/27 14:19:50 UTC
Table: 'TRIDENT SPACE KO(995614517)#0206' 3-max (real money) Seat #2 is the button
Seat 1: CTroPinJust (500, 1€ bounty)
Seat 2: C tapis Ca (655, 1€ bounty)
Seat 3: MathisKcr (622, 1€ bounty)
*** ANTE/BLINDS ***
C tapis Ca posts ante 3
MathisKcr posts ante 3
C tapis Ca posts small blind 10
MathisKcr posts big blind 20
Dealt to MathisKcr [7d Qc]
*** PRE-FLOP *** 
C tapis Ca calls 10
MathisKcr checks
*** FLOP *** [5d 6d As]
MathisKcr checks
C tapis Ca bets 20
MathisKcr folds
C tapis Ca collected 66 from pot
*** SUMMARY ***
Total pot 66 | No rake
Board: [5d 6d As]
Seat 2: C tapis Ca (small blind) (button) won 66


Winamax Poker - Tournament "TRIDENT SPACE KO" buyIn: 1.80€ + 0.20€ level: 1 - HandId: #4276131789937836239-12-1761574810 - Holdem no limit (3/10/20) - 2025/10/27 14:20:10 UTC
Table: 'TRIDENT SPACE KO(995614517)#0206' 3-max (real money) Seat #2 is the button
Seat 1: CTroPinJust (500, 1€ bounty)
Seat 2: C tapis Ca (678, 1€ bounty)
Seat 3: MathisKcr (599, 1€ bounty)
*** ANTE/BLINDS ***
MathisKcr posts ante 3
CTroPinJust posts ante 3
C tapis Ca posts ante 3
MathisKcr posts small blind 10
CTroPinJust posts big blind 20
Dealt to MathisKcr [4c 9d]
*** PRE-FLOP *** 
C tapis Ca folds
MathisKcr folds
CTroPinJust collected 39 from pot
*** SUMMARY ***
Total pot 39 | No rake
Seat 1: CTroPinJust (big blind) won 39


Winamax Poker - Tournament "TRIDENT SPACE KO" buyIn: 1.80€ + 0.20€ level: 1 - HandId: #4276131789937836239-13-1761574816 - Holdem no limit (3/10/20) - 2025/10/27 14:20:16 UTC
Table: 'TRIDENT SPACE KO(995614517)#0206' 3-max (real money) Seat #3 is the button
Seat 1: CTroPinJust (516, 1€ bounty)
Seat 2: C tapis Ca (675, 1€ bounty)
Seat 3: MathisKcr (586, 1€ bounty)
*** ANTE/BLINDS ***
CTroPinJust posts ante 3
C tapis Ca posts ante 3
MathisKcr posts ante 3
CTroPinJust posts small blind 10
C tapis Ca posts big blind 20
Dealt to MathisKcr [Tc Qc]
*** PRE-FLOP *** 
MathisKcr raises 40 to 60
CTroPinJust folds
C tapis Ca folds
MathisKcr collected 99 from pot
*** SUMMARY ***
Total pot 99 | No rake
Seat 3: MathisKcr (button) won 99


Winamax Poker - Tournament "TRIDENT SPACE KO" buyIn: 1.80€ + 0.20€ level: 1 - HandId: #4276131789937836239-14-1761574832 - Holdem no limit (3/10/20) - 2025/10/27 14:20:32 UTC
Table: 'TRIDENT SPACE KO(995614517)#0206' 3-max (real money) Seat #1 is the button
Seat 1: CTroPinJust (503, 1€ bounty)
Seat 2: C tapis Ca (652, 1€ bounty)
Seat 3: MathisKcr (622, 1€ bounty)
*** ANTE/BLINDS ***
C tapis Ca posts ante 3
MathisKcr posts ante 3
CTroPinJust posts ante 3
C tapis Ca posts small blind 10
MathisKcr posts big blind 20
Dealt to MathisKcr [9d 7d]
*** PRE-FLOP *** 
CTroPinJust folds
C tapis Ca calls 10
MathisKcr checks
*** FLOP *** [9h 2h Qd]
C tapis Ca checks
MathisKcr bets 60
C tapis Ca folds
MathisKcr collected 109 from pot
*** SUMMARY ***
Total pot 109 | No rake
Board: [9h 2h Qd]
Seat 3: MathisKcr (big blind) won 109


Winamax Poker - Tournament "TRIDENT SPACE KO" buyIn: 1.80€ + 0.20€ level: 1 - HandId: #4276131789937836239-15-1761574857 - Holdem no limit (3/10/20) - 2025/10/27 14:20:57 UTC
Table: 'TRIDENT SPACE KO(995614517)#0206' 3-max (real money) Seat #2 is the button
Seat 1: CTroPinJust (500, 1€ bounty)
Seat 2: C tapis Ca (629, 1€ bounty)
Seat 3: MathisKcr (648, 1€ bounty)
*** ANTE/BLINDS ***
MathisKcr posts ante 3
CTroPinJust posts ante 3
C tapis Ca posts ante 3
MathisKcr posts small blind 10
CTroPinJust posts big blind 20
Dealt to MathisKcr [8h 4d]
*** PRE-FLOP *** 
C tapis Ca raises 20 to 40
MathisKcr folds
CTroPinJust calls 20
*** FLOP *** [Qd 9h 9d]
CTroPinJust checks
C tapis Ca bets 35
CTroPinJust raises 35 to 70
C tapis Ca folds
CTroPinJust collected 204 from pot
*** SUMMARY ***
Total pot 204 | No rake
Board: [Qd 9h 9d]
Seat 1: CTroPinJust (big blind) won 204


Winamax Poker - Tournament "TRIDENT SPACE KO" buyIn: 1.80€ + 0.20€ level: 1 - HandId: #4276131789937836239-16-1761574880 - Holdem no limit (3/10/20) - 2025/10/27 14:21:20 UTC
Table: 'TRIDENT SPACE KO(995614517)#0206' 3-max (real money) Seat #3 is the button
Seat 1: CTroPinJust (591, 1€ bounty)
Seat 2: C tapis Ca (551, 1€ bounty)
Seat 3: MathisKcr (635, 1€ bounty)
*** ANTE/BLINDS ***
CTroPinJust posts ante 3
C tapis Ca posts ante 3
MathisKcr posts ante 3
CTroPinJust posts small blind 10
C tapis Ca posts big blind 20
Dealt to MathisKcr [5d 8d]
*** PRE-FLOP *** 
MathisKcr folds
CTroPinJust folds
C tapis Ca collected 39 from pot
*** SUMMARY ***
Total pot 39 | No rake
Seat 2: C tapis Ca (big blind) won 39


Winamax Poker - Tournament "TRIDENT SPACE KO" buyIn: 1.80€ + 0.20€ level: 1 - HandId: #4276131789937836239-17-1761574890 - Holdem no limit (3/10/20) - 2025/10/27 14:21:30 UTC
Table: 'TRIDENT SPACE KO(995614517)#0206' 3-max (real money) Seat #1 is the button
Seat 1: CTroPinJust (578, 1€ bounty)
Seat 2: C tapis Ca (567, 1€ bounty)
Seat 3: MathisKcr (632, 1€ bounty)
*** ANTE/BLINDS ***
C tapis Ca posts ante 3
MathisKcr posts ante 3
CTroPinJust posts ante 3
C tapis Ca posts small blind 10
MathisKcr posts big blind 20
Dealt to MathisKcr [5s Ts]
*** PRE-FLOP *** 
CTroPinJust raises 20 to 40
C tapis Ca folds
MathisKcr folds
CTroPinJust collected 79 from pot
*** SUMMARY ***
Total pot 79 | No rake
Seat 1: CTroPinJust (button) won 79


Winamax Poker - Tournament "TRIDENT SPACE KO" buyIn: 1.80€ + 0.20€ level: 1 - HandId: #4276131789937836239-18-1761574897 - Holdem no limit (3/10/20) - 2025/10/27 14:21:37 UTC
Table: 'TRIDENT SPACE KO(995614517)#0206' 3-max (real money) Seat #2 is the button
Seat 1: CTroPinJust (614, 1€ bounty)
Seat 2: C tapis Ca (554, 1€ bounty)
Seat 3: MathisKcr (609, 1€ bounty)
*** ANTE/BLINDS ***
MathisKcr posts ante 3
CTroPinJust posts ante 3
C tapis Ca posts ante 3
MathisKcr posts small blind 10
CTroPinJust posts big blind 20
Dealt to MathisKcr [5c Kd]
*** PRE-FLOP *** 
C tapis Ca folds
MathisKcr calls 10
CTroPinJust checks
*** FLOP *** [Jh 9d Tc]
MathisKcr checks
CTroPinJust checks
*** TURN *** [Jh 9d Tc][4h]
MathisKcr checks
CTroPinJust checks
*** RIVER *** [Jh 9d Tc 4h][7d]
MathisKcr checks
CTroPinJust checks
*** SHOW DOWN ***
MathisKcr shows [5c Kd] (High card : King)
CTroPinJust shows [Ac 2d] (High card : Ace)
CTroPinJust collected 49 from pot
*** SUMMARY ***
Total pot 49 | No rake
Board: [Jh 9d Tc 4h 7d]
Seat 1: CTroPinJust (big blind) showed [Ac 2d] and won 49 with High card : Ace
Seat 3: MathisKcr (small blind) showed [5c Kd] and lost with High card : King


Winamax Poker - Tournament "TRIDENT SPACE KO" buyIn: 1.80€ + 0.20€ level: 1 - HandId: #4276131789937836239-19-1761574941 - Holdem no limit (3/10/20) - 2025/10/27 14:22:21 UTC
Table: 'TRIDENT SPACE KO(995614517)#0206' 3-max (real money) Seat #3 is the button
Seat 1: CTroPinJust (640, 1€ bounty)
Seat 2: C tapis Ca (551, 1€ bounty)
Seat 3: MathisKcr (586, 1€ bounty)
*** ANTE/BLINDS ***
CTroPinJust posts ante 3
C tapis Ca posts ante 3
MathisKcr posts ante 3
CTroPinJust posts small blind 10
C tapis Ca posts big blind 20
Dealt to MathisKcr [2s Kh]
*** PRE-FLOP *** 
MathisKcr calls 20
CTroPinJust calls 10
C tapis Ca checks
*** FLOP *** [4c Jh Kc]
CTroPinJust checks
C tapis Ca checks
MathisKcr bets 60
CTroPinJust folds
C tapis Ca folds
MathisKcr collected 129 from pot
*** SUMMARY ***
Total pot 129 | No rake
Board: [4c Jh Kc]
Seat 3: MathisKcr (button) won 129


Winamax Poker - Tournament "TRIDENT SPACE KO" buyIn: 1.80€ + 0.20€ level: 1 - HandId: #4276131789937836239-20-1761574993 - Holdem no limit (3/10/20) - 2025/10/27 14:23:13 UTC
Table: 'TRIDENT SPACE KO(995614517)#0206' 3-max (real money) Seat #1 is the button
Seat 1: CTroPinJust (617, 1€ bounty)
Seat 2: C tapis Ca (528, 1€ bounty)
Seat 3: MathisKcr (632, 1€ bounty)
*** ANTE/BLINDS ***
C tapis Ca posts ante 3
MathisKcr posts ante 3
CTroPinJust posts ante 3
C tapis Ca posts small blind 10
MathisKcr posts big blind 20
Dealt to MathisKcr [2h 5d]
*** PRE-FLOP *** 
CTroPinJust raises 20 to 40
C tapis Ca folds
MathisKcr calls 20
*** FLOP *** [Ks 3d Jc]
MathisKcr checks
CTroPinJust bets 50
MathisKcr folds
CTroPinJust collected 149 from pot
*** SUMMARY ***
Total pot 149 | No rake
Board: [Ks 3d Jc]
Seat 1: CTroPinJust (button) won 149


Winamax Poker - Tournament "TRIDENT SPACE KO" buyIn: 1.80€ + 0.20€ level: 1 - HandId: #4276131789937836239-21-1761575010 - Holdem no limit (3/10/20) - 2025/10/27 14:23:30 UTC
Table: 'TRIDENT SPACE KO(995614517)#0206' 3-max (real money) Seat #2 is the button
Seat 1: CTroPinJust (673, 1€ bounty)
Seat 2: C tapis Ca (515, 1€ bounty)
Seat 3: MathisKcr (589, 1€ bounty)
*** ANTE/BLINDS ***
MathisKcr posts ante 3
CTroPinJust posts ante 3
C tapis Ca posts ante 3
MathisKcr posts small blind 10
CTroPinJust posts big blind 20
Dealt to MathisKcr [Qc 6s]
*** PRE-FLOP *** 
C tapis Ca raises 20 to 40
MathisKcr calls 30
CTroPinJust folds
*** FLOP *** [9h Ks 6d]
MathisKcr bets 60
C tapis Ca calls 60
*** TURN *** [9h Ks 6d][9c]
MathisKcr checks
C tapis Ca checks
*** RIVER *** [9h Ks 6d 9c][3h]
MathisKcr checks
C tapis Ca bets 110
MathisKcr calls 110
*** SHOW DOWN ***
MathisKcr shows [Qc 6s] (Two pairs : 9 and 6)
C tapis Ca shows [Th 9d] (Trips of 9)
C tapis Ca collected 449 from pot
*** SUMMARY ***
Total pot 449 | No rake
Board: [9h Ks 6d 9c 3h]
Seat 2: C tapis Ca (button) showed [Th 9d] and won 449 with Trips of 9
Seat 3: MathisKcr (small blind) showed [Qc 6s] and lost with Two pairs : 9 and 6


Winamax Poker - Tournament "TRIDENT SPACE KO" buyIn: 1.80€ + 0.20€ level: 1 - HandId: #4276131789937836239-22-1761575041 - Holdem no limit (3/10/20) - 2025/10/27 14:24:01 UTC
Table: 'TRIDENT SPACE KO(995614517)#0206' 3-max (real money) Seat #3 is the button
Seat 1: CTroPinJust (650, 1€ bounty)
Seat 2: C tapis Ca (751, 1€ bounty)
Seat 3: MathisKcr (376, 1€ bounty)
*** ANTE/BLINDS ***
CTroPinJust posts ante 3
C tapis Ca posts ante 3
MathisKcr posts ante 3
CTroPinJust posts small blind 10
C tapis Ca posts big blind 20
Dealt to MathisKcr [Kd 4d]
*** PRE-FLOP *** 
MathisKcr raises 20 to 40
CTroPinJust folds
C tapis Ca raises 708 to 748 and is all-in
MathisKcr calls 333 and is all-in
*** FLOP *** [8s 6d Qs]
*** TURN *** [8s 6d Qs][8c]
*** RIVER *** [8s 6d Qs 8c][9c]
*** SHOW DOWN ***
MathisKcr shows [Kd 4d] (One pair : 8)
C tapis Ca shows [3c Ah] (One pair : 8)
C tapis Ca collected 1140 from pot
*** SUMMARY ***
Total pot 1140 | No rake
Board: [8s 6d Qs 8c 9c]
Seat 2: C tapis Ca (big blind) showed [3c Ah] and won 1140 with One pair : 8
Seat 3: MathisKcr (button) showed [Kd 4d] and lost with One pair : 8


