Winamax Poker - Tournament "Expresso" buyIn: 0.46€ + 0.04€ level: 1 - HandId: #4349330118699646977-1-1762091348 - Holdem no limit (10/20) - 2025/11/02 13:49:08 UTC
Table: 'Expresso(1012657331)#0' 3-max (real money) Seat #2 is the button
Seat 1: pandaemma (500)
Seat 2: MB Specimen6 (500)
Seat 3: MathisKcr (500)
*** ANTE/BLINDS ***
MathisKcr posts small blind 10
pandaemma posts big blind 20
Dealt to MathisKcr [Ah 7h]
*** PRE-FLOP *** 
MB Specimen6 folds
MathisKcr raises 20 to 40
pandaemma folds
MathisKcr collected 60 from pot
*** SUMMARY ***
Total pot 60 | No rake
Seat 3: MathisKcr (small blind) won 60


Winamax Poker - Tournament "Expresso" buyIn: 0.46€ + 0.04€ level: 1 - HandId: #4349330118699646977-2-1762091358 - Holdem no limit (10/20) - 2025/11/02 13:49:18 UTC
Table: 'Expresso(1012657331)#0' 3-max (real money) Seat #3 is the button
Seat 1: pandaemma (480)
Seat 2: MB Specimen6 (500)
Seat 3: MathisKcr (520)
*** ANTE/BLINDS ***
pandaemma posts small blind 10
MB Specimen6 posts big blind 20
Dealt to MathisKcr [Qc 8c]
*** PRE-FLOP *** 
MathisKcr calls 20
pandaemma calls 10
MB Specimen6 checks
*** FLOP *** [2s Jc 3c]
pandaemma checks
MB Specimen6 checks
MathisKcr bets 30
pandaemma folds
MB Specimen6 folds
MathisKcr collected 90 from pot
*** SUMMARY ***
Total pot 90 | No rake
Board: [2s Jc 3c]
Seat 3: MathisKcr (button) won 90


Winamax Poker - Tournament "Expresso" buyIn: 0.46€ + 0.04€ level: 1 - HandId: #4349330118699646977-3-1762091386 - Holdem no limit (10/20) - 2025/11/02 13:49:46 UTC
Table: 'Expresso(1012657331)#0' 3-max (real money) Seat #1 is the button
Seat 1: pandaemma (460)
Seat 2: MB Specimen6 (480)
Seat 3: MathisKcr (560)
*** ANTE/BLINDS ***
MB Specimen6 posts small blind 10
MathisKcr posts big blind 20
Dealt to MathisKcr [5h 3c]
*** PRE-FLOP *** 
pandaemma raises 40 to 60
MB Specimen6 folds
MathisKcr folds
pandaemma collected 90 from pot
*** SUMMARY ***
Total pot 90 | No rake
Seat 1: pandaemma (button) won 90


Winamax Poker - Tournament "Expresso" buyIn: 0.46€ + 0.04€ level: 1 - HandId: #4349330118699646977-4-1762091396 - Holdem no limit (10/20) - 2025/11/02 13:49:56 UTC
Table: 'Expresso(1012657331)#0' 3-max (real money) Seat #2 is the button
Seat 1: pandaemma (490)
Seat 2: MB Specimen6 (470)
Seat 3: MathisKcr (540)
*** ANTE/BLINDS ***
MathisKcr posts small blind 10
pandaemma posts big blind 20
Dealt to MathisKcr [3d 7s]
*** PRE-FLOP *** 
MB Specimen6 folds
MathisKcr folds
pandaemma collected 30 from pot
*** SUMMARY ***
Total pot 30 | No rake
Seat 1: pandaemma (big blind) won 30


Winamax Poker - Tournament "Expresso" buyIn: 0.46€ + 0.04€ level: 1 - HandId: #4349330118699646977-5-1762091405 - Holdem no limit (10/20) - 2025/11/02 13:50:05 UTC
Table: 'Expresso(1012657331)#0' 3-max (real money) Seat #3 is the button
Seat 1: pandaemma (500)
Seat 2: MB Specimen6 (470)
Seat 3: MathisKcr (530)
*** ANTE/BLINDS ***
pandaemma posts small blind 10
MB Specimen6 posts big blind 20
Dealt to MathisKcr [Th 2s]
*** PRE-FLOP *** 
MathisKcr folds
pandaemma raises 40 to 60
MB Specimen6 folds
pandaemma collected 80 from pot
*** SUMMARY ***
Total pot 80 | No rake
Seat 1: pandaemma (small blind) won 80


Winamax Poker - Tournament "Expresso" buyIn: 0.46€ + 0.04€ level: 1 - HandId: #4349330118699646977-6-1762091419 - Holdem no limit (10/20) - 2025/11/02 13:50:19 UTC
Table: 'Expresso(1012657331)#0' 3-max (real money) Seat #1 is the button
Seat 1: pandaemma (520)
Seat 2: MB Specimen6 (450)
Seat 3: MathisKcr (530)
*** ANTE/BLINDS ***
MB Specimen6 posts small blind 10
MathisKcr posts big blind 20
Dealt to MathisKcr [Qh 7s]
*** PRE-FLOP *** 
pandaemma folds
MB Specimen6 folds
MathisKcr collected 30 from pot
*** SUMMARY ***
Total pot 30 | No rake
Seat 3: MathisKcr (big blind) won 30


Winamax Poker - Tournament "Expresso" buyIn: 0.46€ + 0.04€ level: 1 - HandId: #4349330118699646977-7-1762091429 - Holdem no limit (10/20) - 2025/11/02 13:50:29 UTC
Table: 'Expresso(1012657331)#0' 3-max (real money) Seat #2 is the button
Seat 1: pandaemma (520)
Seat 2: MB Specimen6 (440)
Seat 3: MathisKcr (540)
*** ANTE/BLINDS ***
MathisKcr posts small blind 10
pandaemma posts big blind 20
Dealt to MathisKcr [5s 5c]
*** PRE-FLOP *** 
MB Specimen6 raises 420 to 440 and is all-in
MathisKcr calls 430
pandaemma folds
*** FLOP *** [Qs 8d 5h]
*** TURN *** [Qs 8d 5h][7c]
*** RIVER *** [Qs 8d 5h 7c][3c]
*** SHOW DOWN ***
MB Specimen6 shows [Ac 4h] (High card : Ace)
MathisKcr shows [5s 5c] (Trips of 5)
MathisKcr collected 900 from pot
*** SUMMARY ***
Total pot 900 | No rake
Board: [Qs 8d 5h 7c 3c]
Seat 2: MB Specimen6 (button) showed [Ac 4h] and lost with High card : Ace
Seat 3: MathisKcr (small blind) showed [5s 5c] and won 900 with Trips of 5


Winamax Poker - Tournament "Expresso" buyIn: 0.46€ + 0.04€ level: 2 - HandId: #4349330118699646977-8-1762091445 - Holdem no limit (15/30) - 2025/11/02 13:50:45 UTC
Table: 'Expresso(1012657331)#0' 3-max (real money) Seat #1 is the button
Seat 1: pandaemma (500)
Seat 3: MathisKcr (1000)
*** ANTE/BLINDS ***
pandaemma posts small blind 15
MathisKcr posts big blind 30
Dealt to MathisKcr [Js 6s]
*** PRE-FLOP *** 
pandaemma folds
MathisKcr collected 45 from pot
*** SUMMARY ***
Total pot 45 | No rake
Seat 3: MathisKcr (big blind) won 45


Winamax Poker - Tournament "Expresso" buyIn: 0.46€ + 0.04€ level: 2 - HandId: #4349330118699646977-9-1762091450 - Holdem no limit (15/30) - 2025/11/02 13:50:50 UTC
Table: 'Expresso(1012657331)#0' 3-max (real money) Seat #3 is the button
Seat 1: pandaemma (485)
Seat 3: MathisKcr (1015)
*** ANTE/BLINDS ***
MathisKcr posts small blind 15
pandaemma posts big blind 30
Dealt to MathisKcr [Kc Js]
*** PRE-FLOP *** 
MathisKcr raises 30 to 60
pandaemma folds
MathisKcr collected 90 from pot
*** SUMMARY ***
Total pot 90 | No rake
Seat 3: MathisKcr (small blind) (button) won 90


Winamax Poker - Tournament "Expresso" buyIn: 0.46€ + 0.04€ level: 2 - HandId: #4349330118699646977-10-1762091457 - Holdem no limit (15/30) - 2025/11/02 13:50:57 UTC
Table: 'Expresso(1012657331)#0' 3-max (real money) Seat #1 is the button
Seat 1: pandaemma (455)
Seat 3: MathisKcr (1045)
*** ANTE/BLINDS ***
pandaemma posts small blind 15
MathisKcr posts big blind 30
Dealt to MathisKcr [8h 3s]
*** PRE-FLOP *** 
pandaemma raises 45 to 75
MathisKcr folds
pandaemma collected 105 from pot
*** SUMMARY ***
Total pot 105 | No rake
Seat 1: pandaemma (small blind) (button) won 105


Winamax Poker - Tournament "Expresso" buyIn: 0.46€ + 0.04€ level: 2 - HandId: #4349330118699646977-11-1762091467 - Holdem no limit (15/30) - 2025/11/02 13:51:07 UTC
Table: 'Expresso(1012657331)#0' 3-max (real money) Seat #3 is the button
Seat 1: pandaemma (485)
Seat 3: MathisKcr (1015)
*** ANTE/BLINDS ***
MathisKcr posts small blind 15
pandaemma posts big blind 30
Dealt to MathisKcr [3d 8h]
*** PRE-FLOP *** 
MathisKcr calls 15
pandaemma checks
*** FLOP *** [Ah Qd 6c]
pandaemma checks
MathisKcr bets 60
pandaemma calls 60
*** TURN *** [Ah Qd 6c][2d]
pandaemma checks
MathisKcr checks
*** RIVER *** [Ah Qd 6c 2d][5d]
pandaemma checks
MathisKcr checks
*** SHOW DOWN ***
MathisKcr shows [3d 8h] (High card : Ace)
pandaemma shows [6d 8d] (Flush Queen high)
pandaemma collected 180 from pot
*** SUMMARY ***
Total pot 180 | No rake
Board: [Ah Qd 6c 2d 5d]
Seat 1: pandaemma (big blind) showed [6d 8d] and won 180 with Flush Queen high
Seat 3: MathisKcr (small blind) (button) showed [3d 8h] and lost with High card : Ace


Winamax Poker - Tournament "Expresso" buyIn: 0.46€ + 0.04€ level: 2 - HandId: #4349330118699646977-12-1762091500 - Holdem no limit (15/30) - 2025/11/02 13:51:40 UTC
Table: 'Expresso(1012657331)#0' 3-max (real money) Seat #1 is the button
Seat 1: pandaemma (575)
Seat 3: MathisKcr (925)
*** ANTE/BLINDS ***
pandaemma posts small blind 15
MathisKcr posts big blind 30
Dealt to MathisKcr [3h 4d]
*** PRE-FLOP *** 
pandaemma folds
MathisKcr collected 45 from pot
*** SUMMARY ***
Total pot 45 | No rake
Seat 3: MathisKcr (big blind) won 45


Winamax Poker - Tournament "Expresso" buyIn: 0.46€ + 0.04€ level: 2 - HandId: #4349330118699646977-13-1762091507 - Holdem no limit (15/30) - 2025/11/02 13:51:47 UTC
Table: 'Expresso(1012657331)#0' 3-max (real money) Seat #3 is the button
Seat 1: pandaemma (560)
Seat 3: MathisKcr (940)
*** ANTE/BLINDS ***
MathisKcr posts small blind 15
pandaemma posts big blind 30
Dealt to MathisKcr [Tc 2c]
*** PRE-FLOP *** 
MathisKcr calls 15
pandaemma checks
*** FLOP *** [6s 3s Jc]
pandaemma checks
MathisKcr checks
*** TURN *** [6s 3s Jc][Ks]
pandaemma bets 39
MathisKcr folds
pandaemma collected 99 from pot
*** SUMMARY ***
Total pot 99 | No rake
Board: [6s 3s Jc Ks]
Seat 1: pandaemma (big blind) won 99


Winamax Poker - Tournament "Expresso" buyIn: 0.46€ + 0.04€ level: 2 - HandId: #4349330118699646977-14-1762091525 - Holdem no limit (15/30) - 2025/11/02 13:52:05 UTC
Table: 'Expresso(1012657331)#0' 3-max (real money) Seat #1 is the button
Seat 1: pandaemma (590)
Seat 3: MathisKcr (910)
*** ANTE/BLINDS ***
pandaemma posts small blind 15
MathisKcr posts big blind 30
Dealt to MathisKcr [Ts 5h]
*** PRE-FLOP *** 
pandaemma folds
MathisKcr collected 45 from pot
*** SUMMARY ***
Total pot 45 | No rake
Seat 3: MathisKcr (big blind) won 45


Winamax Poker - Tournament "Expresso" buyIn: 0.46€ + 0.04€ level: 3 - HandId: #4349330118699646977-15-1762091531 - Holdem no limit (20/40) - 2025/11/02 13:52:11 UTC
Table: 'Expresso(1012657331)#0' 3-max (real money) Seat #3 is the button
Seat 1: pandaemma (575)
Seat 3: MathisKcr (925)
*** ANTE/BLINDS ***
MathisKcr posts small blind 20
pandaemma posts big blind 40
Dealt to MathisKcr [4s 5c]
*** PRE-FLOP *** 
MathisKcr calls 20
pandaemma checks
*** FLOP *** [4c Kc Jh]
pandaemma checks
MathisKcr bets 80
pandaemma folds
MathisKcr collected 160 from pot
*** SUMMARY ***
Total pot 160 | No rake
Board: [4c Kc Jh]
Seat 3: MathisKcr (small blind) (button) won 160


Winamax Poker - Tournament "Expresso" buyIn: 0.46€ + 0.04€ level: 3 - HandId: #4349330118699646977-16-1762091544 - Holdem no limit (20/40) - 2025/11/02 13:52:24 UTC
Table: 'Expresso(1012657331)#0' 3-max (real money) Seat #1 is the button
Seat 1: pandaemma (535)
Seat 3: MathisKcr (965)
*** ANTE/BLINDS ***
pandaemma posts small blind 20
MathisKcr posts big blind 40
Dealt to MathisKcr [6h 9s]
*** PRE-FLOP *** 
pandaemma raises 40 to 80
MathisKcr folds
pandaemma collected 120 from pot
*** SUMMARY ***
Total pot 120 | No rake
Seat 1: pandaemma (small blind) (button) won 120


Winamax Poker - Tournament "Expresso" buyIn: 0.46€ + 0.04€ level: 3 - HandId: #4349330118699646977-17-1762091555 - Holdem no limit (20/40) - 2025/11/02 13:52:35 UTC
Table: 'Expresso(1012657331)#0' 3-max (real money) Seat #3 is the button
Seat 1: pandaemma (575)
Seat 3: MathisKcr (925)
*** ANTE/BLINDS ***
MathisKcr posts small blind 20
pandaemma posts big blind 40
Dealt to MathisKcr [Qh Jh]
*** PRE-FLOP *** 
MathisKcr calls 20
pandaemma checks
*** FLOP *** [8c 9d Qs]
pandaemma checks
MathisKcr bets 40
pandaemma folds
MathisKcr collected 120 from pot
*** SUMMARY ***
Total pot 120 | No rake
Board: [8c 9d Qs]
Seat 3: MathisKcr (small blind) (button) won 120


Winamax Poker - Tournament "Expresso" buyIn: 0.46€ + 0.04€ level: 3 - HandId: #4349330118699646977-18-1762091569 - Holdem no limit (20/40) - 2025/11/02 13:52:49 UTC
Table: 'Expresso(1012657331)#0' 3-max (real money) Seat #1 is the button
Seat 1: pandaemma (535)
Seat 3: MathisKcr (965)
*** ANTE/BLINDS ***
pandaemma posts small blind 20
MathisKcr posts big blind 40
Dealt to MathisKcr [6d Kc]
*** PRE-FLOP *** 
pandaemma calls 20
MathisKcr checks
*** FLOP *** [9d Ac 2h]
MathisKcr bets 40
pandaemma raises 90 to 130
MathisKcr folds
pandaemma collected 250 from pot
*** SUMMARY ***
Total pot 250 | No rake
Board: [9d Ac 2h]
Seat 1: pandaemma (small blind) (button) won 250


Winamax Poker - Tournament "Expresso" buyIn: 0.46€ + 0.04€ level: 3 - HandId: #4349330118699646977-19-1762091587 - Holdem no limit (20/40) - 2025/11/02 13:53:07 UTC
Table: 'Expresso(1012657331)#0' 3-max (real money) Seat #3 is the button
Seat 1: pandaemma (615)
Seat 3: MathisKcr (885)
*** ANTE/BLINDS ***
MathisKcr posts small blind 20
pandaemma posts big blind 40
Dealt to MathisKcr [7s Kd]
*** PRE-FLOP *** 
MathisKcr calls 20
pandaemma checks
*** FLOP *** [Kh Js 9s]
pandaemma checks
MathisKcr checks
*** TURN *** [Kh Js 9s][5s]
pandaemma checks
MathisKcr checks
*** RIVER *** [Kh Js 9s 5s][Th]
pandaemma checks
MathisKcr bets 80
pandaemma calls 80
*** SHOW DOWN ***
pandaemma shows [Jh 6s] (One pair : Jacks)
MathisKcr shows [7s Kd] (One pair : Kings)
MathisKcr collected 240 from pot
*** SUMMARY ***
Total pot 240 | No rake
Board: [Kh Js 9s 5s Th]
Seat 1: pandaemma (big blind) showed [Jh 6s] and lost with One pair : Jacks
Seat 3: MathisKcr (small blind) (button) showed [7s Kd] and won 240 with One pair : Kings


Winamax Poker - Tournament "Expresso" buyIn: 0.46€ + 0.04€ level: 3 - HandId: #4349330118699646977-20-1762091613 - Holdem no limit (20/40) - 2025/11/02 13:53:33 UTC
Table: 'Expresso(1012657331)#0' 3-max (real money) Seat #1 is the button
Seat 1: pandaemma (495)
Seat 3: MathisKcr (1005)
*** ANTE/BLINDS ***
pandaemma posts small blind 20
MathisKcr posts big blind 40
Dealt to MathisKcr [5h Kc]
*** PRE-FLOP *** 
pandaemma calls 20
MathisKcr checks
*** FLOP *** [5s 6c Kd]
MathisKcr bets 40
pandaemma calls 40
*** TURN *** [5s 6c Kd][7c]
MathisKcr bets 80
pandaemma folds
MathisKcr collected 240 from pot
*** SUMMARY ***
Total pot 240 | No rake
Board: [5s 6c Kd 7c]
Seat 3: MathisKcr (big blind) won 240


Winamax Poker - Tournament "Expresso" buyIn: 0.46€ + 0.04€ level: 4 - HandId: #4349330118699646977-21-1762091634 - Holdem no limit (30/60) - 2025/11/02 13:53:54 UTC
Table: 'Expresso(1012657331)#0' 3-max (real money) Seat #3 is the button
Seat 1: pandaemma (415)
Seat 3: MathisKcr (1085)
*** ANTE/BLINDS ***
MathisKcr posts small blind 30
pandaemma posts big blind 60
Dealt to MathisKcr [Qd 2c]
*** PRE-FLOP *** 
MathisKcr calls 30
pandaemma raises 355 to 415 and is all-in
MathisKcr folds
pandaemma collected 475 from pot
*** SUMMARY ***
Total pot 475 | No rake
Seat 1: pandaemma (big blind) won 475


Winamax Poker - Tournament "Expresso" buyIn: 0.46€ + 0.04€ level: 4 - HandId: #4349330118699646977-22-1762091644 - Holdem no limit (30/60) - 2025/11/02 13:54:04 UTC
Table: 'Expresso(1012657331)#0' 3-max (real money) Seat #1 is the button
Seat 1: pandaemma (475)
Seat 3: MathisKcr (1025)
*** ANTE/BLINDS ***
pandaemma posts small blind 30
MathisKcr posts big blind 60
Dealt to MathisKcr [2c 7c]
*** PRE-FLOP *** 
pandaemma raises 415 to 475 and is all-in
MathisKcr folds
pandaemma collected 535 from pot
*** SUMMARY ***
Total pot 535 | No rake
Seat 1: pandaemma (small blind) (button) won 535


Winamax Poker - Tournament "Expresso" buyIn: 0.46€ + 0.04€ level: 4 - HandId: #4349330118699646977-23-1762091653 - Holdem no limit (30/60) - 2025/11/02 13:54:13 UTC
Table: 'Expresso(1012657331)#0' 3-max (real money) Seat #3 is the button
Seat 1: pandaemma (535)
Seat 3: MathisKcr (965)
*** ANTE/BLINDS ***
MathisKcr posts small blind 30
pandaemma posts big blind 60
Dealt to MathisKcr [5c Td]
*** PRE-FLOP *** 
MathisKcr calls 30
pandaemma raises 90 to 150
MathisKcr folds
pandaemma collected 210 from pot
*** SUMMARY ***
Total pot 210 | No rake
Seat 1: pandaemma (big blind) won 210


Winamax Poker - Tournament "Expresso" buyIn: 0.46€ + 0.04€ level: 4 - HandId: #4349330118699646977-24-1762091664 - Holdem no limit (30/60) - 2025/11/02 13:54:24 UTC
Table: 'Expresso(1012657331)#0' 3-max (real money) Seat #1 is the button
Seat 1: pandaemma (595)
Seat 3: MathisKcr (905)
*** ANTE/BLINDS ***
pandaemma posts small blind 30
MathisKcr posts big blind 60
Dealt to MathisKcr [4s 4d]
*** PRE-FLOP *** 
pandaemma folds
MathisKcr collected 90 from pot
*** SUMMARY ***
Total pot 90 | No rake
Seat 3: MathisKcr (big blind) won 90


Winamax Poker - Tournament "Expresso" buyIn: 0.46€ + 0.04€ level: 4 - HandId: #4349330118699646977-25-1762091671 - Holdem no limit (30/60) - 2025/11/02 13:54:31 UTC
Table: 'Expresso(1012657331)#0' 3-max (real money) Seat #3 is the button
Seat 1: pandaemma (565)
Seat 3: MathisKcr (935)
*** ANTE/BLINDS ***
MathisKcr posts small blind 30
pandaemma posts big blind 60
Dealt to MathisKcr [Ks 4d]
*** PRE-FLOP *** 
MathisKcr calls 30
pandaemma raises 505 to 565 and is all-in
MathisKcr folds
pandaemma collected 625 from pot
*** SUMMARY ***
Total pot 625 | No rake
Seat 1: pandaemma (big blind) won 625


Winamax Poker - Tournament "Expresso" buyIn: 0.46€ + 0.04€ level: 4 - HandId: #4349330118699646977-26-1762091681 - Holdem no limit (30/60) - 2025/11/02 13:54:41 UTC
Table: 'Expresso(1012657331)#0' 3-max (real money) Seat #1 is the button
Seat 1: pandaemma (625)
Seat 3: MathisKcr (875)
*** ANTE/BLINDS ***
pandaemma posts small blind 30
MathisKcr posts big blind 60
Dealt to MathisKcr [Ks 6c]
*** PRE-FLOP *** 
pandaemma calls 30
MathisKcr checks
*** FLOP *** [7d Js Qc]
MathisKcr checks
pandaemma checks
*** TURN *** [7d Js Qc][4d]
MathisKcr bets 120
pandaemma calls 120
*** RIVER *** [7d Js Qc 4d][Kh]
MathisKcr bets 695 and is all-in
pandaemma folds
MathisKcr collected 1055 from pot
*** SUMMARY ***
Total pot 1055 | No rake
Board: [7d Js Qc 4d Kh]
Seat 3: MathisKcr (big blind) won 1055


Winamax Poker - Tournament "Expresso" buyIn: 0.46€ + 0.04€ level: 5 - HandId: #4349330118699646977-27-1762091707 - Holdem no limit (40/80) - 2025/11/02 13:55:07 UTC
Table: 'Expresso(1012657331)#0' 3-max (real money) Seat #3 is the button
Seat 1: pandaemma (445)
Seat 3: MathisKcr (1055)
*** ANTE/BLINDS ***
MathisKcr posts small blind 40
pandaemma posts big blind 80
Dealt to MathisKcr [7s 5d]
*** PRE-FLOP *** 
MathisKcr folds
pandaemma collected 120 from pot
*** SUMMARY ***
Total pot 120 | No rake
Seat 1: pandaemma (big blind) won 120


Winamax Poker - Tournament "Expresso" buyIn: 0.46€ + 0.04€ level: 5 - HandId: #4349330118699646977-28-1762091714 - Holdem no limit (40/80) - 2025/11/02 13:55:14 UTC
Table: 'Expresso(1012657331)#0' 3-max (real money) Seat #1 is the button
Seat 1: pandaemma (485)
Seat 3: MathisKcr (1015)
*** ANTE/BLINDS ***
pandaemma posts small blind 40
MathisKcr posts big blind 80
Dealt to MathisKcr [Ad Qd]
*** PRE-FLOP *** 
pandaemma raises 405 to 485 and is all-in
MathisKcr calls 405
*** FLOP *** [6s 5h 3d]
*** TURN *** [6s 5h 3d][6c]
*** RIVER *** [6s 5h 3d 6c][9h]
*** SHOW DOWN ***
pandaemma shows [Kh 8c] (One pair : 6)
MathisKcr shows [Ad Qd] (One pair : 6)
MathisKcr collected 970 from pot
*** SUMMARY ***
Total pot 970 | No rake
Board: [6s 5h 3d 6c 9h]
Seat 1: pandaemma (small blind) (button) showed [Kh 8c] and lost with One pair : 6
Seat 3: MathisKcr (big blind) showed [Ad Qd] and won 970 with One pair : 6


