Winamax Poker - Tournament "Expresso" buyIn: 4.65€ + 0.35€ level: 1 - HandId: #4226933643936792577-1-1756807088 - Holdem no limit (10/20) - 2025/09/02 09:58:08 UTC
Table: 'Expresso(984159681)#0' 3-max (real money) Seat #3 is the button
Seat 1: MathisKcr (500)
Seat 2: IDACU (500)
Seat 3: cepefagel (500)
*** ANTE/BLINDS ***
MathisKcr posts small blind 10
IDACU posts big blind 20
Dealt to MathisKcr [Jc 8d]
*** PRE-FLOP *** 
cepefagel raises 20 to 40
MathisKcr calls 30
IDACU folds
*** FLOP *** [Ad Ac Jd]
MathisKcr checks
cepefagel bets 25
MathisKcr raises 75 to 100
cepefagel folds
MathisKcr collected 225 from pot
*** SUMMARY ***
Total pot 225 | No rake
Board: [Ad Ac Jd]
Seat 1: MathisKcr (small blind) won 225


Winamax Poker - Tournament "Expresso" buyIn: 4.65€ + 0.35€ level: 1 - HandId: #4226933643936792577-2-1756807114 - Holdem no limit (10/20) - 2025/09/02 09:58:34 UTC
Table: 'Expresso(984159681)#0' 3-max (real money) Seat #1 is the button
Seat 1: MathisKcr (585)
Seat 2: IDACU (480)
Seat 3: cepefagel (435)
*** ANTE/BLINDS ***
IDACU posts small blind 10
cepefagel posts big blind 20
Dealt to MathisKcr [7d 5c]
*** PRE-FLOP *** 
MathisKcr folds
IDACU folds
cepefagel collected 30 from pot
*** SUMMARY ***
Total pot 30 | No rake
Seat 3: cepefagel (big blind) won 30


Winamax Poker - Tournament "Expresso" buyIn: 4.65€ + 0.35€ level: 1 - HandId: #4226933643936792577-3-1756807123 - Holdem no limit (10/20) - 2025/09/02 09:58:43 UTC
Table: 'Expresso(984159681)#0' 3-max (real money) Seat #2 is the button
Seat 1: MathisKcr (585)
Seat 2: IDACU (470)
Seat 3: cepefagel (445)
*** ANTE/BLINDS ***
cepefagel posts small blind 10
MathisKcr posts big blind 20
Dealt to MathisKcr [As 8c]
*** PRE-FLOP *** 
IDACU raises 20 to 40
cepefagel folds
MathisKcr raises 20 to 60
IDACU raises 410 to 470 and is all-in
MathisKcr calls 410
*** FLOP *** [8s 7h Ks]
*** TURN *** [8s 7h Ks][4c]
*** RIVER *** [8s 7h Ks 4c][Kc]
*** SHOW DOWN ***
IDACU shows [6d 6h] (Two pairs : Kings and 6)
MathisKcr shows [As 8c] (Two pairs : Kings and 8)
MathisKcr collected 950 from pot
*** SUMMARY ***
Total pot 950 | No rake
Board: [8s 7h Ks 4c Kc]
Seat 1: MathisKcr (big blind) showed [As 8c] and won 950 with Two pairs : Kings and 8
Seat 2: IDACU (button) showed [6d 6h] and lost with Two pairs : Kings and 6


Winamax Poker - Tournament "Expresso" buyIn: 4.65€ + 0.35€ level: 1 - HandId: #4226933643936792577-4-1756807146 - Holdem no limit (10/20) - 2025/09/02 09:59:06 UTC
Table: 'Expresso(984159681)#0' 3-max (real money) Seat #1 is the button
Seat 1: MathisKcr (1065)
Seat 3: cepefagel (435)
*** ANTE/BLINDS ***
MathisKcr posts small blind 10
cepefagel posts big blind 20
Dealt to MathisKcr [Jh 3h]
*** PRE-FLOP *** 
MathisKcr calls 10
cepefagel checks
*** FLOP *** [4d 4s Th]
cepefagel checks
MathisKcr checks
*** TURN *** [4d 4s Th][4h]
cepefagel checks
MathisKcr bets 60
cepefagel folds
MathisKcr collected 100 from pot
*** SUMMARY ***
Total pot 100 | No rake
Board: [4d 4s Th 4h]
Seat 1: MathisKcr (small blind) (button) won 100


Winamax Poker - Tournament "Expresso" buyIn: 4.65€ + 0.35€ level: 1 - HandId: #4226933643936792577-5-1756807167 - Holdem no limit (10/20) - 2025/09/02 09:59:27 UTC
Table: 'Expresso(984159681)#0' 3-max (real money) Seat #3 is the button
Seat 1: MathisKcr (1085)
Seat 3: cepefagel (415)
*** ANTE/BLINDS ***
cepefagel posts small blind 10
MathisKcr posts big blind 20
Dealt to MathisKcr [9s 3h]
*** PRE-FLOP *** 
cepefagel calls 10
MathisKcr checks
*** FLOP *** [2s 9c 7h]
MathisKcr bets 60
cepefagel raises 335 to 395 and is all-in
MathisKcr calls 335
*** TURN *** [2s 9c 7h][Qd]
*** RIVER *** [2s 9c 7h Qd][Qc]
*** SHOW DOWN ***
MathisKcr shows [9s 3h] (Two pairs : Queens and 9)
cepefagel shows [9d Js] (Two pairs : Queens and 9)
cepefagel collected 830 from pot
*** SUMMARY ***
Total pot 830 | No rake
Board: [2s 9c 7h Qd Qc]
Seat 1: MathisKcr (big blind) showed [9s 3h] and lost with Two pairs : Queens and 9
Seat 3: cepefagel (small blind) (button) showed [9d Js] and won 830 with Two pairs : Queens and 9


Winamax Poker - Tournament "Expresso" buyIn: 4.65€ + 0.35€ level: 2 - HandId: #4226933643936792577-6-1756807183 - Holdem no limit (15/30) - 2025/09/02 09:59:43 UTC
Table: 'Expresso(984159681)#0' 3-max (real money) Seat #1 is the button
Seat 1: MathisKcr (670)
Seat 3: cepefagel (830)
*** ANTE/BLINDS ***
MathisKcr posts small blind 15
cepefagel posts big blind 30
Dealt to MathisKcr [Qc 7c]
*** PRE-FLOP *** 
MathisKcr calls 15
cepefagel checks
*** FLOP *** [4c Js Qs]
cepefagel checks
MathisKcr bets 90
cepefagel folds
MathisKcr collected 150 from pot
*** SUMMARY ***
Total pot 150 | No rake
Board: [4c Js Qs]
Seat 1: MathisKcr (small blind) (button) won 150


Winamax Poker - Tournament "Expresso" buyIn: 4.65€ + 0.35€ level: 2 - HandId: #4226933643936792577-7-1756807203 - Holdem no limit (15/30) - 2025/09/02 10:00:03 UTC
Table: 'Expresso(984159681)#0' 3-max (real money) Seat #3 is the button
Seat 1: MathisKcr (700)
Seat 3: cepefagel (800)
*** ANTE/BLINDS ***
cepefagel posts small blind 15
MathisKcr posts big blind 30
Dealt to MathisKcr [Ac 6h]
*** PRE-FLOP *** 
cepefagel calls 15
MathisKcr raises 30 to 60
cepefagel calls 30
*** FLOP *** [4c 8h 2h]
MathisKcr checks
cepefagel checks
*** TURN *** [4c 8h 2h][Ad]
MathisKcr checks
cepefagel checks
*** RIVER *** [4c 8h 2h Ad][9c]
MathisKcr bets 120
cepefagel folds
MathisKcr collected 240 from pot
*** SUMMARY ***
Total pot 240 | No rake
Board: [4c 8h 2h Ad 9c]
Seat 1: MathisKcr (big blind) won 240


Winamax Poker - Tournament "Expresso" buyIn: 4.65€ + 0.35€ level: 2 - HandId: #4226933643936792577-8-1756807225 - Holdem no limit (15/30) - 2025/09/02 10:00:25 UTC
Table: 'Expresso(984159681)#0' 3-max (real money) Seat #1 is the button
Seat 1: MathisKcr (760)
Seat 3: cepefagel (740)
*** ANTE/BLINDS ***
MathisKcr posts small blind 15
cepefagel posts big blind 30
Dealt to MathisKcr [9c Kc]
*** PRE-FLOP *** 
MathisKcr raises 30 to 60
cepefagel calls 30
*** FLOP *** [Qd 7s 2h]
cepefagel checks
MathisKcr checks
*** TURN *** [Qd 7s 2h][Td]
cepefagel checks
MathisKcr bets 75
cepefagel folds
MathisKcr collected 195 from pot
*** SUMMARY ***
Total pot 195 | No rake
Board: [Qd 7s 2h Td]
Seat 1: MathisKcr (small blind) (button) won 195


Winamax Poker - Tournament "Expresso" buyIn: 4.65€ + 0.35€ level: 2 - HandId: #4226933643936792577-9-1756807244 - Holdem no limit (15/30) - 2025/09/02 10:00:44 UTC
Table: 'Expresso(984159681)#0' 3-max (real money) Seat #3 is the button
Seat 1: MathisKcr (820)
Seat 3: cepefagel (680)
*** ANTE/BLINDS ***
cepefagel posts small blind 15
MathisKcr posts big blind 30
Dealt to MathisKcr [Kc Ad]
*** PRE-FLOP *** 
cepefagel calls 15
MathisKcr raises 60 to 90
cepefagel folds
MathisKcr collected 120 from pot
*** SUMMARY ***
Total pot 120 | No rake
Seat 1: MathisKcr (big blind) won 120


Winamax Poker - Tournament "Expresso" buyIn: 4.65€ + 0.35€ level: 2 - HandId: #4226933643936792577-10-1756807254 - Holdem no limit (15/30) - 2025/09/02 10:00:54 UTC
Table: 'Expresso(984159681)#0' 3-max (real money) Seat #1 is the button
Seat 1: MathisKcr (850)
Seat 3: cepefagel (650)
*** ANTE/BLINDS ***
MathisKcr posts small blind 15
cepefagel posts big blind 30
Dealt to MathisKcr [4c Jc]
*** PRE-FLOP *** 
MathisKcr calls 15
cepefagel raises 620 to 650 and is all-in
MathisKcr folds
cepefagel collected 680 from pot
*** SUMMARY ***
Total pot 680 | No rake
Seat 3: cepefagel (big blind) won 680


Winamax Poker - Tournament "Expresso" buyIn: 4.65€ + 0.35€ level: 2 - HandId: #4226933643936792577-11-1756807261 - Holdem no limit (15/30) - 2025/09/02 10:01:01 UTC
Table: 'Expresso(984159681)#0' 3-max (real money) Seat #3 is the button
Seat 1: MathisKcr (820)
Seat 3: cepefagel (680)
*** ANTE/BLINDS ***
cepefagel posts small blind 15
MathisKcr posts big blind 30
Dealt to MathisKcr [Ks Tc]
*** PRE-FLOP *** 
cepefagel folds
MathisKcr collected 45 from pot
*** SUMMARY ***
Total pot 45 | No rake
Seat 1: MathisKcr (big blind) won 45


Winamax Poker - Tournament "Expresso" buyIn: 4.65€ + 0.35€ level: 3 - HandId: #4226933643936792577-12-1756807267 - Holdem no limit (20/40) - 2025/09/02 10:01:07 UTC
Table: 'Expresso(984159681)#0' 3-max (real money) Seat #1 is the button
Seat 1: MathisKcr (835)
Seat 3: cepefagel (665)
*** ANTE/BLINDS ***
MathisKcr posts small blind 20
cepefagel posts big blind 40
Dealt to MathisKcr [7d 4c]
*** PRE-FLOP *** 
MathisKcr calls 20
cepefagel checks
*** FLOP *** [Ah Kh 7s]
cepefagel checks
MathisKcr bets 80
cepefagel folds
MathisKcr collected 160 from pot
*** SUMMARY ***
Total pot 160 | No rake
Board: [Ah Kh 7s]
Seat 1: MathisKcr (small blind) (button) won 160


Winamax Poker - Tournament "Expresso" buyIn: 4.65€ + 0.35€ level: 3 - HandId: #4226933643936792577-13-1756807280 - Holdem no limit (20/40) - 2025/09/02 10:01:20 UTC
Table: 'Expresso(984159681)#0' 3-max (real money) Seat #3 is the button
Seat 1: MathisKcr (875)
Seat 3: cepefagel (625)
*** ANTE/BLINDS ***
cepefagel posts small blind 20
MathisKcr posts big blind 40
Dealt to MathisKcr [Td Th]
*** PRE-FLOP *** 
cepefagel calls 20
MathisKcr raises 80 to 120
cepefagel folds
MathisKcr collected 160 from pot
*** SUMMARY ***
Total pot 160 | No rake
Seat 1: MathisKcr (big blind) won 160


Winamax Poker - Tournament "Expresso" buyIn: 4.65€ + 0.35€ level: 3 - HandId: #4226933643936792577-14-1756807292 - Holdem no limit (20/40) - 2025/09/02 10:01:32 UTC
Table: 'Expresso(984159681)#0' 3-max (real money) Seat #1 is the button
Seat 1: MathisKcr (915)
Seat 3: cepefagel (585)
*** ANTE/BLINDS ***
MathisKcr posts small blind 20
cepefagel posts big blind 40
Dealt to MathisKcr [Qd Qh]
*** PRE-FLOP *** 
MathisKcr calls 20
cepefagel checks
*** FLOP *** [Qs 9h 2d]
cepefagel checks
MathisKcr bets 80
cepefagel folds
MathisKcr collected 160 from pot
*** SUMMARY ***
Total pot 160 | No rake
Board: [Qs 9h 2d]
Seat 1: MathisKcr (small blind) (button) won 160


Winamax Poker - Tournament "Expresso" buyIn: 4.65€ + 0.35€ level: 3 - HandId: #4226933643936792577-15-1756807321 - Holdem no limit (20/40) - 2025/09/02 10:02:01 UTC
Table: 'Expresso(984159681)#0' 3-max (real money) Seat #3 is the button
Seat 1: MathisKcr (955)
Seat 3: cepefagel (545)
*** ANTE/BLINDS ***
cepefagel posts small blind 20
MathisKcr posts big blind 40
Dealt to MathisKcr [3c Qc]
*** PRE-FLOP *** 
cepefagel calls 20
MathisKcr checks
*** FLOP *** [Ah 9c Ks]
MathisKcr checks
cepefagel checks
*** TURN *** [Ah 9c Ks][2c]
MathisKcr bets 80
cepefagel raises 83 to 163
MathisKcr folds
cepefagel collected 323 from pot
*** SUMMARY ***
Total pot 323 | No rake
Board: [Ah 9c Ks 2c]
Seat 3: cepefagel (small blind) (button) won 323


Winamax Poker - Tournament "Expresso" buyIn: 4.65€ + 0.35€ level: 3 - HandId: #4226933643936792577-16-1756807340 - Holdem no limit (20/40) - 2025/09/02 10:02:20 UTC
Table: 'Expresso(984159681)#0' 3-max (real money) Seat #1 is the button
Seat 1: MathisKcr (835)
Seat 3: cepefagel (665)
*** ANTE/BLINDS ***
MathisKcr posts small blind 20
cepefagel posts big blind 40
Dealt to MathisKcr [Td 4h]
*** PRE-FLOP *** 
MathisKcr calls 20
cepefagel checks
*** FLOP *** [Ad 3c Qc]
cepefagel checks
MathisKcr checks
*** TURN *** [Ad 3c Qc][2h]
cepefagel checks
MathisKcr checks
*** RIVER *** [Ad 3c Qc 2h][5d]
cepefagel bets 625 and is all-in
MathisKcr raises 170 to 795 and is all-in
*** SHOW DOWN ***
MathisKcr shows [Td 4h] (Straight 5 high)
cepefagel shows [4s Jc] (Straight 5 high)
cepefagel collected 665 from main pot
MathisKcr collected 835 from side pot 1
*** SUMMARY ***
Total pot 1500 | No rake
Board: [Ad 3c Qc 2h 5d]
Seat 1: MathisKcr (small blind) (button) showed [Td 4h] and won 835 with Straight 5 high
Seat 3: cepefagel (big blind) showed [4s Jc] and won 665 with Straight 5 high


Winamax Poker - Tournament "Expresso" buyIn: 4.65€ + 0.35€ level: 4 - HandId: #4226933643936792577-17-1756807360 - Holdem no limit (30/60) - 2025/09/02 10:02:40 UTC
Table: 'Expresso(984159681)#0' 3-max (real money) Seat #3 is the button
Seat 1: MathisKcr (835)
Seat 3: cepefagel (665)
*** ANTE/BLINDS ***
cepefagel posts small blind 30
MathisKcr posts big blind 60
Dealt to MathisKcr [9h 6d]
*** PRE-FLOP *** 
cepefagel calls 30
MathisKcr checks
*** FLOP *** [Td 4d Ah]
MathisKcr checks
cepefagel checks
*** TURN *** [Td 4d Ah][5d]
MathisKcr bets 60
cepefagel raises 545 to 605 and is all-in
MathisKcr folds
cepefagel collected 785 from pot
*** SUMMARY ***
Total pot 785 | No rake
Board: [Td 4d Ah 5d]
Seat 3: cepefagel (small blind) (button) won 785


Winamax Poker - Tournament "Expresso" buyIn: 4.65€ + 0.35€ level: 4 - HandId: #4226933643936792577-18-1756807380 - Holdem no limit (30/60) - 2025/09/02 10:03:00 UTC
Table: 'Expresso(984159681)#0' 3-max (real money) Seat #1 is the button
Seat 1: MathisKcr (715)
Seat 3: cepefagel (785)
*** ANTE/BLINDS ***
MathisKcr posts small blind 30
cepefagel posts big blind 60
Dealt to MathisKcr [Qd Kc]
*** PRE-FLOP *** 
MathisKcr raises 120 to 180
cepefagel folds
MathisKcr collected 240 from pot
*** SUMMARY ***
Total pot 240 | No rake
Seat 1: MathisKcr (small blind) (button) won 240


Winamax Poker - Tournament "Expresso" buyIn: 4.65€ + 0.35€ level: 4 - HandId: #4226933643936792577-19-1756807391 - Holdem no limit (30/60) - 2025/09/02 10:03:11 UTC
Table: 'Expresso(984159681)#0' 3-max (real money) Seat #3 is the button
Seat 1: MathisKcr (775)
Seat 3: cepefagel (725)
*** ANTE/BLINDS ***
cepefagel posts small blind 30
MathisKcr posts big blind 60
Dealt to MathisKcr [Ks Kh]
*** PRE-FLOP *** 
cepefagel calls 30
MathisKcr raises 120 to 180
cepefagel folds
MathisKcr collected 240 from pot
*** SUMMARY ***
Total pot 240 | No rake
Seat 1: MathisKcr (big blind) won 240


Winamax Poker - Tournament "Expresso" buyIn: 4.65€ + 0.35€ level: 4 - HandId: #4226933643936792577-20-1756807401 - Holdem no limit (30/60) - 2025/09/02 10:03:21 UTC
Table: 'Expresso(984159681)#0' 3-max (real money) Seat #1 is the button
Seat 1: MathisKcr (835)
Seat 3: cepefagel (665)
*** ANTE/BLINDS ***
MathisKcr posts small blind 30
cepefagel posts big blind 60
Dealt to MathisKcr [Jd 2d]
*** PRE-FLOP *** 
MathisKcr calls 30
cepefagel raises 605 to 665 and is all-in
MathisKcr folds
cepefagel collected 725 from pot
*** SUMMARY ***
Total pot 725 | No rake
Seat 3: cepefagel (big blind) won 725


Winamax Poker - Tournament "Expresso" buyIn: 4.65€ + 0.35€ level: 4 - HandId: #4226933643936792577-21-1756807410 - Holdem no limit (30/60) - 2025/09/02 10:03:30 UTC
Table: 'Expresso(984159681)#0' 3-max (real money) Seat #3 is the button
Seat 1: MathisKcr (775)
Seat 3: cepefagel (725)
*** ANTE/BLINDS ***
cepefagel posts small blind 30
MathisKcr posts big blind 60
Dealt to MathisKcr [7h 4c]
*** PRE-FLOP *** 
cepefagel calls 30
MathisKcr checks
*** FLOP *** [7d 2c Ah]
MathisKcr checks
cepefagel checks
*** TURN *** [7d 2c Ah][Td]
MathisKcr bets 60
cepefagel raises 605 to 665 and is all-in
MathisKcr folds
cepefagel collected 845 from pot
*** SUMMARY ***
Total pot 845 | No rake
Board: [7d 2c Ah Td]
Seat 3: cepefagel (small blind) (button) won 845


Winamax Poker - Tournament "Expresso" buyIn: 4.65€ + 0.35€ level: 4 - HandId: #4226933643936792577-22-1756807430 - Holdem no limit (30/60) - 2025/09/02 10:03:50 UTC
Table: 'Expresso(984159681)#0' 3-max (real money) Seat #1 is the button
Seat 1: MathisKcr (655)
Seat 3: cepefagel (845)
*** ANTE/BLINDS ***
MathisKcr posts small blind 30
cepefagel posts big blind 60
Dealt to MathisKcr [2d 2s]
*** PRE-FLOP *** 
MathisKcr raises 595 to 655 and is all-in
cepefagel calls 595
*** FLOP *** [4s 4d 2h]
*** TURN *** [4s 4d 2h][6s]
*** RIVER *** [4s 4d 2h 6s][3h]
*** SHOW DOWN ***
cepefagel shows [Ah 8h] (One pair : 4)
MathisKcr shows [2d 2s] (Full of 2 and 4)
MathisKcr collected 1310 from pot
*** SUMMARY ***
Total pot 1310 | No rake
Board: [4s 4d 2h 6s 3h]
Seat 1: MathisKcr (small blind) (button) showed [2d 2s] and won 1310 with Full of 2 and 4
Seat 3: cepefagel (big blind) showed [Ah 8h] and lost with One pair : 4


Winamax Poker - Tournament "Expresso" buyIn: 4.65€ + 0.35€ level: 5 - HandId: #4226933643936792577-23-1756807446 - Holdem no limit (40/80) - 2025/09/02 10:04:06 UTC
Table: 'Expresso(984159681)#0' 3-max (real money) Seat #3 is the button
Seat 1: MathisKcr (1310)
Seat 3: cepefagel (190)
*** ANTE/BLINDS ***
cepefagel posts small blind 40
MathisKcr posts big blind 80
Dealt to MathisKcr [Kc 4d]
*** PRE-FLOP *** 
cepefagel raises 110 to 190 and is all-in
MathisKcr calls 110
*** FLOP *** [3s Qs 2c]
*** TURN *** [3s Qs 2c][Td]
*** RIVER *** [3s Qs 2c Td][7s]
*** SHOW DOWN ***
cepefagel shows [Js 4c] (High card : Queen)
MathisKcr shows [Kc 4d] (High card : King)
MathisKcr collected 380 from pot
*** SUMMARY ***
Total pot 380 | No rake
Board: [3s Qs 2c Td 7s]
Seat 1: MathisKcr (big blind) showed [Kc 4d] and won 380 with High card : King
Seat 3: cepefagel (small blind) (button) showed [Js 4c] and lost with High card : Queen


