Winamax Poker - ESCAPE "Colorado" - HandId: #20939025-313338-1746358388 - Holdem no limit (0.01€/0.02€) - 2025/05/04 11:33:08 UTC
Table: 'Colorado' 6-max (real money) Seat #6 is the button
Seat 1: Viernes13 13 (2.37€)
Seat 2: MathisKcr (2€)
Seat 3: kenwil (1.44€)
Seat 4: sarri1 (2.57€)
Seat 5: Drogduhr (2.11€)
Seat 6: NicolasLF8 (1.83€)
Escape to Pot: total 0.10€
*** ANTE/BLINDS ***
Viernes13 13 posts small blind 0.01€
MathisKcr posts big blind 0.02€
Dealt to MathisKcr [3d Jh]
*** PRE-FLOP *** 
kenwil raises 0.02€ to 0.04€
sarri1 folds
Drogduhr folds
NicolasLF8 raises 0.02€ to 0.06€
Viernes13 13 calls 0.05€
MathisKcr folds
kenwil calls 0.02€
*** FLOP *** [9d Kd 2d]
Viernes13 13 checks
kenwil bets 0.11€
NicolasLF8 folds
Viernes13 13 calls 0.11€
*** TURN *** [9d Kd 2d][2h]
Viernes13 13 checks
kenwil bets 0.26€
Viernes13 13 raises 1.04€ to 1.30€
kenwil calls 1.01€ and is all-in
*** RIVER *** [9d Kd 2d 2h][7s]
*** SHOW DOWN ***
kenwil shows [Kh Tc] (Two pairs : Kings and 2)
Viernes13 13 shows [Jd 7d] (Flush King high)
Viernes13 13 collected 2.79€ from pot
*** SUMMARY ***
Total pot 2.79€ | Rake 0.30€
Board: [9d Kd 2d 2h 7s]
Seat 1: Viernes13 13 (small blind) showed [Jd 7d] and won 2.79€ with Flush King high
Seat 3: kenwil showed [Kh Tc] and lost with Two pairs : Kings and 2


Winamax Poker - ESCAPE "Colorado" - HandId: #20939025-313364-1746358409 - Holdem no limit (0.01€/0.02€) - 2025/05/04 11:33:29 UTC
Table: 'Colorado' 6-max (real money) Seat #6 is the button
Seat 1: MathisKcr (1.98€)
Seat 2: pomme-cerise (2.21€)
Seat 3: Drogduhr (2.18€)
Seat 4: Upandown1 (2.02€)
Seat 5: Sosobast29 (0.43€)
Seat 6: Dykos87 (2.12€)
*** ANTE/BLINDS ***
MathisKcr posts small blind 0.01€
pomme-cerise posts big blind 0.02€
Dealt to MathisKcr [7h As]
*** PRE-FLOP *** 
Drogduhr folds
Upandown1 folds
Sosobast29 calls 0.02€
Dykos87 raises 0.08€ to 0.10€
MathisKcr calls 0.09€
pomme-cerise folds
Sosobast29 calls 0.08€
*** FLOP *** [Jc 2c Td]
MathisKcr checks
Sosobast29 checks
Dykos87 checks
*** TURN *** [Jc 2c Td][6h]
MathisKcr checks
Sosobast29 checks
Dykos87 bets 0.24€
MathisKcr calls 0.24€
Sosobast29 folds
*** RIVER *** [Jc 2c Td 6h][7c]
MathisKcr checks
Dykos87 checks
*** SHOW DOWN ***
Dykos87 shows [Qc Ah] (High card : Ace)
MathisKcr shows [7h As] (One pair : 7)
MathisKcr collected 0.72€ from pot
*** SUMMARY ***
Total pot 0.72€ | Rake 0.08€
Board: [Jc 2c Td 6h 7c]
Seat 1: MathisKcr (small blind) showed [7h As] and won 0.72€ with One pair : 7
Seat 6: Dykos87 (button) showed [Qc Ah] and lost with High card : Ace


Winamax Poker - ESCAPE "Colorado" - HandId: #20939025-313426-1746358448 - Holdem no limit (0.01€/0.02€) - 2025/05/04 11:34:08 UTC
Table: 'Colorado' 6-max (real money) Seat #6 is the button
Seat 1: close up3 (2.18€)
Seat 2: pomme-cerise (2.20€)
Seat 3: MathisKcr (2.36€)
Seat 4: sarri1 (2.54€)
Seat 5: Dykos87 (2€)
Seat 6: Demon3347 (0.66€)
*** ANTE/BLINDS ***
close up3 posts small blind 0.01€
pomme-cerise posts big blind 0.02€
Dealt to MathisKcr [9c Qh]
*** PRE-FLOP *** 
MathisKcr raises 0.02€ to 0.04€
sarri1 raises 0.10€ to 0.14€
Dykos87 folds
Demon3347 folds
close up3 folds
pomme-cerise folds
MathisKcr calls 0.10€
*** FLOP *** [7s 5c 2h]
MathisKcr checks
sarri1 bets 0.16€
MathisKcr folds
sarri1 collected 0.44€ from pot
*** SUMMARY ***
Total pot 0.44€ | Rake 0.03€
Board: [7s 5c 2h]
Seat 4: sarri1 won 0.44€


Winamax Poker - ESCAPE "Colorado" - HandId: #20939025-313463-1746358474 - Holdem no limit (0.01€/0.02€) - 2025/05/04 11:34:34 UTC
Table: 'Colorado' 6-max (real money) Seat #6 is the button
Seat 1: Hyuga_Kojiro (2€)
Seat 2: GCARP (2.15€)
Seat 3: Oscar Paccio (1.97€)
Seat 4: MathisKcr (2.22€)
Seat 5: xubylon (2.10€)
Seat 6: Dykos87 (2.45€)
*** ANTE/BLINDS ***
Hyuga_Kojiro posts small blind 0.01€
GCARP posts big blind 0.02€
Dealt to MathisKcr [Qs 6h]
*** PRE-FLOP *** 
Oscar Paccio raises 0.04€ to 0.06€
MathisKcr calls 0.06€
xubylon folds
Dykos87 calls 0.06€
Hyuga_Kojiro folds
GCARP folds
*** FLOP *** [Kd 7c 5s]
Oscar Paccio bets 0.07€
MathisKcr calls 0.07€
Dykos87 folds
*** TURN *** [Kd 7c 5s][7s]
Oscar Paccio bets 0.09€
MathisKcr folds
Oscar Paccio collected 0.40€ from pot
*** SUMMARY ***
Total pot 0.40€ | Rake 0.04€
Board: [Kd 7c 5s 7s]
Seat 3: Oscar Paccio won 0.40€


Winamax Poker - ESCAPE "Colorado" - HandId: #20939025-313510-1746358508 - Holdem no limit (0.01€/0.02€) - 2025/05/04 11:35:08 UTC
Table: 'Colorado' 6-max (real money) Seat #6 is the button
Seat 1: MandlaAK (1.49€)
Seat 2: Hyuga_Kojiro (2.01€)
Seat 3: kelton (2.05€)
Seat 4: lulustucru75 (1.47€)
Seat 5: MathisKcr (2.09€)
Seat 6: Upandown1 (2€)
*** ANTE/BLINDS ***
MandlaAK posts small blind 0.01€
Hyuga_Kojiro posts big blind 0.02€
Dealt to MathisKcr [6h Th]
*** PRE-FLOP *** 
kelton folds
lulustucru75 raises 0.02€ to 0.04€
MathisKcr folds
Upandown1 folds
MandlaAK folds
Hyuga_Kojiro raises 0.20€ to 0.24€
lulustucru75 folds
Hyuga_Kojiro collected 0.29€ from pot
*** SUMMARY ***
Total pot 0.29€ | No rake
Seat 2: Hyuga_Kojiro (big blind) won 0.29€


Winamax Poker - ESCAPE "Colorado" - HandId: #20939025-313512-1746358510 - Holdem no limit (0.01€/0.02€) - 2025/05/04 11:35:10 UTC
Table: 'Colorado' 6-max (real money) Seat #6 is the button
Seat 1: Drogduhr (2.20€)
Seat 2: kelton (2.05€)
Seat 3: sT4NtHeMANiA (0.64€)
Seat 4: Sugarush1000 (0.94€)
Seat 5: GCARP (3.86€)
Seat 6: MathisKcr (2.09€)
*** ANTE/BLINDS ***
Drogduhr posts small blind 0.01€
kelton posts big blind 0.02€
Dealt to MathisKcr [6d Jh]
*** PRE-FLOP *** 
sT4NtHeMANiA raises 0.62€ to 0.64€ and is all-in
Sugarush1000 folds
GCARP folds
MathisKcr folds
Drogduhr folds
kelton folds
sT4NtHeMANiA collected 0.67€ from pot
*** SUMMARY ***
Total pot 0.67€ | No rake
Seat 3: sT4NtHeMANiA won 0.67€


Winamax Poker - ESCAPE "Colorado" - HandId: #20939025-313530-1746358520 - Holdem no limit (0.01€/0.02€) - 2025/05/04 11:35:20 UTC
Table: 'Colorado' 6-max (real money) Seat #6 is the button
Seat 1: akiles 190 (2.66€)
Seat 2: FILTONFLOUSE (2.06€)
Seat 3: Benitocamel0 (3.34€)
Seat 4: MathisKcr (2.09€)
Seat 5: Upandown1 (2.24€)
Seat 6: Drogduhr (2.78€)
*** ANTE/BLINDS ***
akiles 190 posts small blind 0.01€
FILTONFLOUSE posts big blind 0.02€
Dealt to MathisKcr [5h Ts]
*** PRE-FLOP *** 
Benitocamel0 folds
MathisKcr folds
Upandown1 folds
Drogduhr folds
akiles 190 raises 0.04€ to 0.06€
FILTONFLOUSE calls 0.04€
*** FLOP *** [Ah 8h Jc]
akiles 190 checks
FILTONFLOUSE checks
*** TURN *** [Ah 8h Jc][Kh]
akiles 190 checks
FILTONFLOUSE bets 0.06€
akiles 190 calls 0.06€
*** RIVER *** [Ah 8h Jc Kh][Jh]
akiles 190 checks
FILTONFLOUSE checks
*** SHOW DOWN ***
FILTONFLOUSE shows [Ad 5d] (Two pairs : Aces and Jacks)
akiles 190 shows [Kd Qh] (Flush Ace high)
akiles 190 collected 0.22€ from pot
*** SUMMARY ***
Total pot 0.22€ | Rake 0.02€
Board: [Ah 8h Jc Kh Jh]
Seat 1: akiles 190 (small blind) showed [Kd Qh] and won 0.22€ with Flush Ace high
Seat 2: FILTONFLOUSE (big blind) showed [Ad 5d] and lost with Two pairs : Aces and Jacks


Winamax Poker - ESCAPE "Colorado" - HandId: #20939025-313533-1746358522 - Holdem no limit (0.01€/0.02€) - 2025/05/04 11:35:22 UTC
Table: 'Colorado' 6-max (real money) Seat #6 is the button
Seat 1: lulustucru75 (1.43€)
Seat 2: MathisKcr (2.09€)
Seat 3: Sugarush1000 (0.94€)
Seat 4: pomme-cerise (6.16€)
Seat 5: MandlaAK (2.07€)
Seat 6: Sincrotoni (1.88€)
*** ANTE/BLINDS ***
lulustucru75 posts small blind 0.01€
MathisKcr posts big blind 0.02€
Dealt to MathisKcr [6c 7c]
*** PRE-FLOP *** 
Sugarush1000 folds
pomme-cerise folds
MandlaAK raises 0.03€ to 0.05€
Sincrotoni folds
lulustucru75 calls 0.04€
MathisKcr calls 0.03€
*** FLOP *** [Js Kh Ac]
lulustucru75 bets 0.02€
MathisKcr folds
MandlaAK calls 0.02€
*** TURN *** [Js Kh Ac][5d]
lulustucru75 bets 0.07€
MandlaAK calls 0.07€
*** RIVER *** [Js Kh Ac 5d][7h]
lulustucru75 bets 0.12€
MandlaAK calls 0.12€
*** SHOW DOWN ***
lulustucru75 shows [2c Ad] (One pair : Aces)
MandlaAK shows [8c Ah] (One pair : Aces)
MandlaAK collected 0.51€ from pot
*** SUMMARY ***
Total pot 0.51€ | Rake 0.06€
Board: [Js Kh Ac 5d 7h]
Seat 1: lulustucru75 (small blind) showed [2c Ad] and lost with One pair : Aces
Seat 5: MandlaAK showed [8c Ah] and won 0.51€ with One pair : Aces


Winamax Poker - ESCAPE "Colorado" - HandId: #20939025-313560-1746358542 - Holdem no limit (0.01€/0.02€) - 2025/05/04 11:35:42 UTC
Table: 'Colorado' 6-max (real money) Seat #6 is the button
Seat 1: OddlyTilted (2.11€)
Seat 2: Drogduhr (2€)
Seat 3: MathisKcr (2.03€)
Seat 4: Yink (0.31€)
Seat 5: Dykos87 (2.36€)
Seat 6: Sosobast29 (5.90€)
*** ANTE/BLINDS ***
OddlyTilted posts small blind 0.01€
Drogduhr posts big blind 0.02€
Dealt to MathisKcr [Qh 4d]
*** PRE-FLOP *** 
MathisKcr calls 0.02€
Yink folds
Dykos87 folds
Sosobast29 folds
OddlyTilted folds
Drogduhr checks
*** FLOP *** [Qs 3s 3d]
Drogduhr checks
MathisKcr checks
*** TURN *** [Qs 3s 3d][5d]
Drogduhr bets 0.02€
MathisKcr calls 0.02€
*** RIVER *** [Qs 3s 3d 5d][6d]
Drogduhr checks
MathisKcr bets 0.05€
Drogduhr folds
MathisKcr collected 0.13€ from pot
*** SUMMARY ***
Total pot 0.13€ | Rake 0.01€
Board: [Qs 3s 3d 5d 6d]
Seat 3: MathisKcr won 0.13€


Winamax Poker - ESCAPE "Colorado" - HandId: #20939025-313555-1746358538 - Holdem no limit (0.01€/0.02€) - 2025/05/04 11:35:38 UTC
Table: 'Colorado' 6-max (real money) Seat #6 is the button
Seat 1: MathisKcr (2.04€)
Seat 2: Tofini (2€)
Seat 3: Upandown1 (2€)
Seat 4: Cmll23 (2.40€)
Seat 5: pomme-cerise (6.15€)
Seat 6: Drogduhr (2€)
*** ANTE/BLINDS ***
MathisKcr posts small blind 0.01€
Tofini posts big blind 0.02€
Dealt to MathisKcr [Ts 5d]
*** PRE-FLOP *** 
Upandown1 raises 0.03€ to 0.05€
Cmll23 folds
pomme-cerise folds
Drogduhr folds
MathisKcr folds
Tofini calls 0.03€
*** FLOP *** [5s 9h 7c]
Tofini checks
Upandown1 bets 0.04€
Tofini calls 0.04€
*** TURN *** [5s 9h 7c][2c]
Tofini checks
Upandown1 checks
*** RIVER *** [5s 9h 7c 2c][8d]
Tofini checks
Upandown1 checks
*** SHOW DOWN ***
Upandown1 shows [Td Qd] (High card : Queen)
Tofini shows [Ah Jc] (High card : Ace)
Tofini collected 0.17€ from pot
*** SUMMARY ***
Total pot 0.17€ | Rake 0.02€
Board: [5s 9h 7c 2c 8d]
Seat 2: Tofini (big blind) showed [Ah Jc] and won 0.17€ with High card : Ace
Seat 3: Upandown1 showed [Td Qd] and lost with High card : Queen


Winamax Poker - ESCAPE "Colorado" - HandId: #20939025-313620-1746358583 - Holdem no limit (0.01€/0.02€) - 2025/05/04 11:36:23 UTC
Table: 'Colorado' 6-max (real money) Seat #6 is the button
Seat 1: MandlaAK (2.08€)
Seat 2: Jucoma (2.12€)
Seat 3: Pikmanwhite (2€)
Seat 4: pomme-cerise (4.12€)
Seat 5: MathisKcr (2.07€)
Seat 6: ASos2kASos (2.01€)
*** ANTE/BLINDS ***
MandlaAK posts small blind 0.01€
Jucoma posts big blind 0.02€
Dealt to MathisKcr [6s 7c]
*** PRE-FLOP *** 
Pikmanwhite folds
pomme-cerise folds
MathisKcr calls 0.02€
ASos2kASos folds
MandlaAK raises 0.06€ to 0.08€
Jucoma folds
MathisKcr calls 0.06€
*** FLOP *** [7h Qd 9d]
MandlaAK checks
MathisKcr checks
*** TURN *** [7h Qd 9d][3h]
MandlaAK checks
MathisKcr checks
*** RIVER *** [7h Qd 9d 3h][6h]
MandlaAK bets 0.18€
MathisKcr raises 0.18€ to 0.36€
MandlaAK raises 1.64€ to 2€ and is all-in
MathisKcr calls 1.63€ and is all-in
*** SHOW DOWN ***
MathisKcr shows [6s 7c] (Two pairs : 7 and 6)
MandlaAK shows [Ah 4h] (Flush Ace high)
MandlaAK collected 3.75€ from pot
*** SUMMARY ***
Total pot 3.75€ | Rake 0.42€
Board: [7h Qd 9d 3h 6h]
Seat 1: MandlaAK (small blind) showed [Ah 4h] and won 3.75€ with Flush Ace high
Seat 5: MathisKcr showed [6s 7c] and lost with Two pairs : 7 and 6


