Winamax Poker - Tournament "Expresso" buyIn: 0.46€ + 0.04€ level: 1 - HandId: #4340614191242018817-1-1761683790 - Holdem no limit (10/20) - 2025/10/28 20:36:30 UTC
Table: 'Expresso(1010627996)#0' 3-max (real money) Seat #2 is the button
Seat 1: Barasc82 (500)
Seat 2: MathisKcr (500)
Seat 3: Jortizta_14 (500)
*** ANTE/BLINDS ***
Jortizta_14 posts small blind 10
Barasc82 posts big blind 20
Dealt to MathisKcr [2c 8d]
*** PRE-FLOP *** 
MathisKcr folds
Jortizta_14 calls 10
Barasc82 raises 20 to 40
Jortizta_14 calls 20
*** FLOP *** [4c 5s 7d]
Jortizta_14 bets 52
Barasc82 calls 52
*** TURN *** [4c 5s 7d][8s]
Jortizta_14 bets 120
Barasc82 raises 288 to 408 and is all-in
Jortizta_14 calls 288 and is all-in
*** RIVER *** [4c 5s 7d 8s][Tc]
*** SHOW DOWN ***
Barasc82 shows [6s As] (Straight 8 high)
Jortizta_14 shows [6c Jh] (Straight 8 high)
Jortizta_14 collected 500 from pot
Barasc82 collected 500 from pot
*** SUMMARY ***
Total pot 1000 | No rake
Board: [4c 5s 7d 8s Tc]
Seat 1: Barasc82 (big blind) showed [6s As] and won 500 with Straight 8 high
Seat 3: Jortizta_14 (small blind) showed [6c Jh] and won 500 with Straight 8 high


Winamax Poker - Tournament "Expresso" buyIn: 0.46€ + 0.04€ level: 1 - HandId: #4340614191242018817-2-1761683812 - Holdem no limit (10/20) - 2025/10/28 20:36:52 UTC
Table: 'Expresso(1010627996)#0' 3-max (real money) Seat #3 is the button
Seat 1: Barasc82 (500)
Seat 2: MathisKcr (500)
Seat 3: Jortizta_14 (500)
*** ANTE/BLINDS ***
Barasc82 posts small blind 10
MathisKcr posts big blind 20
Dealt to MathisKcr [2h 9s]
*** PRE-FLOP *** 
Jortizta_14 raises 20 to 40
Barasc82 calls 30
MathisKcr calls 20
*** FLOP *** [Ah 7c As]
Barasc82 checks
MathisKcr checks
Jortizta_14 checks
*** TURN *** [Ah 7c As][2d]
Barasc82 checks
MathisKcr checks
Jortizta_14 bets 42
Barasc82 folds
MathisKcr folds
Jortizta_14 collected 162 from pot
*** SUMMARY ***
Total pot 162 | No rake
Board: [Ah 7c As 2d]
Seat 3: Jortizta_14 (button) won 162


Winamax Poker - Tournament "Expresso" buyIn: 0.46€ + 0.04€ level: 1 - HandId: #4340614191242018817-3-1761683829 - Holdem no limit (10/20) - 2025/10/28 20:37:09 UTC
Table: 'Expresso(1010627996)#0' 3-max (real money) Seat #1 is the button
Seat 1: Barasc82 (460)
Seat 2: MathisKcr (460)
Seat 3: Jortizta_14 (580)
*** ANTE/BLINDS ***
MathisKcr posts small blind 10
Jortizta_14 posts big blind 20
Dealt to MathisKcr [6d 5s]
*** PRE-FLOP *** 
Barasc82 calls 20
MathisKcr folds
Jortizta_14 raises 30 to 50
Barasc82 calls 30
*** FLOP *** [Qs 9c 9d]
Jortizta_14 bets 39
Barasc82 calls 39
*** TURN *** [Qs 9c 9d][Kc]
Jortizta_14 bets 20
Barasc82 raises 141 to 161
Jortizta_14 calls 141
*** RIVER *** [Qs 9c 9d Kc][3h]
Jortizta_14 bets 179
Barasc82 raises 31 to 210 and is all-in
Jortizta_14 calls 31
*** SHOW DOWN ***
Jortizta_14 shows [As 9s] (Trips of 9)
Barasc82 shows [Qd 9h] (Full of 9 and Queens)
Barasc82 collected 930 from pot
*** SUMMARY ***
Total pot 930 | No rake
Board: [Qs 9c 9d Kc 3h]
Seat 1: Barasc82 (button) showed [Qd 9h] and won 930 with Full of 9 and Queens
Seat 3: Jortizta_14 (big blind) showed [As 9s] and lost with Trips of 9


Winamax Poker - Tournament "Expresso" buyIn: 0.46€ + 0.04€ level: 1 - HandId: #4340614191242018817-4-1761683859 - Holdem no limit (10/20) - 2025/10/28 20:37:39 UTC
Table: 'Expresso(1010627996)#0' 3-max (real money) Seat #2 is the button
Seat 1: Barasc82 (930)
Seat 2: MathisKcr (450)
Seat 3: Jortizta_14 (120)
*** ANTE/BLINDS ***
Jortizta_14 posts small blind 10
Barasc82 posts big blind 20
Dealt to MathisKcr [4h 6c]
*** PRE-FLOP *** 
MathisKcr folds
Jortizta_14 raises 100 to 120 and is all-in
Barasc82 calls 100
*** FLOP *** [Qs 8h Jh]
*** TURN *** [Qs 8h Jh][2s]
*** RIVER *** [Qs 8h Jh 2s][Kc]
*** SHOW DOWN ***
Jortizta_14 shows [Ad 8c] (One pair : 8)
Barasc82 shows [Ks Ac] (One pair : Kings)
Barasc82 collected 240 from pot
*** SUMMARY ***
Total pot 240 | No rake
Board: [Qs 8h Jh 2s Kc]
Seat 1: Barasc82 (big blind) showed [Ks Ac] and won 240 with One pair : Kings
Seat 3: Jortizta_14 (small blind) showed [Ad 8c] and lost with One pair : 8


Winamax Poker - Tournament "Expresso" buyIn: 0.46€ + 0.04€ level: 1 - HandId: #4340614191242018817-5-1761683875 - Holdem no limit (10/20) - 2025/10/28 20:37:55 UTC
Table: 'Expresso(1010627996)#0' 3-max (real money) Seat #1 is the button
Seat 1: Barasc82 (1050)
Seat 2: MathisKcr (450)
*** ANTE/BLINDS ***
Barasc82 posts small blind 10
MathisKcr posts big blind 20
Dealt to MathisKcr [3d Jh]
*** PRE-FLOP *** 
Barasc82 calls 10
MathisKcr checks
*** FLOP *** [Ac 8d 3s]
MathisKcr checks
Barasc82 checks
*** TURN *** [Ac 8d 3s][Qd]
MathisKcr checks
Barasc82 checks
*** RIVER *** [Ac 8d 3s Qd][Js]
MathisKcr bets 40
Barasc82 folds
MathisKcr collected 80 from pot
*** SUMMARY ***
Total pot 80 | No rake
Board: [Ac 8d 3s Qd Js]
Seat 2: MathisKcr (big blind) won 80


Winamax Poker - Tournament "Expresso" buyIn: 0.46€ + 0.04€ level: 2 - HandId: #4340614191242018817-6-1761683891 - Holdem no limit (15/30) - 2025/10/28 20:38:11 UTC
Table: 'Expresso(1010627996)#0' 3-max (real money) Seat #2 is the button
Seat 1: Barasc82 (1030)
Seat 2: MathisKcr (470)
*** ANTE/BLINDS ***
MathisKcr posts small blind 15
Barasc82 posts big blind 30
Dealt to MathisKcr [Jd 9d]
*** PRE-FLOP *** 
MathisKcr raises 30 to 60
Barasc82 calls 30
*** FLOP *** [8h 3c 7d]
Barasc82 checks
MathisKcr bets 60
Barasc82 calls 60
*** TURN *** [8h 3c 7d][6c]
Barasc82 checks
MathisKcr bets 60
Barasc82 calls 60
*** RIVER *** [8h 3c 7d 6c][Ks]
Barasc82 checks
MathisKcr checks
*** SHOW DOWN ***
MathisKcr shows [Jd 9d] (High card : King)
Barasc82 shows [Ac 6s] (One pair : 6)
Barasc82 collected 360 from pot
*** SUMMARY ***
Total pot 360 | No rake
Board: [8h 3c 7d 6c Ks]
Seat 1: Barasc82 (big blind) showed [Ac 6s] and won 360 with One pair : 6
Seat 2: MathisKcr (small blind) (button) showed [Jd 9d] and lost with High card : King


Winamax Poker - Tournament "Expresso" buyIn: 0.46€ + 0.04€ level: 2 - HandId: #4340614191242018817-7-1761683918 - Holdem no limit (15/30) - 2025/10/28 20:38:38 UTC
Table: 'Expresso(1010627996)#0' 3-max (real money) Seat #1 is the button
Seat 1: Barasc82 (1210)
Seat 2: MathisKcr (290)
*** ANTE/BLINDS ***
Barasc82 posts small blind 15
MathisKcr posts big blind 30
Dealt to MathisKcr [6c Td]
*** PRE-FLOP *** 
Barasc82 raises 60 to 90
MathisKcr folds
Barasc82 collected 120 from pot
*** SUMMARY ***
Total pot 120 | No rake
Seat 1: Barasc82 (small blind) (button) won 120


Winamax Poker - Tournament "Expresso" buyIn: 0.46€ + 0.04€ level: 2 - HandId: #4340614191242018817-8-1761683926 - Holdem no limit (15/30) - 2025/10/28 20:38:46 UTC
Table: 'Expresso(1010627996)#0' 3-max (real money) Seat #2 is the button
Seat 1: Barasc82 (1240)
Seat 2: MathisKcr (260)
*** ANTE/BLINDS ***
MathisKcr posts small blind 15
Barasc82 posts big blind 30
Dealt to MathisKcr [Qs 8s]
*** PRE-FLOP *** 
MathisKcr raises 45 to 75
Barasc82 folds
MathisKcr collected 105 from pot
*** SUMMARY ***
Total pot 105 | No rake
Seat 2: MathisKcr (small blind) (button) won 105


Winamax Poker - Tournament "Expresso" buyIn: 0.46€ + 0.04€ level: 2 - HandId: #4340614191242018817-9-1761683936 - Holdem no limit (15/30) - 2025/10/28 20:38:56 UTC
Table: 'Expresso(1010627996)#0' 3-max (real money) Seat #1 is the button
Seat 1: Barasc82 (1210)
Seat 2: MathisKcr (290)
*** ANTE/BLINDS ***
Barasc82 posts small blind 15
MathisKcr posts big blind 30
Dealt to MathisKcr [8s Js]
*** PRE-FLOP *** 
Barasc82 raises 30 to 60
MathisKcr raises 230 to 290 and is all-in
Barasc82 folds
MathisKcr collected 350 from pot
*** SUMMARY ***
Total pot 350 | No rake
Seat 2: MathisKcr (big blind) won 350


Winamax Poker - Tournament "Expresso" buyIn: 0.46€ + 0.04€ level: 2 - HandId: #4340614191242018817-10-1761683947 - Holdem no limit (15/30) - 2025/10/28 20:39:07 UTC
Table: 'Expresso(1010627996)#0' 3-max (real money) Seat #2 is the button
Seat 1: Barasc82 (1150)
Seat 2: MathisKcr (350)
*** ANTE/BLINDS ***
MathisKcr posts small blind 15
Barasc82 posts big blind 30
Dealt to MathisKcr [2h 7c]
*** PRE-FLOP *** 
MathisKcr calls 15
Barasc82 checks
*** FLOP *** [Tc Ah 7s]
Barasc82 checks
MathisKcr bets 90
Barasc82 folds
MathisKcr collected 150 from pot
*** SUMMARY ***
Total pot 150 | No rake
Board: [Tc Ah 7s]
Seat 2: MathisKcr (small blind) (button) won 150


Winamax Poker - Tournament "Expresso" buyIn: 0.46€ + 0.04€ level: 2 - HandId: #4340614191242018817-11-1761683967 - Holdem no limit (15/30) - 2025/10/28 20:39:27 UTC
Table: 'Expresso(1010627996)#0' 3-max (real money) Seat #1 is the button
Seat 1: Barasc82 (1120)
Seat 2: MathisKcr (380)
*** ANTE/BLINDS ***
Barasc82 posts small blind 15
MathisKcr posts big blind 30
Dealt to MathisKcr [Qc 5c]
*** PRE-FLOP *** 
Barasc82 calls 15
MathisKcr checks
*** FLOP *** [Jc 3h 4d]
MathisKcr checks
Barasc82 checks
*** TURN *** [Jc 3h 4d][3s]
MathisKcr checks
Barasc82 checks
*** RIVER *** [Jc 3h 4d 3s][Qd]
MathisKcr bets 60
Barasc82 folds
MathisKcr collected 120 from pot
*** SUMMARY ***
Total pot 120 | No rake
Board: [Jc 3h 4d 3s Qd]
Seat 2: MathisKcr (big blind) won 120


Winamax Poker - Tournament "Expresso" buyIn: 0.46€ + 0.04€ level: 3 - HandId: #4340614191242018817-12-1761683997 - Holdem no limit (20/40) - 2025/10/28 20:39:57 UTC
Table: 'Expresso(1010627996)#0' 3-max (real money) Seat #2 is the button
Seat 1: Barasc82 (1090)
Seat 2: MathisKcr (410)
*** ANTE/BLINDS ***
MathisKcr posts small blind 20
Barasc82 posts big blind 40
Dealt to MathisKcr [3s 9h]
*** PRE-FLOP *** 
MathisKcr calls 20
Barasc82 checks
*** FLOP *** [Ks Qh 7c]
Barasc82 checks
MathisKcr bets 40
Barasc82 folds
MathisKcr collected 120 from pot
*** SUMMARY ***
Total pot 120 | No rake
Board: [Ks Qh 7c]
Seat 2: MathisKcr (small blind) (button) won 120


Winamax Poker - Tournament "Expresso" buyIn: 0.46€ + 0.04€ level: 3 - HandId: #4340614191242018817-13-1761684009 - Holdem no limit (20/40) - 2025/10/28 20:40:09 UTC
Table: 'Expresso(1010627996)#0' 3-max (real money) Seat #1 is the button
Seat 1: Barasc82 (1050)
Seat 2: MathisKcr (450)
*** ANTE/BLINDS ***
Barasc82 posts small blind 20
MathisKcr posts big blind 40
Dealt to MathisKcr [8d Jh]
*** PRE-FLOP *** 
Barasc82 raises 40 to 80
MathisKcr calls 40
*** FLOP *** [Td 5s Th]
MathisKcr checks
Barasc82 bets 970 and is all-in
MathisKcr folds
Barasc82 collected 1130 from pot
*** SUMMARY ***
Total pot 1130 | No rake
Board: [Td 5s Th]
Seat 1: Barasc82 (small blind) (button) won 1130


Winamax Poker - Tournament "Expresso" buyIn: 0.46€ + 0.04€ level: 3 - HandId: #4340614191242018817-14-1761684022 - Holdem no limit (20/40) - 2025/10/28 20:40:22 UTC
Table: 'Expresso(1010627996)#0' 3-max (real money) Seat #2 is the button
Seat 1: Barasc82 (1130)
Seat 2: MathisKcr (370)
*** ANTE/BLINDS ***
MathisKcr posts small blind 20
Barasc82 posts big blind 40
Dealt to MathisKcr [Jc Ac]
*** PRE-FLOP *** 
MathisKcr raises 40 to 80
Barasc82 calls 40
*** FLOP *** [4h As Qs]
Barasc82 checks
MathisKcr checks
*** TURN *** [4h As Qs][3h]
Barasc82 checks
MathisKcr bets 80
Barasc82 folds
MathisKcr collected 240 from pot
*** SUMMARY ***
Total pot 240 | No rake
Board: [4h As Qs 3h]
Seat 2: MathisKcr (small blind) (button) won 240


Winamax Poker - Tournament "Expresso" buyIn: 0.46€ + 0.04€ level: 3 - HandId: #4340614191242018817-15-1761684044 - Holdem no limit (20/40) - 2025/10/28 20:40:44 UTC
Table: 'Expresso(1010627996)#0' 3-max (real money) Seat #1 is the button
Seat 1: Barasc82 (1050)
Seat 2: MathisKcr (450)
*** ANTE/BLINDS ***
Barasc82 posts small blind 20
MathisKcr posts big blind 40
Dealt to MathisKcr [Th 5h]
*** PRE-FLOP *** 
Barasc82 calls 20
MathisKcr checks
*** FLOP *** [Kh Ks 4c]
MathisKcr checks
Barasc82 checks
*** TURN *** [Kh Ks 4c][Kc]
MathisKcr checks
Barasc82 checks
*** RIVER *** [Kh Ks 4c Kc][Js]
MathisKcr checks
Barasc82 bets 80
MathisKcr folds
Barasc82 collected 160 from pot
*** SUMMARY ***
Total pot 160 | No rake
Board: [Kh Ks 4c Kc Js]
Seat 1: Barasc82 (small blind) (button) won 160


Winamax Poker - Tournament "Expresso" buyIn: 0.46€ + 0.04€ level: 4 - HandId: #4340614191242018817-16-1761684085 - Holdem no limit (30/60) - 2025/10/28 20:41:25 UTC
Table: 'Expresso(1010627996)#0' 3-max (real money) Seat #2 is the button
Seat 1: Barasc82 (1090)
Seat 2: MathisKcr (410)
*** ANTE/BLINDS ***
MathisKcr posts small blind 30
Barasc82 posts big blind 60
Dealt to MathisKcr [Tc As]
*** PRE-FLOP *** 
MathisKcr raises 60 to 120
Barasc82 calls 60
*** FLOP *** [Jh 6c 9s]
Barasc82 checks
MathisKcr bets 180
Barasc82 calls 180
*** TURN *** [Jh 6c 9s][2s]
Barasc82 checks
MathisKcr bets 110 and is all-in
Barasc82 calls 110
*** RIVER *** [Jh 6c 9s 2s][7s]
*** SHOW DOWN ***
Barasc82 shows [Kh Qh] (High card : King)
MathisKcr shows [Tc As] (High card : Ace)
MathisKcr collected 820 from pot
*** SUMMARY ***
Total pot 820 | No rake
Board: [Jh 6c 9s 2s 7s]
Seat 1: Barasc82 (big blind) showed [Kh Qh] and lost with High card : King
Seat 2: MathisKcr (small blind) (button) showed [Tc As] and won 820 with High card : Ace


Winamax Poker - Tournament "Expresso" buyIn: 0.46€ + 0.04€ level: 4 - HandId: #4340614191242018817-17-1761684114 - Holdem no limit (30/60) - 2025/10/28 20:41:54 UTC
Table: 'Expresso(1010627996)#0' 3-max (real money) Seat #1 is the button
Seat 1: Barasc82 (680)
Seat 2: MathisKcr (820)
*** ANTE/BLINDS ***
Barasc82 posts small blind 30
MathisKcr posts big blind 60
Dealt to MathisKcr [Td Kc]
*** PRE-FLOP *** 
Barasc82 calls 30
MathisKcr raises 60 to 120
Barasc82 calls 60
*** FLOP *** [7s Ac 2s]
MathisKcr checks
Barasc82 checks
*** TURN *** [7s Ac 2s][7d]
MathisKcr checks
Barasc82 bets 60
MathisKcr calls 60
*** RIVER *** [7s Ac 2s 7d][9h]
MathisKcr checks
Barasc82 checks
*** SHOW DOWN ***
MathisKcr shows [Td Kc] (One pair : 7)
Barasc82 shows [2h 3c] (Two pairs : 7 and 2)
Barasc82 collected 360 from pot
*** SUMMARY ***
Total pot 360 | No rake
Board: [7s Ac 2s 7d 9h]
Seat 1: Barasc82 (small blind) (button) showed [2h 3c] and won 360 with Two pairs : 7 and 2
Seat 2: MathisKcr (big blind) showed [Td Kc] and lost with One pair : 7


Winamax Poker - Tournament "Expresso" buyIn: 0.46€ + 0.04€ level: 4 - HandId: #4340614191242018817-18-1761684135 - Holdem no limit (30/60) - 2025/10/28 20:42:15 UTC
Table: 'Expresso(1010627996)#0' 3-max (real money) Seat #2 is the button
Seat 1: Barasc82 (860)
Seat 2: MathisKcr (640)
*** ANTE/BLINDS ***
MathisKcr posts small blind 30
Barasc82 posts big blind 60
Dealt to MathisKcr [3h 5c]
*** PRE-FLOP *** 
MathisKcr folds
Barasc82 collected 90 from pot
*** SUMMARY ***
Total pot 90 | No rake
Seat 1: Barasc82 (big blind) won 90


Winamax Poker - Tournament "Expresso" buyIn: 0.46€ + 0.04€ level: 4 - HandId: #4340614191242018817-19-1761684142 - Holdem no limit (30/60) - 2025/10/28 20:42:22 UTC
Table: 'Expresso(1010627996)#0' 3-max (real money) Seat #1 is the button
Seat 1: Barasc82 (890)
Seat 2: MathisKcr (610)
*** ANTE/BLINDS ***
Barasc82 posts small blind 30
MathisKcr posts big blind 60
Dealt to MathisKcr [Kh Th]
*** PRE-FLOP *** 
Barasc82 calls 30
MathisKcr raises 60 to 120
Barasc82 calls 60
*** FLOP *** [Qs Kc Qh]
MathisKcr bets 180
Barasc82 calls 180
*** TURN *** [Qs Kc Qh][Ac]
MathisKcr bets 310 and is all-in
Barasc82 calls 310
*** RIVER *** [Qs Kc Qh Ac][5d]
*** SHOW DOWN ***
MathisKcr shows [Kh Th] (Two pairs : Kings and Queens)
Barasc82 shows [6d Ad] (Two pairs : Aces and Queens)
Barasc82 collected 1220 from pot
*** SUMMARY ***
Total pot 1220 | No rake
Board: [Qs Kc Qh Ac 5d]
Seat 1: Barasc82 (small blind) (button) showed [6d Ad] and won 1220 with Two pairs : Aces and Queens
Seat 2: MathisKcr (big blind) showed [Kh Th] and lost with Two pairs : Kings and Queens


