Winamax Poker - Tournament "Expresso" buyIn: 0.46€ + 0.04€ level: 1 - HandId: #4441615707326644225-1-1766146869 - Holdem no limit (10/20) - 2025/12/19 12:21:09 UTC
Table: 'Expresso(1034144244)#0' 3-max (real money) Seat #2 is the button
Seat 1: SahDominus (500)
Seat 2: Emmalouninet (500)
Seat 3: MathisKcr (500)
*** ANTE/BLINDS ***
MathisKcr posts small blind 10
SahDominus posts big blind 20
Dealt to MathisKcr [Ac 4d]
*** PRE-FLOP *** 
Emmalouninet folds
MathisKcr raises 20 to 40
SahDominus calls 20
*** FLOP *** [3s Qd 2h]
MathisKcr bets 40
SahDominus folds
MathisKcr collected 120 from pot
*** SUMMARY ***
Total pot 120 | No rake
Board: [3s Qd 2h]
Seat 3: MathisKcr (small blind) won 120


Winamax Poker - Tournament "Expresso" buyIn: 0.46€ + 0.04€ level: 1 - HandId: #4441615707326644225-2-1766146906 - Holdem no limit (10/20) - 2025/12/19 12:21:46 UTC
Table: 'Expresso(1034144244)#0' 3-max (real money) Seat #3 is the button
Seat 1: SahDominus (460)
Seat 2: Emmalouninet (500)
Seat 3: MathisKcr (540)
*** ANTE/BLINDS ***
SahDominus posts small blind 10
Emmalouninet posts big blind 20
Dealt to MathisKcr [8s 8h]
*** PRE-FLOP *** 
MathisKcr raises 40 to 60
SahDominus folds
Emmalouninet folds
MathisKcr collected 90 from pot
*** SUMMARY ***
Total pot 90 | No rake
Seat 3: MathisKcr (button) won 90


Winamax Poker - Tournament "Expresso" buyIn: 0.46€ + 0.04€ level: 1 - HandId: #4441615707326644225-3-1766146920 - Holdem no limit (10/20) - 2025/12/19 12:22:00 UTC
Table: 'Expresso(1034144244)#0' 3-max (real money) Seat #1 is the button
Seat 1: SahDominus (450)
Seat 2: Emmalouninet (480)
Seat 3: MathisKcr (570)
*** ANTE/BLINDS ***
Emmalouninet posts small blind 10
MathisKcr posts big blind 20
Dealt to MathisKcr [Ah 6h]
*** PRE-FLOP *** 
SahDominus folds
Emmalouninet folds
MathisKcr collected 30 from pot
*** SUMMARY ***
Total pot 30 | No rake
Seat 3: MathisKcr (big blind) won 30


Winamax Poker - Tournament "Expresso" buyIn: 0.46€ + 0.04€ level: 1 - HandId: #4441615707326644225-4-1766146926 - Holdem no limit (10/20) - 2025/12/19 12:22:06 UTC
Table: 'Expresso(1034144244)#0' 3-max (real money) Seat #2 is the button
Seat 1: SahDominus (450)
Seat 2: Emmalouninet (470)
Seat 3: MathisKcr (580)
*** ANTE/BLINDS ***
MathisKcr posts small blind 10
SahDominus posts big blind 20
Dealt to MathisKcr [3h Th]
*** PRE-FLOP *** 
Emmalouninet calls 20
MathisKcr calls 10
SahDominus checks
*** FLOP *** [Ad Ah Tc]
MathisKcr bets 40
SahDominus calls 40
Emmalouninet folds
*** TURN *** [Ad Ah Tc][5s]
MathisKcr checks
SahDominus bets 49
MathisKcr calls 49
*** RIVER *** [Ad Ah Tc 5s][As]
MathisKcr checks
SahDominus bets 155
MathisKcr calls 155
*** SHOW DOWN ***
SahDominus shows [7h 2h] (Trips of Aces)
MathisKcr shows [3h Th] (Full of Aces and Tens)
MathisKcr collected 548 from pot
*** SUMMARY ***
Total pot 548 | No rake
Board: [Ad Ah Tc 5s As]
Seat 1: SahDominus (big blind) showed [7h 2h] and lost with Trips of Aces
Seat 3: MathisKcr (small blind) showed [3h Th] and won 548 with Full of Aces and Tens


Winamax Poker - Tournament "Expresso" buyIn: 0.46€ + 0.04€ level: 1 - HandId: #4441615707326644225-5-1766146955 - Holdem no limit (10/20) - 2025/12/19 12:22:35 UTC
Table: 'Expresso(1034144244)#0' 3-max (real money) Seat #3 is the button
Seat 1: SahDominus (186)
Seat 2: Emmalouninet (450)
Seat 3: MathisKcr (864)
*** ANTE/BLINDS ***
SahDominus posts small blind 10
Emmalouninet posts big blind 20
Dealt to MathisKcr [As 4c]
*** PRE-FLOP *** 
MathisKcr raises 20 to 40
SahDominus folds
Emmalouninet calls 20
*** FLOP *** [4d 2d 7d]
Emmalouninet checks
MathisKcr bets 40
Emmalouninet folds
MathisKcr collected 130 from pot
*** SUMMARY ***
Total pot 130 | No rake
Board: [4d 2d 7d]
Seat 3: MathisKcr (button) won 130


Winamax Poker - Tournament "Expresso" buyIn: 0.46€ + 0.04€ level: 2 - HandId: #4441615707326644225-6-1766146988 - Holdem no limit (15/30) - 2025/12/19 12:23:08 UTC
Table: 'Expresso(1034144244)#0' 3-max (real money) Seat #1 is the button
Seat 1: SahDominus (176)
Seat 2: Emmalouninet (410)
Seat 3: MathisKcr (914)
*** ANTE/BLINDS ***
Emmalouninet posts small blind 15
MathisKcr posts big blind 30
Dealt to MathisKcr [9h 9s]
*** PRE-FLOP *** 
SahDominus raises 45 to 75
Emmalouninet raises 335 to 410 and is all-in
MathisKcr calls 380
SahDominus calls 101 and is all-in
*** FLOP *** [As Qc 8s]
*** TURN *** [As Qc 8s][Ah]
*** RIVER *** [As Qc 8s Ah][3d]
*** SHOW DOWN ***
SahDominus shows [Kh 6d] (One pair : Aces)
MathisKcr shows [9h 9s] (Two pairs : Aces and 9)
Emmalouninet shows [Ad Qd] (Full of Aces and Queens)
Emmalouninet collected 996 from pot
*** SUMMARY ***
Total pot 996 | No rake
Board: [As Qc 8s Ah 3d]
Seat 1: SahDominus (button) showed [Kh 6d] and lost with One pair : Aces
Seat 2: Emmalouninet (small blind) showed [Ad Qd] and won 996 with Full of Aces and Queens
Seat 3: MathisKcr (big blind) showed [9h 9s] and lost with Two pairs : Aces and 9


Winamax Poker - Tournament "Expresso" buyIn: 0.46€ + 0.04€ level: 2 - HandId: #4441615707326644225-7-1766147008 - Holdem no limit (15/30) - 2025/12/19 12:23:28 UTC
Table: 'Expresso(1034144244)#0' 3-max (real money) Seat #3 is the button
Seat 2: Emmalouninet (996)
Seat 3: MathisKcr (504)
*** ANTE/BLINDS ***
MathisKcr posts small blind 15
Emmalouninet posts big blind 30
Dealt to MathisKcr [Ah Kd]
*** PRE-FLOP *** 
MathisKcr raises 30 to 60
Emmalouninet calls 30
*** FLOP *** [9d Kc 8d]
Emmalouninet checks
MathisKcr bets 90
Emmalouninet folds
MathisKcr collected 210 from pot
*** SUMMARY ***
Total pot 210 | No rake
Board: [9d Kc 8d]
Seat 3: MathisKcr (small blind) (button) won 210


Winamax Poker - Tournament "Expresso" buyIn: 0.46€ + 0.04€ level: 2 - HandId: #4441615707326644225-8-1766147031 - Holdem no limit (15/30) - 2025/12/19 12:23:51 UTC
Table: 'Expresso(1034144244)#0' 3-max (real money) Seat #2 is the button
Seat 2: Emmalouninet (936)
Seat 3: MathisKcr (564)
*** ANTE/BLINDS ***
Emmalouninet posts small blind 15
MathisKcr posts big blind 30
Dealt to MathisKcr [Ac Th]
*** PRE-FLOP *** 
Emmalouninet calls 15
MathisKcr raises 60 to 90
Emmalouninet folds
MathisKcr collected 120 from pot
*** SUMMARY ***
Total pot 120 | No rake
Seat 3: MathisKcr (big blind) won 120


Winamax Poker - Tournament "Expresso" buyIn: 0.46€ + 0.04€ level: 2 - HandId: #4441615707326644225-9-1766147043 - Holdem no limit (15/30) - 2025/12/19 12:24:03 UTC
Table: 'Expresso(1034144244)#0' 3-max (real money) Seat #3 is the button
Seat 2: Emmalouninet (906)
Seat 3: MathisKcr (594)
*** ANTE/BLINDS ***
MathisKcr posts small blind 15
Emmalouninet posts big blind 30
Dealt to MathisKcr [5s 5c]
*** PRE-FLOP *** 
MathisKcr raises 60 to 90
Emmalouninet folds
MathisKcr collected 120 from pot
*** SUMMARY ***
Total pot 120 | No rake
Seat 3: MathisKcr (small blind) (button) won 120


Winamax Poker - Tournament "Expresso" buyIn: 0.46€ + 0.04€ level: 3 - HandId: #4441615707326644225-10-1766147052 - Holdem no limit (20/40) - 2025/12/19 12:24:12 UTC
Table: 'Expresso(1034144244)#0' 3-max (real money) Seat #2 is the button
Seat 2: Emmalouninet (876)
Seat 3: MathisKcr (624)
*** ANTE/BLINDS ***
Emmalouninet posts small blind 20
MathisKcr posts big blind 40
Dealt to MathisKcr [Jc 8s]
*** PRE-FLOP *** 
Emmalouninet raises 60 to 100
MathisKcr calls 60
*** FLOP *** [3c Jd Kc]
MathisKcr bets 120
Emmalouninet raises 140 to 260
MathisKcr calls 140
*** TURN *** [3c Jd Kc][5h]
MathisKcr checks
Emmalouninet bets 516 and is all-in
MathisKcr calls 264 and is all-in
*** RIVER *** [3c Jd Kc 5h][Ah]
*** SHOW DOWN ***
MathisKcr shows [Jc 8s] (One pair : Jacks)
Emmalouninet shows [As Ad] (Trips of Aces)
Emmalouninet collected 1500 from pot
*** SUMMARY ***
Total pot 1500 | No rake
Board: [3c Jd Kc 5h Ah]
Seat 2: Emmalouninet (small blind) (button) showed [As Ad] and won 1500 with Trips of Aces
Seat 3: MathisKcr (big blind) showed [Jc 8s] and lost with One pair : Jacks


