Winamax Poker - Tournament "Expresso" buyIn: 0.46€ + 0.04€ level: 1 - HandId: #4227198488800133121-1-1756818050 - Holdem no limit (10/20) - 2025/09/02 13:00:50 UTC
Table: 'Expresso(984221345)#0' 3-max (real money) Seat #1 is the button
Seat 1: MathisKcr (500)
Seat 2: TeUuR95cRj (500)
Seat 3: Kazariax (500)
*** ANTE/BLINDS ***
TeUuR95cRj posts small blind 10
Kazariax posts big blind 20
Dealt to MathisKcr [Th Ah]
*** PRE-FLOP *** 
MathisKcr raises 40 to 60
TeUuR95cRj raises 440 to 500 and is all-in
Kazariax folds
MathisKcr calls 440 and is all-in
*** FLOP *** [Js 4h 2h]
*** TURN *** [Js 4h 2h][7h]
*** RIVER *** [Js 4h 2h 7h][2c]
*** SHOW DOWN ***
TeUuR95cRj shows [6c 6s] (Two pairs : 6 and 2)
MathisKcr shows [Th Ah] (Flush Ace high)
MathisKcr collected 1020 from pot
*** SUMMARY ***
Total pot 1020 | No rake
Board: [Js 4h 2h 7h 2c]
Seat 1: MathisKcr (button) showed [Th Ah] and won 1020 with Flush Ace high
Seat 2: TeUuR95cRj (small blind) showed [6c 6s] and lost with Two pairs : 6 and 2


Winamax Poker - Tournament "Expresso" buyIn: 0.46€ + 0.04€ level: 1 - HandId: #4227198488800133121-2-1756818071 - Holdem no limit (10/20) - 2025/09/02 13:01:11 UTC
Table: 'Expresso(984221345)#0' 3-max (real money) Seat #3 is the button
Seat 1: MathisKcr (1020)
Seat 3: Kazariax (480)
*** ANTE/BLINDS ***
Kazariax posts small blind 10
MathisKcr posts big blind 20
Dealt to MathisKcr [8s Js]
*** PRE-FLOP *** 
Kazariax calls 10
MathisKcr raises 20 to 40
Kazariax folds
MathisKcr collected 60 from pot
*** SUMMARY ***
Total pot 60 | No rake
Seat 1: MathisKcr (big blind) won 60


Winamax Poker - Tournament "Expresso" buyIn: 0.46€ + 0.04€ level: 1 - HandId: #4227198488800133121-3-1756818082 - Holdem no limit (10/20) - 2025/09/02 13:01:22 UTC
Table: 'Expresso(984221345)#0' 3-max (real money) Seat #1 is the button
Seat 1: MathisKcr (1040)
Seat 3: Kazariax (460)
*** ANTE/BLINDS ***
MathisKcr posts small blind 10
Kazariax posts big blind 20
Dealt to MathisKcr [7d 6h]
*** PRE-FLOP *** 
MathisKcr calls 10
Kazariax checks
*** FLOP *** [2d Qc 5c]
Kazariax checks
MathisKcr checks
*** TURN *** [2d Qc 5c][4c]
Kazariax checks
MathisKcr checks
*** RIVER *** [2d Qc 5c 4c][Ts]
Kazariax bets 20
MathisKcr folds
Kazariax collected 60 from pot
*** SUMMARY ***
Total pot 60 | No rake
Board: [2d Qc 5c 4c Ts]
Seat 3: Kazariax (big blind) won 60


Winamax Poker - Tournament "Expresso" buyIn: 0.46€ + 0.04€ level: 1 - HandId: #4227198488800133121-4-1756818102 - Holdem no limit (10/20) - 2025/09/02 13:01:42 UTC
Table: 'Expresso(984221345)#0' 3-max (real money) Seat #3 is the button
Seat 1: MathisKcr (1020)
Seat 3: Kazariax (480)
*** ANTE/BLINDS ***
Kazariax posts small blind 10
MathisKcr posts big blind 20
Dealt to MathisKcr [Qs 7s]
*** PRE-FLOP *** 
Kazariax raises 20 to 40
MathisKcr calls 20
*** FLOP *** [Tc 2h 7h]
MathisKcr bets 40
Kazariax raises 40 to 80
MathisKcr calls 40
*** TURN *** [Tc 2h 7h][8h]
MathisKcr checks
Kazariax bets 20
MathisKcr calls 20
*** RIVER *** [Tc 2h 7h 8h][8s]
MathisKcr checks
Kazariax bets 20
MathisKcr calls 20
*** SHOW DOWN ***
MathisKcr shows [Qs 7s] (Two pairs : 8 and 7)
Kazariax shows [Ac Td] (Two pairs : Tens and 8)
Kazariax collected 320 from pot
*** SUMMARY ***
Total pot 320 | No rake
Board: [Tc 2h 7h 8h 8s]
Seat 1: MathisKcr (big blind) showed [Qs 7s] and lost with Two pairs : 8 and 7
Seat 3: Kazariax (small blind) (button) showed [Ac Td] and won 320 with Two pairs : Tens and 8


Winamax Poker - Tournament "Expresso" buyIn: 0.46€ + 0.04€ level: 1 - HandId: #4227198488800133121-5-1756818127 - Holdem no limit (10/20) - 2025/09/02 13:02:07 UTC
Table: 'Expresso(984221345)#0' 3-max (real money) Seat #1 is the button
Seat 1: MathisKcr (860)
Seat 3: Kazariax (640)
*** ANTE/BLINDS ***
MathisKcr posts small blind 10
Kazariax posts big blind 20
Dealt to MathisKcr [Qc 3h]
*** PRE-FLOP *** 
MathisKcr calls 10
Kazariax checks
*** FLOP *** [4c Kh Ad]
Kazariax checks
MathisKcr checks
*** TURN *** [4c Kh Ad][8s]
Kazariax checks
MathisKcr checks
*** RIVER *** [4c Kh Ad 8s][8d]
Kazariax checks
MathisKcr checks
*** SHOW DOWN ***
Kazariax shows [Jc 3d] (One pair : 8)
MathisKcr shows [Qc 3h] (One pair : 8)
MathisKcr collected 40 from pot
*** SUMMARY ***
Total pot 40 | No rake
Board: [4c Kh Ad 8s 8d]
Seat 1: MathisKcr (small blind) (button) showed [Qc 3h] and won 40 with One pair : 8
Seat 3: Kazariax (big blind) showed [Jc 3d] and lost with One pair : 8


Winamax Poker - Tournament "Expresso" buyIn: 0.46€ + 0.04€ level: 2 - HandId: #4227198488800133121-6-1756818149 - Holdem no limit (15/30) - 2025/09/02 13:02:29 UTC
Table: 'Expresso(984221345)#0' 3-max (real money) Seat #3 is the button
Seat 1: MathisKcr (880)
Seat 3: Kazariax (620)
*** ANTE/BLINDS ***
Kazariax posts small blind 15
MathisKcr posts big blind 30
Dealt to MathisKcr [Kc Qc]
*** PRE-FLOP *** 
Kazariax folds
MathisKcr collected 45 from pot
*** SUMMARY ***
Total pot 45 | No rake
Seat 1: MathisKcr (big blind) won 45


Winamax Poker - Tournament "Expresso" buyIn: 0.46€ + 0.04€ level: 2 - HandId: #4227198488800133121-7-1756818155 - Holdem no limit (15/30) - 2025/09/02 13:02:35 UTC
Table: 'Expresso(984221345)#0' 3-max (real money) Seat #1 is the button
Seat 1: MathisKcr (895)
Seat 3: Kazariax (605)
*** ANTE/BLINDS ***
MathisKcr posts small blind 15
Kazariax posts big blind 30
Dealt to MathisKcr [As Qd]
*** PRE-FLOP *** 
MathisKcr raises 60 to 90
Kazariax calls 60
*** FLOP *** [2c Th 7c]
Kazariax bets 30
MathisKcr calls 30
*** TURN *** [2c Th 7c][3h]
Kazariax checks
MathisKcr checks
*** RIVER *** [2c Th 7c 3h][3c]
Kazariax bets 30
MathisKcr calls 30
*** SHOW DOWN ***
MathisKcr shows [As Qd] (One pair : 3)
Kazariax shows [8d Ts] (Two pairs : Tens and 3)
Kazariax collected 300 from pot
*** SUMMARY ***
Total pot 300 | No rake
Board: [2c Th 7c 3h 3c]
Seat 1: MathisKcr (small blind) (button) showed [As Qd] and lost with One pair : 3
Seat 3: Kazariax (big blind) showed [8d Ts] and won 300 with Two pairs : Tens and 3


Winamax Poker - Tournament "Expresso" buyIn: 0.46€ + 0.04€ level: 2 - HandId: #4227198488800133121-8-1756818176 - Holdem no limit (15/30) - 2025/09/02 13:02:56 UTC
Table: 'Expresso(984221345)#0' 3-max (real money) Seat #3 is the button
Seat 1: MathisKcr (745)
Seat 3: Kazariax (755)
*** ANTE/BLINDS ***
Kazariax posts small blind 15
MathisKcr posts big blind 30
Dealt to MathisKcr [8c 4d]
*** PRE-FLOP *** 
Kazariax calls 15
MathisKcr checks
*** FLOP *** [Kd 8h Ts]
MathisKcr checks
Kazariax checks
*** TURN *** [Kd 8h Ts][Qs]
MathisKcr bets 60
Kazariax raises 60 to 120
MathisKcr calls 60
*** RIVER *** [Kd 8h Ts Qs][3d]
MathisKcr checks
Kazariax checks
*** SHOW DOWN ***
Kazariax shows [4h 6h] (High card : King)
MathisKcr shows [8c 4d] (One pair : 8)
MathisKcr collected 300 from pot
*** SUMMARY ***
Total pot 300 | No rake
Board: [Kd 8h Ts Qs 3d]
Seat 1: MathisKcr (big blind) showed [8c 4d] and won 300 with One pair : 8
Seat 3: Kazariax (small blind) (button) showed [4h 6h] and lost with High card : King


Winamax Poker - Tournament "Expresso" buyIn: 0.46€ + 0.04€ level: 3 - HandId: #4227198488800133121-9-1756818227 - Holdem no limit (20/40) - 2025/09/02 13:03:47 UTC
Table: 'Expresso(984221345)#0' 3-max (real money) Seat #1 is the button
Seat 1: MathisKcr (895)
Seat 3: Kazariax (605)
*** ANTE/BLINDS ***
MathisKcr posts small blind 20
Kazariax posts big blind 40
Dealt to MathisKcr [Jh Js]
*** PRE-FLOP *** 
MathisKcr raises 80 to 120
Kazariax calls 80
*** FLOP *** [6s Jc 7h]
Kazariax checks
MathisKcr bets 120
Kazariax calls 120
*** TURN *** [6s Jc 7h][8s]
Kazariax bets 40
MathisKcr raises 615 to 655 and is all-in
Kazariax calls 325 and is all-in
*** RIVER *** [6s Jc 7h 8s][6c]
*** SHOW DOWN ***
Kazariax shows [8h Ah] (Two pairs : 8 and 6)
MathisKcr shows [Jh Js] (Full of Jacks and 6)
MathisKcr collected 1500 from pot
*** SUMMARY ***
Total pot 1500 | No rake
Board: [6s Jc 7h 8s 6c]
Seat 1: MathisKcr (small blind) (button) showed [Jh Js] and won 1500 with Full of Jacks and 6
Seat 3: Kazariax (big blind) showed [8h Ah] and lost with Two pairs : 8 and 6


