Winamax Poker - Tournament "Expresso" buyIn: 0.46€ + 0.04€ level: 1 - HandId: #4323342688930758657-1-1760895402 - Holdem no limit (10/20) - 2025/10/19 17:36:42 UTC
Table: 'Expresso(1006606661)#0' 3-max (real money) Seat #3 is the button
Seat 1: Marty-33 (500)
Seat 2: MathisKcr (500)
Seat 3: Bandolais (500)
*** ANTE/BLINDS ***
Marty-33 posts small blind 10
MathisKcr posts big blind 20
Dealt to MathisKcr [4s 2d]
*** PRE-FLOP *** 
Bandolais raises 480 to 500 and is all-in
Marty-33 folds
MathisKcr folds
Bandolais collected 530 from pot
*** SUMMARY ***
Total pot 530 | No rake
Seat 3: Bandolais (button) won 530


Winamax Poker - Tournament "Expresso" buyIn: 0.46€ + 0.04€ level: 1 - HandId: #4323342688930758657-2-1760895410 - Holdem no limit (10/20) - 2025/10/19 17:36:50 UTC
Table: 'Expresso(1006606661)#0' 3-max (real money) Seat #1 is the button
Seat 1: Marty-33 (490)
Seat 2: MathisKcr (480)
Seat 3: Bandolais (530)
*** ANTE/BLINDS ***
MathisKcr posts small blind 10
Bandolais posts big blind 20
Dealt to MathisKcr [3s Kh]
*** PRE-FLOP *** 
Marty-33 folds
MathisKcr calls 10
Bandolais checks
*** FLOP *** [8c 5c Qh]
MathisKcr bets 40
Bandolais folds
MathisKcr collected 80 from pot
*** SUMMARY ***
Total pot 80 | No rake
Board: [8c 5c Qh]
Seat 2: MathisKcr (small blind) won 80


Winamax Poker - Tournament "Expresso" buyIn: 0.46€ + 0.04€ level: 1 - HandId: #4323342688930758657-3-1760895424 - Holdem no limit (10/20) - 2025/10/19 17:37:04 UTC
Table: 'Expresso(1006606661)#0' 3-max (real money) Seat #2 is the button
Seat 1: Marty-33 (490)
Seat 2: MathisKcr (500)
Seat 3: Bandolais (510)
*** ANTE/BLINDS ***
Bandolais posts small blind 10
Marty-33 posts big blind 20
Dealt to MathisKcr [2d Kc]
*** PRE-FLOP *** 
MathisKcr raises 20 to 40
Bandolais folds
Marty-33 folds
MathisKcr collected 70 from pot
*** SUMMARY ***
Total pot 70 | No rake
Seat 2: MathisKcr (button) won 70


Winamax Poker - Tournament "Expresso" buyIn: 0.46€ + 0.04€ level: 1 - HandId: #4323342688930758657-4-1760895436 - Holdem no limit (10/20) - 2025/10/19 17:37:16 UTC
Table: 'Expresso(1006606661)#0' 3-max (real money) Seat #3 is the button
Seat 1: Marty-33 (470)
Seat 2: MathisKcr (530)
Seat 3: Bandolais (500)
*** ANTE/BLINDS ***
Marty-33 posts small blind 10
MathisKcr posts big blind 20
Dealt to MathisKcr [Kh 3h]
*** PRE-FLOP *** 
Bandolais folds
Marty-33 folds
MathisKcr collected 30 from pot
*** SUMMARY ***
Total pot 30 | No rake
Seat 2: MathisKcr (big blind) won 30


Winamax Poker - Tournament "Expresso" buyIn: 0.46€ + 0.04€ level: 1 - HandId: #4323342688930758657-5-1760895444 - Holdem no limit (10/20) - 2025/10/19 17:37:24 UTC
Table: 'Expresso(1006606661)#0' 3-max (real money) Seat #1 is the button
Seat 1: Marty-33 (460)
Seat 2: MathisKcr (540)
Seat 3: Bandolais (500)
*** ANTE/BLINDS ***
MathisKcr posts small blind 10
Bandolais posts big blind 20
Dealt to MathisKcr [5d 8s]
*** PRE-FLOP *** 
Marty-33 calls 20
MathisKcr calls 10
Bandolais checks
*** FLOP *** [As Ks Qs]
MathisKcr checks
Bandolais checks
Marty-33 checks
*** TURN *** [As Ks Qs][9s]
MathisKcr bets 60
Bandolais folds
Marty-33 calls 60
*** RIVER *** [As Ks Qs 9s][2d]
MathisKcr bets 460 and is all-in
Marty-33 folds
MathisKcr collected 640 from pot
*** SUMMARY ***
Total pot 640 | No rake
Board: [As Ks Qs 9s 2d]
Seat 2: MathisKcr (small blind) won 640


Winamax Poker - Tournament "Expresso" buyIn: 0.46€ + 0.04€ level: 1 - HandId: #4323342688930758657-6-1760895474 - Holdem no limit (10/20) - 2025/10/19 17:37:54 UTC
Table: 'Expresso(1006606661)#0' 3-max (real money) Seat #2 is the button
Seat 1: Marty-33 (380)
Seat 2: MathisKcr (640)
Seat 3: Bandolais (480)
*** ANTE/BLINDS ***
Bandolais posts small blind 10
Marty-33 posts big blind 20
Dealt to MathisKcr [8d 6h]
*** PRE-FLOP *** 
MathisKcr calls 20
Bandolais calls 10
Marty-33 checks
*** FLOP *** [4c Jd 5h]
Bandolais checks
Marty-33 checks
MathisKcr checks
*** TURN *** [4c Jd 5h][5c]
Bandolais checks
Marty-33 checks
MathisKcr checks
*** RIVER *** [4c Jd 5h 5c][9h]
Bandolais checks
Marty-33 checks
MathisKcr bets 40
Bandolais folds
Marty-33 folds
MathisKcr collected 100 from pot
*** SUMMARY ***
Total pot 100 | No rake
Board: [4c Jd 5h 5c 9h]
Seat 2: MathisKcr (button) won 100


Winamax Poker - Tournament "Expresso" buyIn: 0.46€ + 0.04€ level: 2 - HandId: #4323342688930758657-7-1760895498 - Holdem no limit (15/30) - 2025/10/19 17:38:18 UTC
Table: 'Expresso(1006606661)#0' 3-max (real money) Seat #3 is the button
Seat 1: Marty-33 (360)
Seat 2: MathisKcr (680)
Seat 3: Bandolais (460)
*** ANTE/BLINDS ***
Marty-33 posts small blind 15
MathisKcr posts big blind 30
Dealt to MathisKcr [7h Js]
*** PRE-FLOP *** 
Bandolais folds
Marty-33 folds
MathisKcr collected 45 from pot
*** SUMMARY ***
Total pot 45 | No rake
Seat 2: MathisKcr (big blind) won 45


Winamax Poker - Tournament "Expresso" buyIn: 0.46€ + 0.04€ level: 2 - HandId: #4323342688930758657-8-1760895505 - Holdem no limit (15/30) - 2025/10/19 17:38:25 UTC
Table: 'Expresso(1006606661)#0' 3-max (real money) Seat #1 is the button
Seat 1: Marty-33 (345)
Seat 2: MathisKcr (695)
Seat 3: Bandolais (460)
*** ANTE/BLINDS ***
MathisKcr posts small blind 15
Bandolais posts big blind 30
Dealt to MathisKcr [Qs 9c]
*** PRE-FLOP *** 
Marty-33 raises 30 to 60
MathisKcr calls 45
Bandolais folds
*** FLOP *** [3d 5d 5s]
MathisKcr checks
Marty-33 bets 150
MathisKcr folds
Marty-33 collected 300 from pot
*** SUMMARY ***
Total pot 300 | No rake
Board: [3d 5d 5s]
Seat 1: Marty-33 (button) won 300


Winamax Poker - Tournament "Expresso" buyIn: 0.46€ + 0.04€ level: 2 - HandId: #4323342688930758657-9-1760895525 - Holdem no limit (15/30) - 2025/10/19 17:38:45 UTC
Table: 'Expresso(1006606661)#0' 3-max (real money) Seat #2 is the button
Seat 1: Marty-33 (435)
Seat 2: MathisKcr (635)
Seat 3: Bandolais (430)
*** ANTE/BLINDS ***
Bandolais posts small blind 15
Marty-33 posts big blind 30
Dealt to MathisKcr [5c 4s]
*** PRE-FLOP *** 
MathisKcr folds
Bandolais calls 15
Marty-33 raises 60 to 90
Bandolais calls 60
*** FLOP *** [2s Ks 7h]
Bandolais checks
Marty-33 bets 180
Bandolais raises 160 to 340 and is all-in
Marty-33 calls 160
*** TURN *** [2s Ks 7h][9s]
*** RIVER *** [2s Ks 7h 9s][Ac]
*** SHOW DOWN ***
Bandolais shows [8c Kh] (One pair : Kings)
Marty-33 shows [Ah 8h] (One pair : Aces)
Marty-33 collected 860 from pot
*** SUMMARY ***
Total pot 860 | No rake
Board: [2s Ks 7h 9s Ac]
Seat 1: Marty-33 (big blind) showed [Ah 8h] and won 860 with One pair : Aces
Seat 3: Bandolais (small blind) showed [8c Kh] and lost with One pair : Kings


Winamax Poker - Tournament "Expresso" buyIn: 0.46€ + 0.04€ level: 2 - HandId: #4323342688930758657-10-1760895546 - Holdem no limit (15/30) - 2025/10/19 17:39:06 UTC
Table: 'Expresso(1006606661)#0' 3-max (real money) Seat #1 is the button
Seat 1: Marty-33 (865)
Seat 2: MathisKcr (635)
*** ANTE/BLINDS ***
Marty-33 posts small blind 15
MathisKcr posts big blind 30
Dealt to MathisKcr [Ts 9s]
*** PRE-FLOP *** 
Marty-33 folds
MathisKcr collected 45 from pot
*** SUMMARY ***
Total pot 45 | No rake
Seat 2: MathisKcr (big blind) won 45


Winamax Poker - Tournament "Expresso" buyIn: 0.46€ + 0.04€ level: 2 - HandId: #4323342688930758657-11-1760895555 - Holdem no limit (15/30) - 2025/10/19 17:39:15 UTC
Table: 'Expresso(1006606661)#0' 3-max (real money) Seat #2 is the button
Seat 1: Marty-33 (850)
Seat 2: MathisKcr (650)
*** ANTE/BLINDS ***
MathisKcr posts small blind 15
Marty-33 posts big blind 30
Dealt to MathisKcr [Ac 8h]
*** PRE-FLOP *** 
MathisKcr raises 30 to 60
Marty-33 calls 30
*** FLOP *** [5s 4s Kh]
Marty-33 checks
MathisKcr bets 90
Marty-33 folds
MathisKcr collected 210 from pot
*** SUMMARY ***
Total pot 210 | No rake
Board: [5s 4s Kh]
Seat 2: MathisKcr (small blind) (button) won 210


Winamax Poker - Tournament "Expresso" buyIn: 0.46€ + 0.04€ level: 3 - HandId: #4323342688930758657-12-1760895581 - Holdem no limit (20/40) - 2025/10/19 17:39:41 UTC
Table: 'Expresso(1006606661)#0' 3-max (real money) Seat #1 is the button
Seat 1: Marty-33 (790)
Seat 2: MathisKcr (710)
*** ANTE/BLINDS ***
Marty-33 posts small blind 20
MathisKcr posts big blind 40
Dealt to MathisKcr [7h 6d]
*** PRE-FLOP *** 
Marty-33 folds
MathisKcr collected 60 from pot
*** SUMMARY ***
Total pot 60 | No rake
Seat 2: MathisKcr (big blind) won 60


Winamax Poker - Tournament "Expresso" buyIn: 0.46€ + 0.04€ level: 3 - HandId: #4323342688930758657-13-1760895590 - Holdem no limit (20/40) - 2025/10/19 17:39:50 UTC
Table: 'Expresso(1006606661)#0' 3-max (real money) Seat #2 is the button
Seat 1: Marty-33 (770)
Seat 2: MathisKcr (730)
*** ANTE/BLINDS ***
MathisKcr posts small blind 20
Marty-33 posts big blind 40
Dealt to MathisKcr [Tc 3c]
*** PRE-FLOP *** 
MathisKcr calls 20
Marty-33 checks
*** FLOP *** [7s 6h 4s]
Marty-33 checks
MathisKcr checks
*** TURN *** [7s 6h 4s][2h]
Marty-33 checks
MathisKcr bets 80
Marty-33 raises 80 to 160
MathisKcr folds
Marty-33 collected 320 from pot
*** SUMMARY ***
Total pot 320 | No rake
Board: [7s 6h 4s 2h]
Seat 1: Marty-33 (big blind) won 320


Winamax Poker - Tournament "Expresso" buyIn: 0.46€ + 0.04€ level: 3 - HandId: #4323342688930758657-14-1760895619 - Holdem no limit (20/40) - 2025/10/19 17:40:19 UTC
Table: 'Expresso(1006606661)#0' 3-max (real money) Seat #1 is the button
Seat 1: Marty-33 (890)
Seat 2: MathisKcr (610)
*** ANTE/BLINDS ***
Marty-33 posts small blind 20
MathisKcr posts big blind 40
Dealt to MathisKcr [9d Ad]
*** PRE-FLOP *** 
Marty-33 raises 40 to 80
MathisKcr raises 80 to 160
Marty-33 raises 80 to 240
MathisKcr raises 370 to 610 and is all-in
Marty-33 calls 370
*** FLOP *** [Ks 2s Qs]
*** TURN *** [Ks 2s Qs][8d]
*** RIVER *** [Ks 2s Qs 8d][As]
*** SHOW DOWN ***
MathisKcr shows [9d Ad] (One pair : Aces)
Marty-33 shows [Kd Qh] (Two pairs : Kings and Queens)
Marty-33 collected 1220 from pot
*** SUMMARY ***
Total pot 1220 | No rake
Board: [Ks 2s Qs 8d As]
Seat 1: Marty-33 (small blind) (button) showed [Kd Qh] and won 1220 with Two pairs : Kings and Queens
Seat 2: MathisKcr (big blind) showed [9d Ad] and lost with One pair : Aces


