Winamax Poker - Tournament "Tremplin Saint-Malo" buyIn: 0€ + 0€ level: 6 - HandId: #4166882845723197680-38-1766518838 - Holdem no limit (60/120) - 2025/12/23 19:40:38 UTC
Table: 'Tremplin Saint-Malo(970178015)#0239' 8-max (real money) Seat #2 is the button
Seat 1: NaYoh_76 (5760)
Seat 2: Dimitri ASSE (12435)
Seat 4: 119sas (3423)
Seat 5: MathisKcr (3000)
Seat 6: kirikouuu84 (2655)
Seat 7: Freddyboy77 (12403)
Seat 8: titof77 (5606)
*** ANTE/BLINDS ***
119sas posts big blind 120
Dealt to MathisKcr [3d Kh]
*** PRE-FLOP *** 
MathisKcr calls 120
kirikouuu84 folds
Freddyboy77 raises 240 to 360
titof77 folds
NaYoh_76 folds
Dimitri ASSE folds
119sas folds
MathisKcr calls 240
*** FLOP *** [2h 6h 5s]
MathisKcr checks
Freddyboy77 checks
*** TURN *** [2h 6h 5s][Qc]
MathisKcr checks
Freddyboy77 bets 294
MathisKcr folds
Freddyboy77 collected 1134 from pot
*** SUMMARY ***
Total pot 1134 | No rake
Board: [2h 6h 5s Qc]
Seat 7: Freddyboy77 won 1134


Winamax Poker - Tournament "Tremplin Saint-Malo" buyIn: 0€ + 0€ level: 6 - HandId: #4166882845723197680-39-1766518892 - Holdem no limit (60/120) - 2025/12/23 19:41:32 UTC
Table: 'Tremplin Saint-Malo(970178015)#0239' 8-max (real money) Seat #3 is the button
Seat 1: NaYoh_76 (5760)
Seat 2: Dimitri ASSE (12435)
Seat 3: Astralopitec (3000)
Seat 4: 119sas (3303)
Seat 5: MathisKcr (2640)
Seat 6: kirikouuu84 (2655)
Seat 7: Freddyboy77 (12883)
Seat 8: titof77 (5606)
*** ANTE/BLINDS ***
119sas posts small blind 60
MathisKcr posts big blind 120
Dealt to MathisKcr [6s 4c]
*** PRE-FLOP *** 
kirikouuu84 folds
Freddyboy77 raises 180 to 300
titof77 folds
NaYoh_76 folds
Dimitri ASSE calls 300
119sas folds
MathisKcr folds
*** FLOP *** [Qd Jd Js]
Freddyboy77 checks
Dimitri ASSE checks
*** TURN *** [Qd Jd Js][Ad]
Freddyboy77 checks
Dimitri ASSE bets 780
Freddyboy77 calls 780
*** RIVER *** [Qd Jd Js Ad][2h]
Freddyboy77 checks
Dimitri ASSE bets 2340
Freddyboy77 calls 2340
*** SHOW DOWN ***
Dimitri ASSE shows [Ac Ks] (Two pairs : Aces and Jacks)
Freddyboy77 shows [Kd 3d] (Flush Ace high)
Freddyboy77 collected 7020 from pot
*** SUMMARY ***
Total pot 7020 | No rake
Board: [Qd Jd Js Ad 2h]
Seat 2: Dimitri ASSE showed [Ac Ks] and lost with Two pairs : Aces and Jacks
Seat 7: Freddyboy77 showed [Kd 3d] and won 7020 with Flush Ace high


Winamax Poker - Tournament "Tremplin Saint-Malo" buyIn: 0€ + 0€ level: 6 - HandId: #4166882845723197680-40-1766519002 - Holdem no limit (60/120) - 2025/12/23 19:43:22 UTC
Table: 'Tremplin Saint-Malo(970178015)#0239' 8-max (real money) Seat #4 is the button
Seat 1: NaYoh_76 (5760)
Seat 2: Dimitri ASSE (9015)
Seat 3: Astralopitec (3000)
Seat 4: 119sas (3243)
Seat 5: MathisKcr (2520)
Seat 6: kirikouuu84 (2655)
Seat 7: Freddyboy77 (16483)
Seat 8: titof77 (5606)
*** ANTE/BLINDS ***
MathisKcr posts small blind 60
kirikouuu84 posts big blind 120
Dealt to MathisKcr [3c Jh]
*** PRE-FLOP *** 
Freddyboy77 folds
titof77 folds
NaYoh_76 calls 120
Dimitri ASSE calls 120
Astralopitec folds
119sas calls 120
MathisKcr calls 60
kirikouuu84 folds
*** FLOP *** [9c 4h 5h]
MathisKcr checks
NaYoh_76 bets 120
Dimitri ASSE calls 120
119sas folds
MathisKcr folds
*** TURN *** [9c 4h 5h][Ah]
NaYoh_76 bets 120
Dimitri ASSE calls 120
*** RIVER *** [9c 4h 5h Ah][8c]
NaYoh_76 bets 1080
Dimitri ASSE folds
NaYoh_76 collected 2160 from pot
*** SUMMARY ***
Total pot 2160 | No rake
Board: [9c 4h 5h Ah 8c]
Seat 1: NaYoh_76 won 2160


Winamax Poker - Tournament "Tremplin Saint-Malo" buyIn: 0€ + 0€ level: 6 - HandId: #4166882845723197680-41-1766519057 - Holdem no limit (60/120) - 2025/12/23 19:44:17 UTC
Table: 'Tremplin Saint-Malo(970178015)#0239' 8-max (real money) Seat #5 is the button
Seat 1: NaYoh_76 (6480)
Seat 2: Dimitri ASSE (8655)
Seat 3: Astralopitec (3000)
Seat 4: 119sas (3123)
Seat 5: MathisKcr (2400)
Seat 6: kirikouuu84 (2535)
Seat 7: Freddyboy77 (16483)
Seat 8: titof77 (5606)
*** ANTE/BLINDS ***
kirikouuu84 posts small blind 60
Freddyboy77 posts big blind 120
Dealt to MathisKcr [Jc Js]
*** PRE-FLOP *** 
titof77 folds
NaYoh_76 calls 120
Dimitri ASSE raises 420 to 540
Astralopitec folds
119sas folds
MathisKcr raises 1860 to 2400 and is all-in
kirikouuu84 folds
Freddyboy77 folds
NaYoh_76 folds
Dimitri ASSE calls 1860
*** FLOP *** [3h 8d Ts]
*** TURN *** [3h 8d Ts][Ks]
*** RIVER *** [3h 8d Ts Ks][5s]
*** SHOW DOWN ***
Dimitri ASSE shows [6d Ah] (High card : Ace)
MathisKcr shows [Jc Js] (One pair : Jacks)
MathisKcr collected 5100 from pot
*** SUMMARY ***
Total pot 5100 | No rake
Board: [3h 8d Ts Ks 5s]
Seat 2: Dimitri ASSE showed [6d Ah] and lost with High card : Ace
Seat 5: MathisKcr (button) showed [Jc Js] and won 5100 with One pair : Jacks


Winamax Poker - Tournament "Tremplin Saint-Malo" buyIn: 0€ + 0€ level: 6 - HandId: #4166882845723197680-42-1766519090 - Holdem no limit (60/120) - 2025/12/23 19:44:50 UTC
Table: 'Tremplin Saint-Malo(970178015)#0239' 8-max (real money) Seat #6 is the button
Seat 1: NaYoh_76 (6360)
Seat 2: Dimitri ASSE (6255)
Seat 3: Astralopitec (3000)
Seat 4: 119sas (3123)
Seat 5: MathisKcr (5100)
Seat 6: kirikouuu84 (2475)
Seat 7: Freddyboy77 (16363)
Seat 8: titof77 (5606)
*** ANTE/BLINDS ***
Freddyboy77 posts small blind 60
titof77 posts big blind 120
Dealt to MathisKcr [6c Kc]
*** PRE-FLOP *** 
NaYoh_76 calls 120
Dimitri ASSE raises 6135 to 6255 and is all-in
Astralopitec folds
119sas folds
MathisKcr folds
kirikouuu84 folds
Freddyboy77 folds
titof77 folds
NaYoh_76 folds
Dimitri ASSE collected 6555 from pot
*** SUMMARY ***
Total pot 6555 | No rake
Seat 2: Dimitri ASSE won 6555


Winamax Poker - Tournament "Tremplin Saint-Malo" buyIn: 0€ + 0€ level: 6 - HandId: #4166882845723197680-43-1766519108 - Holdem no limit (60/120) - 2025/12/23 19:45:08 UTC
Table: 'Tremplin Saint-Malo(970178015)#0239' 8-max (real money) Seat #7 is the button
Seat 1: NaYoh_76 (6240)
Seat 2: Dimitri ASSE (6555)
Seat 3: Astralopitec (3000)
Seat 4: 119sas (3123)
Seat 5: MathisKcr (5100)
Seat 6: kirikouuu84 (2475)
Seat 7: Freddyboy77 (16303)
Seat 8: titof77 (5486)
*** ANTE/BLINDS ***
titof77 posts small blind 60
NaYoh_76 posts big blind 120
Dealt to MathisKcr [7d 2h]
*** PRE-FLOP *** 
Dimitri ASSE calls 120
Astralopitec folds
119sas calls 120
MathisKcr folds
kirikouuu84 folds
Freddyboy77 folds
titof77 calls 60
NaYoh_76 checks
*** FLOP *** [7s 3s Td]
titof77 checks
NaYoh_76 checks
Dimitri ASSE checks
119sas checks
*** TURN *** [7s 3s Td][8s]
titof77 checks
NaYoh_76 checks
Dimitri ASSE bets 480
119sas folds
titof77 folds
NaYoh_76 calls 480
*** RIVER *** [7s 3s Td 8s][5c]
NaYoh_76 checks
Dimitri ASSE checks
*** SHOW DOWN ***
NaYoh_76 shows [9c 8h] (One pair : 8)
Dimitri ASSE shows [Qc 8c] (One pair : 8)
Dimitri ASSE collected 1440 from pot
*** SUMMARY ***
Total pot 1440 | No rake
Board: [7s 3s Td 8s 5c]
Seat 1: NaYoh_76 (big blind) showed [9c 8h] and lost with One pair : 8
Seat 2: Dimitri ASSE showed [Qc 8c] and won 1440 with One pair : 8


Winamax Poker - Tournament "Tremplin Saint-Malo" buyIn: 0€ + 0€ level: 6 - HandId: #4166882845723197680-44-1766519187 - Holdem no limit (60/120) - 2025/12/23 19:46:27 UTC
Table: 'Tremplin Saint-Malo(970178015)#0239' 8-max (real money) Seat #8 is the button
Seat 1: NaYoh_76 (5640)
Seat 2: Dimitri ASSE (7395)
Seat 3: Astralopitec (3000)
Seat 4: 119sas (3003)
Seat 5: MathisKcr (5100)
Seat 6: kirikouuu84 (2475)
Seat 7: Freddyboy77 (16303)
Seat 8: titof77 (5366)
*** ANTE/BLINDS ***
NaYoh_76 posts small blind 60
Dimitri ASSE posts big blind 120
Dealt to MathisKcr [9d 2h]
*** PRE-FLOP *** 
Astralopitec folds
119sas calls 120
MathisKcr folds
kirikouuu84 folds
Freddyboy77 folds
titof77 calls 120
NaYoh_76 calls 60
Dimitri ASSE checks
*** FLOP *** [8h 2s 3s]
NaYoh_76 checks
Dimitri ASSE checks
119sas checks
titof77 bets 240
NaYoh_76 calls 240
Dimitri ASSE calls 240
119sas folds
*** TURN *** [8h 2s 3s][Ac]
NaYoh_76 checks
Dimitri ASSE checks
titof77 checks
*** RIVER *** [8h 2s 3s Ac][Jc]
NaYoh_76 checks
Dimitri ASSE checks
titof77 checks
*** SHOW DOWN ***
Dimitri ASSE shows [7d 2d] (One pair : 2)
titof77 shows [Td Ts] (One pair : Tens)
NaYoh_76 shows [6s Js] (One pair : Jacks)
NaYoh_76 collected 1200 from pot
*** SUMMARY ***
Total pot 1200 | No rake
Board: [8h 2s 3s Ac Jc]
Seat 1: NaYoh_76 (small blind) showed [6s Js] and won 1200 with One pair : Jacks
Seat 2: Dimitri ASSE (big blind) showed [7d 2d] and lost with One pair : 2
Seat 8: titof77 (button) showed [Td Ts] and lost with One pair : Tens


Winamax Poker - Tournament "Tremplin Saint-Malo" buyIn: 0€ + 0€ level: 6 - HandId: #4166882845723197680-45-1766519282 - Holdem no limit (60/120) - 2025/12/23 19:48:02 UTC
Table: 'Tremplin Saint-Malo(970178015)#0239' 8-max (real money) Seat #1 is the button
Seat 1: NaYoh_76 (6480)
Seat 2: Dimitri ASSE (7035)
Seat 3: Astralopitec (3000)
Seat 5: MathisKcr (5100)
Seat 6: kirikouuu84 (2475)
Seat 7: Freddyboy77 (16303)
Seat 8: titof77 (5006)
*** ANTE/BLINDS ***
Dimitri ASSE posts small blind 60
Astralopitec posts big blind 120
Dealt to MathisKcr [2c 6s]
*** PRE-FLOP *** 
MathisKcr folds
kirikouuu84 folds
Freddyboy77 folds
titof77 folds
NaYoh_76 calls 120
Dimitri ASSE calls 60
Astralopitec checks
*** FLOP *** [Qs 8h Qc]
Dimitri ASSE checks
Astralopitec checks
NaYoh_76 checks
*** TURN *** [Qs 8h Qc][Ks]
Dimitri ASSE checks
Astralopitec checks
NaYoh_76 checks
*** RIVER *** [Qs 8h Qc Ks][9d]
Dimitri ASSE checks
Astralopitec checks
NaYoh_76 bets 3226
Dimitri ASSE folds
Astralopitec folds
NaYoh_76 collected 3586 from pot
*** SUMMARY ***
Total pot 3586 | No rake
Board: [Qs 8h Qc Ks 9d]
Seat 1: NaYoh_76 (button) won 3586


Winamax Poker - Tournament "Tremplin Saint-Malo" buyIn: 0€ + 0€ level: 7 - HandId: #4166882845723197680-46-1766519332 - Holdem no limit (75/150) - 2025/12/23 19:48:52 UTC
Table: 'Tremplin Saint-Malo(970178015)#0239' 8-max (real money) Seat #2 is the button
Seat 1: NaYoh_76 (6720)
Seat 2: Dimitri ASSE (6915)
Seat 3: Astralopitec (2880)
Seat 5: MathisKcr (5100)
Seat 6: kirikouuu84 (2475)
Seat 7: Freddyboy77 (16303)
Seat 8: titof77 (5006)
*** ANTE/BLINDS ***
Astralopitec posts small blind 75
MathisKcr posts big blind 150
Dealt to MathisKcr [9s 4d]
*** PRE-FLOP *** 
kirikouuu84 folds
Freddyboy77 folds
titof77 calls 150
NaYoh_76 raises 225 to 375
Dimitri ASSE calls 375
Astralopitec folds
MathisKcr calls 225
titof77 calls 225
*** FLOP *** [Jc 7c 6h]
MathisKcr checks
titof77 checks
NaYoh_76 bets 1024
Dimitri ASSE calls 1024
MathisKcr folds
titof77 folds
*** TURN *** [Jc 7c 6h][Kc]
NaYoh_76 bets 2355
Dimitri ASSE folds
NaYoh_76 collected 5978 from pot
*** SUMMARY ***
Total pot 5978 | No rake
Board: [Jc 7c 6h Kc]
Seat 1: NaYoh_76 won 5978


Winamax Poker - Tournament "Tremplin Saint-Malo" buyIn: 0€ + 0€ level: 7 - HandId: #4166882845723197680-47-1766519374 - Holdem no limit (75/150) - 2025/12/23 19:49:34 UTC
Table: 'Tremplin Saint-Malo(970178015)#0239' 8-max (real money) Seat #3 is the button
Seat 1: NaYoh_76 (8944)
Seat 2: Dimitri ASSE (5516)
Seat 3: Astralopitec (2805)
Seat 5: MathisKcr (4725)
Seat 6: kirikouuu84 (2475)
Seat 7: Freddyboy77 (16303)
Seat 8: titof77 (4631)
*** ANTE/BLINDS ***
MathisKcr posts small blind 75
kirikouuu84 posts big blind 150
Dealt to MathisKcr [Ts Jh]
*** PRE-FLOP *** 
Freddyboy77 raises 150 to 300
titof77 folds
NaYoh_76 calls 300
Dimitri ASSE calls 300
Astralopitec folds
MathisKcr calls 225
kirikouuu84 folds
*** FLOP *** [3s Jd Kc]
MathisKcr bets 4425 and is all-in
Freddyboy77 folds
NaYoh_76 calls 4425
Dimitri ASSE folds
*** TURN *** [3s Jd Kc][5d]
*** RIVER *** [3s Jd Kc 5d][4c]
*** SHOW DOWN ***
MathisKcr shows [Ts Jh] (One pair : Jacks)
NaYoh_76 shows [3h 3d] (Trips of 3)
NaYoh_76 collected 10200 from pot
*** SUMMARY ***
Total pot 10200 | No rake
Board: [3s Jd Kc 5d 4c]
Seat 1: NaYoh_76 showed [3h 3d] and won 10200 with Trips of 3
Seat 5: MathisKcr (small blind) showed [Ts Jh] and lost with One pair : Jacks


