Winamax Poker - Tournament "Expresso Nitro" buyIn: 0.93€ + 0.07€ level: 1 - HandId: #4664168513034780673-1-1774621680 - Holdem no limit (10/20) - 2026/03/27 14:28:00 UTC
Table: 'Expresso Nitro(1085961357)#0' 3-max (real money) Seat #2 is the button
Seat 1: AstuteEric24 (300)
Seat 2: Patamille (300)
Seat 3: MathisKcr (300)
*** ANTE/BLINDS ***
MathisKcr posts small blind 10
AstuteEric24 posts big blind 20
Dealt to MathisKcr [Td Ts]
*** PRE-FLOP *** 
Patamille folds
MathisKcr raises 280 to 300 and is all-in
AstuteEric24 folds
MathisKcr collected 320 from pot
*** SUMMARY ***
Total pot 320 | No rake
Seat 3: MathisKcr (small blind) won 320


Winamax Poker - Tournament "Expresso Nitro" buyIn: 0.93€ + 0.07€ level: 1 - HandId: #4664168513034780673-2-1774621697 - Holdem no limit (10/20) - 2026/03/27 14:28:17 UTC
Table: 'Expresso Nitro(1085961357)#0' 3-max (real money) Seat #3 is the button
Seat 1: AstuteEric24 (280)
Seat 2: Patamille (300)
Seat 3: MathisKcr (320)
*** ANTE/BLINDS ***
AstuteEric24 posts small blind 10
Patamille posts big blind 20
Dealt to MathisKcr [7h 4h]
*** PRE-FLOP *** 
MathisKcr folds
AstuteEric24 folds
Patamille collected 30 from pot
*** SUMMARY ***
Total pot 30 | No rake
Seat 2: Patamille (big blind) won 30


Winamax Poker - Tournament "Expresso Nitro" buyIn: 0.93€ + 0.07€ level: 1 - HandId: #4664168513034780673-3-1774621704 - Holdem no limit (10/20) - 2026/03/27 14:28:24 UTC
Table: 'Expresso Nitro(1085961357)#0' 3-max (real money) Seat #1 is the button
Seat 1: AstuteEric24 (270)
Seat 2: Patamille (310)
Seat 3: MathisKcr (320)
*** ANTE/BLINDS ***
Patamille posts small blind 10
MathisKcr posts big blind 20
Dealt to MathisKcr [4c 7s]
*** PRE-FLOP *** 
AstuteEric24 folds
Patamille raises 30 to 50
MathisKcr folds
Patamille collected 70 from pot
*** SUMMARY ***
Total pot 70 | No rake
Seat 2: Patamille (small blind) won 70


Winamax Poker - Tournament "Expresso Nitro" buyIn: 0.93€ + 0.07€ level: 1 - HandId: #4664168513034780673-4-1774621713 - Holdem no limit (10/20) - 2026/03/27 14:28:33 UTC
Table: 'Expresso Nitro(1085961357)#0' 3-max (real money) Seat #2 is the button
Seat 1: AstuteEric24 (270)
Seat 2: Patamille (330)
Seat 3: MathisKcr (300)
*** ANTE/BLINDS ***
MathisKcr posts small blind 10
AstuteEric24 posts big blind 20
Dealt to MathisKcr [Th Ah]
*** PRE-FLOP *** 
Patamille folds
MathisKcr raises 280 to 300 and is all-in
AstuteEric24 folds
MathisKcr collected 320 from pot
*** SUMMARY ***
Total pot 320 | No rake
Seat 3: MathisKcr (small blind) won 320


Winamax Poker - Tournament "Expresso Nitro" buyIn: 0.93€ + 0.07€ level: 1 - HandId: #4664168513034780673-5-1774621724 - Holdem no limit (10/20) - 2026/03/27 14:28:44 UTC
Table: 'Expresso Nitro(1085961357)#0' 3-max (real money) Seat #3 is the button
Seat 1: AstuteEric24 (250)
Seat 2: Patamille (330)
Seat 3: MathisKcr (320)
*** ANTE/BLINDS ***
AstuteEric24 posts small blind 10
Patamille posts big blind 20
Dealt to MathisKcr [5h 8h]
*** PRE-FLOP *** 
MathisKcr folds
AstuteEric24 calls 10
Patamille checks
*** FLOP *** [9c 9d 4h]
AstuteEric24 checks
Patamille checks
*** TURN *** [9c 9d 4h][Th]
AstuteEric24 checks
Patamille checks
*** RIVER *** [9c 9d 4h Th][Td]
AstuteEric24 checks
Patamille checks
*** SHOW DOWN ***
Patamille shows [6s 5d] (Two pairs : Tens and 9)
AstuteEric24 shows [8c 7c] (Two pairs : Tens and 9)
AstuteEric24 collected 40 from pot
*** SUMMARY ***
Total pot 40 | No rake
Board: [9c 9d 4h Th Td]
Seat 1: AstuteEric24 (small blind) showed [8c 7c] and won 40 with Two pairs : Tens and 9
Seat 2: Patamille (big blind) showed [6s 5d] and lost with Two pairs : Tens and 9


Winamax Poker - Tournament "Expresso Nitro" buyIn: 0.93€ + 0.07€ level: 2 - HandId: #4664168513034780673-6-1774621738 - Holdem no limit (15/30) - 2026/03/27 14:28:58 UTC
Table: 'Expresso Nitro(1085961357)#0' 3-max (real money) Seat #1 is the button
Seat 1: AstuteEric24 (270)
Seat 2: Patamille (310)
Seat 3: MathisKcr (320)
*** ANTE/BLINDS ***
Patamille posts small blind 15
MathisKcr posts big blind 30
Dealt to MathisKcr [Qd 6d]
*** PRE-FLOP *** 
AstuteEric24 folds
Patamille folds
MathisKcr collected 45 from pot
*** SUMMARY ***
Total pot 45 | No rake
Seat 3: MathisKcr (big blind) won 45


Winamax Poker - Tournament "Expresso Nitro" buyIn: 0.93€ + 0.07€ level: 2 - HandId: #4664168513034780673-7-1774621744 - Holdem no limit (15/30) - 2026/03/27 14:29:04 UTC
Table: 'Expresso Nitro(1085961357)#0' 3-max (real money) Seat #2 is the button
Seat 1: AstuteEric24 (270)
Seat 2: Patamille (295)
Seat 3: MathisKcr (335)
*** ANTE/BLINDS ***
MathisKcr posts small blind 15
AstuteEric24 posts big blind 30
Dealt to MathisKcr [Kc 2d]
*** PRE-FLOP *** 
Patamille calls 30
MathisKcr raises 305 to 335 and is all-in
AstuteEric24 folds
Patamille calls 265 and is all-in
*** FLOP *** [6d 6s Ks]
*** TURN *** [6d 6s Ks][5c]
*** RIVER *** [6d 6s Ks 5c][9c]
*** SHOW DOWN ***
Patamille shows [Ah Th] (One pair : 6)
MathisKcr shows [Kc 2d] (Two pairs : Kings and 6)
MathisKcr collected 660 from pot
*** SUMMARY ***
Total pot 660 | No rake
Board: [6d 6s Ks 5c 9c]
Seat 2: Patamille (button) showed [Ah Th] and lost with One pair : 6
Seat 3: MathisKcr (small blind) showed [Kc 2d] and won 660 with Two pairs : Kings and 6


Winamax Poker - Tournament "Expresso Nitro" buyIn: 0.93€ + 0.07€ level: 2 - HandId: #4664168513034780673-8-1774621766 - Holdem no limit (15/30) - 2026/03/27 14:29:26 UTC
Table: 'Expresso Nitro(1085961357)#0' 3-max (real money) Seat #1 is the button
Seat 1: AstuteEric24 (240)
Seat 3: MathisKcr (660)
*** ANTE/BLINDS ***
AstuteEric24 posts small blind 15
MathisKcr posts big blind 30
Dealt to MathisKcr [7d 4c]
*** PRE-FLOP *** 
AstuteEric24 raises 60 to 90
MathisKcr folds
AstuteEric24 collected 120 from pot
*** SUMMARY ***
Total pot 120 | No rake
Seat 1: AstuteEric24 (small blind) (button) won 120


Winamax Poker - Tournament "Expresso Nitro" buyIn: 0.93€ + 0.07€ level: 2 - HandId: #4664168513034780673-9-1774621772 - Holdem no limit (15/30) - 2026/03/27 14:29:32 UTC
Table: 'Expresso Nitro(1085961357)#0' 3-max (real money) Seat #3 is the button
Seat 1: AstuteEric24 (270)
Seat 3: MathisKcr (630)
*** ANTE/BLINDS ***
MathisKcr posts small blind 15
AstuteEric24 posts big blind 30
Dealt to MathisKcr [Qh Th]
*** PRE-FLOP *** 
MathisKcr raises 600 to 630 and is all-in
AstuteEric24 folds
MathisKcr collected 660 from pot
*** SUMMARY ***
Total pot 660 | No rake
Seat 3: MathisKcr (small blind) (button) won 660


Winamax Poker - Tournament "Expresso Nitro" buyIn: 0.93€ + 0.07€ level: 2 - HandId: #4664168513034780673-10-1774621780 - Holdem no limit (15/30) - 2026/03/27 14:29:40 UTC
Table: 'Expresso Nitro(1085961357)#0' 3-max (real money) Seat #1 is the button
Seat 1: AstuteEric24 (240)
Seat 3: MathisKcr (660)
*** ANTE/BLINDS ***
AstuteEric24 posts small blind 15
MathisKcr posts big blind 30
Dealt to MathisKcr [7h 2s]
*** PRE-FLOP *** 
AstuteEric24 folds
MathisKcr collected 45 from pot
*** SUMMARY ***
Total pot 45 | No rake
Seat 3: MathisKcr (big blind) won 45


Winamax Poker - Tournament "Expresso Nitro" buyIn: 0.93€ + 0.07€ level: 2 - HandId: #4664168513034780673-11-1774621784 - Holdem no limit (15/30) - 2026/03/27 14:29:44 UTC
Table: 'Expresso Nitro(1085961357)#0' 3-max (real money) Seat #3 is the button
Seat 1: AstuteEric24 (225)
Seat 3: MathisKcr (675)
*** ANTE/BLINDS ***
MathisKcr posts small blind 15
AstuteEric24 posts big blind 30
Dealt to MathisKcr [9h 8s]
*** PRE-FLOP *** 
MathisKcr raises 645 to 675 and is all-in
AstuteEric24 calls 195 and is all-in
*** FLOP *** [Tc 3d 9d]
*** TURN *** [Tc 3d 9d][Qs]
*** RIVER *** [Tc 3d 9d Qs][Ad]
*** SHOW DOWN ***
AstuteEric24 shows [6c 9c] (One pair : 9)
MathisKcr shows [9h 8s] (One pair : 9)
MathisKcr collected 675 from side pot 1
AstuteEric24 collected 225 from main pot
*** SUMMARY ***
Total pot 900 | No rake
Board: [Tc 3d 9d Qs Ad]
Seat 1: AstuteEric24 (big blind) showed [6c 9c] and won 225 with One pair : 9
Seat 3: MathisKcr (small blind) (button) showed [9h 8s] and won 675 with One pair : 9


Winamax Poker - Tournament "Expresso Nitro" buyIn: 0.93€ + 0.07€ level: 2 - HandId: #4664168513034780673-12-1774621797 - Holdem no limit (15/30) - 2026/03/27 14:29:57 UTC
Table: 'Expresso Nitro(1085961357)#0' 3-max (real money) Seat #1 is the button
Seat 1: AstuteEric24 (225)
Seat 3: MathisKcr (675)
*** ANTE/BLINDS ***
AstuteEric24 posts small blind 15
MathisKcr posts big blind 30
Dealt to MathisKcr [Jd 3s]
*** PRE-FLOP *** 
AstuteEric24 raises 195 to 225 and is all-in
MathisKcr folds
AstuteEric24 collected 255 from pot
*** SUMMARY ***
Total pot 255 | No rake
Seat 1: AstuteEric24 (small blind) (button) won 255


Winamax Poker - Tournament "Expresso Nitro" buyIn: 0.93€ + 0.07€ level: 3 - HandId: #4664168513034780673-13-1774621802 - Holdem no limit (20/40) - 2026/03/27 14:30:02 UTC
Table: 'Expresso Nitro(1085961357)#0' 3-max (real money) Seat #3 is the button
Seat 1: AstuteEric24 (255)
Seat 3: MathisKcr (645)
*** ANTE/BLINDS ***
MathisKcr posts small blind 20
AstuteEric24 posts big blind 40
Dealt to MathisKcr [4h Tc]
*** PRE-FLOP *** 
MathisKcr folds
AstuteEric24 collected 60 from pot
*** SUMMARY ***
Total pot 60 | No rake
Seat 1: AstuteEric24 (big blind) won 60


Winamax Poker - Tournament "Expresso Nitro" buyIn: 0.93€ + 0.07€ level: 3 - HandId: #4664168513034780673-14-1774621808 - Holdem no limit (20/40) - 2026/03/27 14:30:08 UTC
Table: 'Expresso Nitro(1085961357)#0' 3-max (real money) Seat #1 is the button
Seat 1: AstuteEric24 (275)
Seat 3: MathisKcr (625)
*** ANTE/BLINDS ***
AstuteEric24 posts small blind 20
MathisKcr posts big blind 40
Dealt to MathisKcr [Ts Jd]
*** PRE-FLOP *** 
AstuteEric24 folds
MathisKcr collected 60 from pot
*** SUMMARY ***
Total pot 60 | No rake
Seat 3: MathisKcr (big blind) won 60


Winamax Poker - Tournament "Expresso Nitro" buyIn: 0.93€ + 0.07€ level: 3 - HandId: #4664168513034780673-15-1774621812 - Holdem no limit (20/40) - 2026/03/27 14:30:12 UTC
Table: 'Expresso Nitro(1085961357)#0' 3-max (real money) Seat #3 is the button
Seat 1: AstuteEric24 (255)
Seat 3: MathisKcr (645)
*** ANTE/BLINDS ***
MathisKcr posts small blind 20
AstuteEric24 posts big blind 40
Dealt to MathisKcr [9s Th]
*** PRE-FLOP *** 
MathisKcr raises 605 to 645 and is all-in
AstuteEric24 folds
MathisKcr collected 685 from pot
*** SUMMARY ***
Total pot 685 | No rake
Seat 3: MathisKcr (small blind) (button) won 685


Winamax Poker - Tournament "Expresso Nitro" buyIn: 0.93€ + 0.07€ level: 3 - HandId: #4664168513034780673-16-1774621819 - Holdem no limit (20/40) - 2026/03/27 14:30:19 UTC
Table: 'Expresso Nitro(1085961357)#0' 3-max (real money) Seat #1 is the button
Seat 1: AstuteEric24 (215)
Seat 3: MathisKcr (685)
*** ANTE/BLINDS ***
AstuteEric24 posts small blind 20
MathisKcr posts big blind 40
Dealt to MathisKcr [Th 9s]
*** PRE-FLOP *** 
AstuteEric24 folds
MathisKcr collected 60 from pot
*** SUMMARY ***
Total pot 60 | No rake
Seat 3: MathisKcr (big blind) won 60


Winamax Poker - Tournament "Expresso Nitro" buyIn: 0.93€ + 0.07€ level: 3 - HandId: #4664168513034780673-17-1774621823 - Holdem no limit (20/40) - 2026/03/27 14:30:23 UTC
Table: 'Expresso Nitro(1085961357)#0' 3-max (real money) Seat #3 is the button
Seat 1: AstuteEric24 (195)
Seat 3: MathisKcr (705)
*** ANTE/BLINDS ***
MathisKcr posts small blind 20
AstuteEric24 posts big blind 40
Dealt to MathisKcr [9c Kd]
*** PRE-FLOP *** 
MathisKcr raises 665 to 705 and is all-in
AstuteEric24 calls 155 and is all-in
*** FLOP *** [Qc Qh Jh]
*** TURN *** [Qc Qh Jh][As]
*** RIVER *** [Qc Qh Jh As][Kc]
*** SHOW DOWN ***
AstuteEric24 shows [6h Th] (Straight Ace high)
MathisKcr shows [9c Kd] (Two pairs : Kings and Queens)
MathisKcr collected 510 from side pot 1
AstuteEric24 collected 390 from main pot
*** SUMMARY ***
Total pot 900 | No rake
Board: [Qc Qh Jh As Kc]
Seat 1: AstuteEric24 (big blind) showed [6h Th] and won 390 with Straight Ace high
Seat 3: MathisKcr (small blind) (button) showed [9c Kd] and won 510 with Two pairs : Kings and Queens


Winamax Poker - Tournament "Expresso Nitro" buyIn: 0.93€ + 0.07€ level: 3 - HandId: #4664168513034780673-18-1774621836 - Holdem no limit (20/40) - 2026/03/27 14:30:36 UTC
Table: 'Expresso Nitro(1085961357)#0' 3-max (real money) Seat #1 is the button
Seat 1: AstuteEric24 (390)
Seat 3: MathisKcr (510)
*** ANTE/BLINDS ***
AstuteEric24 posts small blind 20
MathisKcr posts big blind 40
Dealt to MathisKcr [4c Qh]
*** PRE-FLOP *** 
AstuteEric24 raises 80 to 120
MathisKcr raises 390 to 510 and is all-in
AstuteEric24 calls 270 and is all-in
*** FLOP *** [Js 3h 6d]
*** TURN *** [Js 3h 6d][8d]
*** RIVER *** [Js 3h 6d 8d][2c]
*** SHOW DOWN ***
AstuteEric24 shows [Qc Ks] (High card : King)
MathisKcr shows [4c Qh] (High card : Queen)
MathisKcr collected 120 from side pot 1
AstuteEric24 collected 780 from main pot
*** SUMMARY ***
Total pot 900 | No rake
Board: [Js 3h 6d 8d 2c]
Seat 1: AstuteEric24 (small blind) (button) showed [Qc Ks] and won 780 with High card : King
Seat 3: MathisKcr (big blind) showed [4c Qh] and won 120 with High card : Queen


Winamax Poker - Tournament "Expresso Nitro" buyIn: 0.93€ + 0.07€ level: 3 - HandId: #4664168513034780673-19-1774621854 - Holdem no limit (20/40) - 2026/03/27 14:30:54 UTC
Table: 'Expresso Nitro(1085961357)#0' 3-max (real money) Seat #3 is the button
Seat 1: AstuteEric24 (780)
Seat 3: MathisKcr (120)
*** ANTE/BLINDS ***
MathisKcr posts small blind 20
AstuteEric24 posts big blind 40
Dealt to MathisKcr [3s As]
*** PRE-FLOP *** 
MathisKcr raises 80 to 120 and is all-in
AstuteEric24 calls 80
*** FLOP *** [Js 5d 2h]
*** TURN *** [Js 5d 2h][Th]
*** RIVER *** [Js 5d 2h Th][Kh]
*** SHOW DOWN ***
MathisKcr shows [3s As] (High card : Ace)
AstuteEric24 shows [2d Ah] (One pair : 2)
AstuteEric24 collected 240 from pot
*** SUMMARY ***
Total pot 240 | No rake
Board: [Js 5d 2h Th Kh]
Seat 1: AstuteEric24 (big blind) showed [2d Ah] and won 240 with One pair : 2
Seat 3: MathisKcr (small blind) (button) showed [3s As] and lost with High card : Ace


