Winamax Poker - Tournament "Expresso Nitro" buyIn: 0.93€ + 0.07€ level: 1 - HandId: #4677128709994446849-1-1775123342 - Holdem no limit (10/20) - 2026/04/02 09:49:02 UTC
Table: 'Expresso Nitro(1088978888)#0' 3-max (real money) Seat #1 is the button
Seat 1: MathisKcr (300)
Seat 2: OGmangoGG (300)
Seat 3: Brigada67551 (300)
*** ANTE/BLINDS ***
OGmangoGG posts small blind 10
Brigada67551 posts big blind 20
Dealt to MathisKcr [3c 8s]
*** PRE-FLOP *** 
MathisKcr folds
OGmangoGG calls 10
Brigada67551 raises 280 to 300 and is all-in
OGmangoGG calls 280 and is all-in
*** FLOP *** [2s Jd 5c]
*** TURN *** [2s Jd 5c][9c]
*** RIVER *** [2s Jd 5c 9c][5h]
*** SHOW DOWN ***
OGmangoGG shows [Kd 4c] (One pair : 5)
Brigada67551 shows [6d 6c] (Two pairs : 6 and 5)
Brigada67551 collected 600 from pot
*** SUMMARY ***
Total pot 600 | No rake
Board: [2s Jd 5c 9c 5h]
Seat 2: OGmangoGG (small blind) showed [Kd 4c] and lost with One pair : 5
Seat 3: Brigada67551 (big blind) showed [6d 6c] and won 600 with Two pairs : 6 and 5


Winamax Poker - Tournament "Expresso Nitro" buyIn: 0.93€ + 0.07€ level: 1 - HandId: #4677128709994446849-2-1775123357 - Holdem no limit (10/20) - 2026/04/02 09:49:17 UTC
Table: 'Expresso Nitro(1088978888)#0' 3-max (real money) Seat #3 is the button
Seat 1: MathisKcr (300)
Seat 3: Brigada67551 (600)
*** ANTE/BLINDS ***
Brigada67551 posts small blind 10
MathisKcr posts big blind 20
Dealt to MathisKcr [Ts 6h]
*** PRE-FLOP *** 
Brigada67551 folds
MathisKcr collected 30 from pot
*** SUMMARY ***
Total pot 30 | No rake
Seat 1: MathisKcr (big blind) won 30


Winamax Poker - Tournament "Expresso Nitro" buyIn: 0.93€ + 0.07€ level: 1 - HandId: #4677128709994446849-3-1775123361 - Holdem no limit (10/20) - 2026/04/02 09:49:21 UTC
Table: 'Expresso Nitro(1088978888)#0' 3-max (real money) Seat #1 is the button
Seat 1: MathisKcr (310)
Seat 3: Brigada67551 (590)
*** ANTE/BLINDS ***
MathisKcr posts small blind 10
Brigada67551 posts big blind 20
Dealt to MathisKcr [9c Js]
*** PRE-FLOP *** 
MathisKcr raises 290 to 310 and is all-in
Brigada67551 folds
MathisKcr collected 330 from pot
*** SUMMARY ***
Total pot 330 | No rake
Seat 1: MathisKcr (small blind) (button) won 330


Winamax Poker - Tournament "Expresso Nitro" buyIn: 0.93€ + 0.07€ level: 1 - HandId: #4677128709994446849-4-1775123367 - Holdem no limit (10/20) - 2026/04/02 09:49:27 UTC
Table: 'Expresso Nitro(1088978888)#0' 3-max (real money) Seat #3 is the button
Seat 1: MathisKcr (330)
Seat 3: Brigada67551 (570)
*** ANTE/BLINDS ***
Brigada67551 posts small blind 10
MathisKcr posts big blind 20
Dealt to MathisKcr [Tc Kd]
*** PRE-FLOP *** 
Brigada67551 calls 10
MathisKcr raises 310 to 330 and is all-in
Brigada67551 folds
MathisKcr collected 350 from pot
*** SUMMARY ***
Total pot 350 | No rake
Seat 1: MathisKcr (big blind) won 350


Winamax Poker - Tournament "Expresso Nitro" buyIn: 0.93€ + 0.07€ level: 1 - HandId: #4677128709994446849-5-1775123377 - Holdem no limit (10/20) - 2026/04/02 09:49:37 UTC
Table: 'Expresso Nitro(1088978888)#0' 3-max (real money) Seat #1 is the button
Seat 1: MathisKcr (350)
Seat 3: Brigada67551 (550)
*** ANTE/BLINDS ***
MathisKcr posts small blind 10
Brigada67551 posts big blind 20
Dealt to MathisKcr [4d 2c]
*** PRE-FLOP *** 
MathisKcr folds
Brigada67551 collected 30 from pot
*** SUMMARY ***
Total pot 30 | No rake
Seat 3: Brigada67551 (big blind) won 30


Winamax Poker - Tournament "Expresso Nitro" buyIn: 0.93€ + 0.07€ level: 1 - HandId: #4677128709994446849-6-1775123385 - Holdem no limit (10/20) - 2026/04/02 09:49:45 UTC
Table: 'Expresso Nitro(1088978888)#0' 3-max (real money) Seat #3 is the button
Seat 1: MathisKcr (340)
Seat 3: Brigada67551 (560)
*** ANTE/BLINDS ***
Brigada67551 posts small blind 10
MathisKcr posts big blind 20
Dealt to MathisKcr [Qc 8h]
*** PRE-FLOP *** 
Brigada67551 calls 10
MathisKcr checks
*** FLOP *** [5s 6d 4d]
MathisKcr bets 26
Brigada67551 calls 26
*** TURN *** [5s 6d 4d][Ad]
MathisKcr checks
Brigada67551 bets 32
MathisKcr folds
Brigada67551 collected 124 from pot
*** SUMMARY ***
Total pot 124 | No rake
Board: [5s 6d 4d Ad]
Seat 3: Brigada67551 (small blind) (button) won 124


Winamax Poker - Tournament "Expresso Nitro" buyIn: 0.93€ + 0.07€ level: 2 - HandId: #4677128709994446849-7-1775123418 - Holdem no limit (15/30) - 2026/04/02 09:50:18 UTC
Table: 'Expresso Nitro(1088978888)#0' 3-max (real money) Seat #1 is the button
Seat 1: MathisKcr (294)
Seat 3: Brigada67551 (606)
*** ANTE/BLINDS ***
MathisKcr posts small blind 15
Brigada67551 posts big blind 30
Dealt to MathisKcr [2c Ks]
*** PRE-FLOP *** 
MathisKcr raises 264 to 294 and is all-in
Brigada67551 folds
MathisKcr collected 324 from pot
*** SUMMARY ***
Total pot 324 | No rake
Seat 1: MathisKcr (small blind) (button) won 324


Winamax Poker - Tournament "Expresso Nitro" buyIn: 0.93€ + 0.07€ level: 2 - HandId: #4677128709994446849-8-1775123425 - Holdem no limit (15/30) - 2026/04/02 09:50:25 UTC
Table: 'Expresso Nitro(1088978888)#0' 3-max (real money) Seat #3 is the button
Seat 1: MathisKcr (324)
Seat 3: Brigada67551 (576)
*** ANTE/BLINDS ***
Brigada67551 posts small blind 15
MathisKcr posts big blind 30
Dealt to MathisKcr [9s 8d]
*** PRE-FLOP *** 
Brigada67551 calls 15
MathisKcr checks
*** FLOP *** [2h Js 8c]
MathisKcr bets 39
Brigada67551 folds
MathisKcr collected 99 from pot
*** SUMMARY ***
Total pot 99 | No rake
Board: [2h Js 8c]
Seat 1: MathisKcr (big blind) won 99


Winamax Poker - Tournament "Expresso Nitro" buyIn: 0.93€ + 0.07€ level: 2 - HandId: #4677128709994446849-9-1775123438 - Holdem no limit (15/30) - 2026/04/02 09:50:38 UTC
Table: 'Expresso Nitro(1088978888)#0' 3-max (real money) Seat #1 is the button
Seat 1: MathisKcr (354)
Seat 3: Brigada67551 (546)
*** ANTE/BLINDS ***
MathisKcr posts small blind 15
Brigada67551 posts big blind 30
Dealt to MathisKcr [Ks As]
*** PRE-FLOP *** 
MathisKcr raises 324 to 354 and is all-in
Brigada67551 folds
MathisKcr collected 384 from pot
*** SUMMARY ***
Total pot 384 | No rake
Seat 1: MathisKcr (small blind) (button) won 384


Winamax Poker - Tournament "Expresso Nitro" buyIn: 0.93€ + 0.07€ level: 2 - HandId: #4677128709994446849-10-1775123447 - Holdem no limit (15/30) - 2026/04/02 09:50:47 UTC
Table: 'Expresso Nitro(1088978888)#0' 3-max (real money) Seat #3 is the button
Seat 1: MathisKcr (384)
Seat 3: Brigada67551 (516)
*** ANTE/BLINDS ***
Brigada67551 posts small blind 15
MathisKcr posts big blind 30
Dealt to MathisKcr [7h 9h]
*** PRE-FLOP *** 
Brigada67551 calls 15
MathisKcr checks
*** FLOP *** [8h Qs 2s]
MathisKcr checks
Brigada67551 bets 39
MathisKcr folds
Brigada67551 collected 99 from pot
*** SUMMARY ***
Total pot 99 | No rake
Board: [8h Qs 2s]
Seat 3: Brigada67551 (small blind) (button) won 99


Winamax Poker - Tournament "Expresso Nitro" buyIn: 0.93€ + 0.07€ level: 3 - HandId: #4677128709994446849-11-1775123463 - Holdem no limit (20/40) - 2026/04/02 09:51:03 UTC
Table: 'Expresso Nitro(1088978888)#0' 3-max (real money) Seat #1 is the button
Seat 1: MathisKcr (354)
Seat 3: Brigada67551 (546)
*** ANTE/BLINDS ***
MathisKcr posts small blind 20
Brigada67551 posts big blind 40
Dealt to MathisKcr [Kd 7s]
*** PRE-FLOP *** 
MathisKcr raises 314 to 354 and is all-in
Brigada67551 folds
MathisKcr collected 394 from pot
*** SUMMARY ***
Total pot 394 | No rake
Seat 1: MathisKcr (small blind) (button) won 394


Winamax Poker - Tournament "Expresso Nitro" buyIn: 0.93€ + 0.07€ level: 3 - HandId: #4677128709994446849-12-1775123472 - Holdem no limit (20/40) - 2026/04/02 09:51:12 UTC
Table: 'Expresso Nitro(1088978888)#0' 3-max (real money) Seat #3 is the button
Seat 1: MathisKcr (394)
Seat 3: Brigada67551 (506)
*** ANTE/BLINDS ***
Brigada67551 posts small blind 20
MathisKcr posts big blind 40
Dealt to MathisKcr [As 8s]
*** PRE-FLOP *** 
Brigada67551 folds
MathisKcr collected 60 from pot
*** SUMMARY ***
Total pot 60 | No rake
Seat 1: MathisKcr (big blind) won 60


Winamax Poker - Tournament "Expresso Nitro" buyIn: 0.93€ + 0.07€ level: 3 - HandId: #4677128709994446849-13-1775123477 - Holdem no limit (20/40) - 2026/04/02 09:51:17 UTC
Table: 'Expresso Nitro(1088978888)#0' 3-max (real money) Seat #1 is the button
Seat 1: MathisKcr (414)
Seat 3: Brigada67551 (486)
*** ANTE/BLINDS ***
MathisKcr posts small blind 20
Brigada67551 posts big blind 40
Dealt to MathisKcr [7c 7s]
*** PRE-FLOP *** 
MathisKcr raises 374 to 414 and is all-in
Brigada67551 folds
MathisKcr collected 454 from pot
*** SUMMARY ***
Total pot 454 | No rake
Seat 1: MathisKcr (small blind) (button) won 454


Winamax Poker - Tournament "Expresso Nitro" buyIn: 0.93€ + 0.07€ level: 3 - HandId: #4677128709994446849-14-1775123483 - Holdem no limit (20/40) - 2026/04/02 09:51:23 UTC
Table: 'Expresso Nitro(1088978888)#0' 3-max (real money) Seat #3 is the button
Seat 1: MathisKcr (454)
Seat 3: Brigada67551 (446)
*** ANTE/BLINDS ***
Brigada67551 posts small blind 20
MathisKcr posts big blind 40
Dealt to MathisKcr [Jc Qh]
*** PRE-FLOP *** 
Brigada67551 calls 20
MathisKcr raises 414 to 454 and is all-in
Brigada67551 folds
MathisKcr collected 494 from pot
*** SUMMARY ***
Total pot 494 | No rake
Seat 1: MathisKcr (big blind) won 494


Winamax Poker - Tournament "Expresso Nitro" buyIn: 0.93€ + 0.07€ level: 3 - HandId: #4677128709994446849-15-1775123490 - Holdem no limit (20/40) - 2026/04/02 09:51:30 UTC
Table: 'Expresso Nitro(1088978888)#0' 3-max (real money) Seat #1 is the button
Seat 1: MathisKcr (494)
Seat 3: Brigada67551 (406)
*** ANTE/BLINDS ***
MathisKcr posts small blind 20
Brigada67551 posts big blind 40
Dealt to MathisKcr [3h As]
*** PRE-FLOP *** 
MathisKcr raises 454 to 494 and is all-in
Brigada67551 folds
MathisKcr collected 534 from pot
*** SUMMARY ***
Total pot 534 | No rake
Seat 1: MathisKcr (small blind) (button) won 534


Winamax Poker - Tournament "Expresso Nitro" buyIn: 0.93€ + 0.07€ level: 3 - HandId: #4677128709994446849-16-1775123502 - Holdem no limit (20/40) - 2026/04/02 09:51:42 UTC
Table: 'Expresso Nitro(1088978888)#0' 3-max (real money) Seat #3 is the button
Seat 1: MathisKcr (534)
Seat 3: Brigada67551 (366)
*** ANTE/BLINDS ***
Brigada67551 posts small blind 20
MathisKcr posts big blind 40
Dealt to MathisKcr [Ac 4s]
*** PRE-FLOP *** 
Brigada67551 calls 20
MathisKcr raises 494 to 534 and is all-in
Brigada67551 calls 326 and is all-in
*** FLOP *** [4c 2h Qs]
*** TURN *** [4c 2h Qs][6c]
*** RIVER *** [4c 2h Qs 6c][5c]
*** SHOW DOWN ***
Brigada67551 shows [8h Kc] (High card : King)
MathisKcr shows [Ac 4s] (One pair : 4)
MathisKcr collected 900 from pot
*** SUMMARY ***
Total pot 900 | No rake
Board: [4c 2h Qs 6c 5c]
Seat 1: MathisKcr (big blind) showed [Ac 4s] and won 900 with One pair : 4
Seat 3: Brigada67551 (small blind) (button) showed [8h Kc] and lost with High card : King


