Winamax Poker - Tournament "Expresso Nitro" buyIn: 0.93€ + 0.07€ level: 1 - HandId: #4698425721943490561-1-1775913953 - Holdem no limit (10/20) - 2026/04/11 13:25:53 UTC
Table: 'Expresso Nitro(1093937485)#0' 3-max (real money) Seat #1 is the button
Seat 1: pelxo17 (300)
Seat 2: Marseille dz (300)
Seat 3: MathisKcr (300)
*** ANTE/BLINDS ***
Marseille dz posts small blind 10
MathisKcr posts big blind 20
Dealt to MathisKcr [5h 2h]
*** PRE-FLOP *** 
pelxo17 folds
Marseille dz calls 10
MathisKcr checks
*** FLOP *** [8d 7c Ts]
Marseille dz bets 40
MathisKcr folds
Marseille dz collected 80 from pot
*** SUMMARY ***
Total pot 80 | No rake
Board: [8d 7c Ts]
Seat 2: Marseille dz (small blind) won 80


Winamax Poker - Tournament "Expresso Nitro" buyIn: 0.93€ + 0.07€ level: 1 - HandId: #4698425721943490561-2-1775913970 - Holdem no limit (10/20) - 2026/04/11 13:26:10 UTC
Table: 'Expresso Nitro(1093937485)#0' 3-max (real money) Seat #2 is the button
Seat 1: pelxo17 (300)
Seat 2: Marseille dz (320)
Seat 3: MathisKcr (280)
*** ANTE/BLINDS ***
MathisKcr posts small blind 10
pelxo17 posts big blind 20
Dealt to MathisKcr [Td Jd]
*** PRE-FLOP *** 
Marseille dz calls 20
MathisKcr raises 260 to 280 and is all-in
pelxo17 folds
Marseille dz calls 260
*** FLOP *** [9d 8d Ac]
*** TURN *** [9d 8d Ac][Tc]
*** RIVER *** [9d 8d Ac Tc][2s]
*** SHOW DOWN ***
MathisKcr shows [Td Jd] (One pair : Tens)
Marseille dz shows [As 4s] (One pair : Aces)
Marseille dz collected 580 from pot
*** SUMMARY ***
Total pot 580 | No rake
Board: [9d 8d Ac Tc 2s]
Seat 2: Marseille dz (button) showed [As 4s] and won 580 with One pair : Aces
Seat 3: MathisKcr (small blind) showed [Td Jd] and lost with One pair : Tens


