Winamax Poker - Tournament "Expresso Nitro" buyIn: 0.93€ + 0.07€ level: 1 - HandId: #4605660325339987969-1-1772549657 - Holdem no limit (10/20) - 2026/03/03 14:54:17 UTC
Table: 'Expresso Nitro(1072338858)#0' 3-max (real money) Seat #1 is the button
Seat 1: damienportos (300)
Seat 2: MathisKcr (300)
Seat 3: MikeGlaiv (300)
*** ANTE/BLINDS ***
MathisKcr posts small blind 10
MikeGlaiv posts big blind 20
Dealt to MathisKcr [4h 3h]
*** PRE-FLOP *** 
damienportos folds
MathisKcr folds
MikeGlaiv collected 30 from pot
*** SUMMARY ***
Total pot 30 | No rake
Seat 3: MikeGlaiv (big blind) won 30


Winamax Poker - Tournament "Expresso Nitro" buyIn: 0.93€ + 0.07€ level: 1 - HandId: #4605660325339987969-2-1772549668 - Holdem no limit (10/20) - 2026/03/03 14:54:28 UTC
Table: 'Expresso Nitro(1072338858)#0' 3-max (real money) Seat #2 is the button
Seat 1: damienportos (300)
Seat 2: MathisKcr (290)
Seat 3: MikeGlaiv (310)
*** ANTE/BLINDS ***
MikeGlaiv posts small blind 10
damienportos posts big blind 20
Dealt to MathisKcr [Ks 5s]
*** PRE-FLOP *** 
MathisKcr raises 20 to 40
MikeGlaiv folds
damienportos folds
MathisKcr collected 70 from pot
*** SUMMARY ***
Total pot 70 | No rake
Seat 2: MathisKcr (button) won 70


Winamax Poker - Tournament "Expresso Nitro" buyIn: 0.93€ + 0.07€ level: 1 - HandId: #4605660325339987969-3-1772549680 - Holdem no limit (10/20) - 2026/03/03 14:54:40 UTC
Table: 'Expresso Nitro(1072338858)#0' 3-max (real money) Seat #3 is the button
Seat 1: damienportos (280)
Seat 2: MathisKcr (320)
Seat 3: MikeGlaiv (300)
*** ANTE/BLINDS ***
damienportos posts small blind 10
MathisKcr posts big blind 20
Dealt to MathisKcr [9s Ts]
*** PRE-FLOP *** 
MikeGlaiv calls 20
damienportos raises 260 to 280 and is all-in
MathisKcr folds
MikeGlaiv calls 260
*** FLOP *** [8s Th 6h]
*** TURN *** [8s Th 6h][Ks]
*** RIVER *** [8s Th 6h Ks][Qd]
*** SHOW DOWN ***
damienportos shows [3h 3d] (One pair : 3)
MikeGlaiv shows [Ad Js] (Straight Ace high)
MikeGlaiv collected 580 from pot
*** SUMMARY ***
Total pot 580 | No rake
Board: [8s Th 6h Ks Qd]
Seat 1: damienportos (small blind) showed [3h 3d] and lost with One pair : 3
Seat 3: MikeGlaiv (button) showed [Ad Js] and won 580 with Straight Ace high


Winamax Poker - Tournament "Expresso Nitro" buyIn: 0.93€ + 0.07€ level: 1 - HandId: #4605660325339987969-4-1772549701 - Holdem no limit (10/20) - 2026/03/03 14:55:01 UTC
Table: 'Expresso Nitro(1072338858)#0' 3-max (real money) Seat #2 is the button
Seat 2: MathisKcr (300)
Seat 3: MikeGlaiv (600)
*** ANTE/BLINDS ***
MathisKcr posts small blind 10
MikeGlaiv posts big blind 20
Dealt to MathisKcr [3c 6d]
*** PRE-FLOP *** 
MathisKcr folds
MikeGlaiv collected 30 from pot
*** SUMMARY ***
Total pot 30 | No rake
Seat 3: MikeGlaiv (big blind) won 30


Winamax Poker - Tournament "Expresso Nitro" buyIn: 0.93€ + 0.07€ level: 1 - HandId: #4605660325339987969-5-1772549705 - Holdem no limit (10/20) - 2026/03/03 14:55:05 UTC
Table: 'Expresso Nitro(1072338858)#0' 3-max (real money) Seat #3 is the button
Seat 2: MathisKcr (290)
Seat 3: MikeGlaiv (610)
*** ANTE/BLINDS ***
MikeGlaiv posts small blind 10
MathisKcr posts big blind 20
Dealt to MathisKcr [Ks 3h]
*** PRE-FLOP *** 
MikeGlaiv raises 590 to 610 and is all-in
MathisKcr folds
MikeGlaiv collected 630 from pot
*** SUMMARY ***
Total pot 630 | No rake
Seat 3: MikeGlaiv (small blind) (button) won 630


Winamax Poker - Tournament "Expresso Nitro" buyIn: 0.93€ + 0.07€ level: 2 - HandId: #4605660325339987969-6-1772549715 - Holdem no limit (15/30) - 2026/03/03 14:55:15 UTC
Table: 'Expresso Nitro(1072338858)#0' 3-max (real money) Seat #2 is the button
Seat 2: MathisKcr (270)
Seat 3: MikeGlaiv (630)
*** ANTE/BLINDS ***
MathisKcr posts small blind 15
MikeGlaiv posts big blind 30
Dealt to MathisKcr [3s Jh]
*** PRE-FLOP *** 
MathisKcr raises 30 to 60
MikeGlaiv calls 30
*** FLOP *** [Qh 9d Ks]
MikeGlaiv checks
MathisKcr checks
*** TURN *** [Qh 9d Ks][Kh]
MikeGlaiv checks
MathisKcr checks
*** RIVER *** [Qh 9d Ks Kh][7c]
MikeGlaiv bets 570 and is all-in
MathisKcr folds
MikeGlaiv collected 690 from pot
*** SUMMARY ***
Total pot 690 | No rake
Board: [Qh 9d Ks Kh 7c]
Seat 3: MikeGlaiv (big blind) won 690


Winamax Poker - Tournament "Expresso Nitro" buyIn: 0.93€ + 0.07€ level: 2 - HandId: #4605660325339987969-7-1772549733 - Holdem no limit (15/30) - 2026/03/03 14:55:33 UTC
Table: 'Expresso Nitro(1072338858)#0' 3-max (real money) Seat #3 is the button
Seat 2: MathisKcr (210)
Seat 3: MikeGlaiv (690)
*** ANTE/BLINDS ***
MikeGlaiv posts small blind 15
MathisKcr posts big blind 30
Dealt to MathisKcr [8c Th]
*** PRE-FLOP *** 
MikeGlaiv calls 15
MathisKcr checks
*** FLOP *** [5s 9s Jh]
MathisKcr bets 180 and is all-in
MikeGlaiv folds
MathisKcr collected 240 from pot
*** SUMMARY ***
Total pot 240 | No rake
Board: [5s 9s Jh]
Seat 2: MathisKcr (big blind) won 240


Winamax Poker - Tournament "Expresso Nitro" buyIn: 0.93€ + 0.07€ level: 2 - HandId: #4605660325339987969-8-1772549749 - Holdem no limit (15/30) - 2026/03/03 14:55:49 UTC
Table: 'Expresso Nitro(1072338858)#0' 3-max (real money) Seat #2 is the button
Seat 2: MathisKcr (240)
Seat 3: MikeGlaiv (660)
*** ANTE/BLINDS ***
MathisKcr posts small blind 15
MikeGlaiv posts big blind 30
Dealt to MathisKcr [Qd 3c]
*** PRE-FLOP *** 
MathisKcr raises 30 to 60
MikeGlaiv folds
MathisKcr collected 90 from pot
*** SUMMARY ***
Total pot 90 | No rake
Seat 2: MathisKcr (small blind) (button) won 90


Winamax Poker - Tournament "Expresso Nitro" buyIn: 0.93€ + 0.07€ level: 2 - HandId: #4605660325339987969-9-1772549774 - Holdem no limit (15/30) - 2026/03/03 14:56:14 UTC
Table: 'Expresso Nitro(1072338858)#0' 3-max (real money) Seat #3 is the button
Seat 2: MathisKcr (270)
Seat 3: MikeGlaiv (630)
*** ANTE/BLINDS ***
MikeGlaiv posts small blind 15
MathisKcr posts big blind 30
Dealt to MathisKcr [4d As]
*** PRE-FLOP *** 
MikeGlaiv raises 60 to 90
MathisKcr raises 180 to 270 and is all-in
MikeGlaiv calls 180
*** FLOP *** [2d 5s 3s]
*** TURN *** [2d 5s 3s][Jd]
*** RIVER *** [2d 5s 3s Jd][9c]
*** SHOW DOWN ***
MikeGlaiv shows [Qc Th] (High card : Queen)
MathisKcr shows [4d As] (Straight 5 high)
MathisKcr collected 540 from pot
*** SUMMARY ***
Total pot 540 | No rake
Board: [2d 5s 3s Jd 9c]
Seat 2: MathisKcr (big blind) showed [4d As] and won 540 with Straight 5 high
Seat 3: MikeGlaiv (small blind) (button) showed [Qc Th] and lost with High card : Queen


Winamax Poker - Tournament "Expresso Nitro" buyIn: 0.93€ + 0.07€ level: 3 - HandId: #4605660325339987969-10-1772549792 - Holdem no limit (20/40) - 2026/03/03 14:56:32 UTC
Table: 'Expresso Nitro(1072338858)#0' 3-max (real money) Seat #2 is the button
Seat 2: MathisKcr (540)
Seat 3: MikeGlaiv (360)
*** ANTE/BLINDS ***
MathisKcr posts small blind 20
MikeGlaiv posts big blind 40
Dealt to MathisKcr [8c 5h]
*** PRE-FLOP *** 
MathisKcr folds
MikeGlaiv collected 60 from pot
*** SUMMARY ***
Total pot 60 | No rake
Seat 3: MikeGlaiv (big blind) won 60


Winamax Poker - Tournament "Expresso Nitro" buyIn: 0.93€ + 0.07€ level: 3 - HandId: #4605660325339987969-11-1772549797 - Holdem no limit (20/40) - 2026/03/03 14:56:37 UTC
Table: 'Expresso Nitro(1072338858)#0' 3-max (real money) Seat #3 is the button
Seat 2: MathisKcr (520)
Seat 3: MikeGlaiv (380)
*** ANTE/BLINDS ***
MikeGlaiv posts small blind 20
MathisKcr posts big blind 40
Dealt to MathisKcr [Ac Tc]
*** PRE-FLOP *** 
MikeGlaiv folds
MathisKcr collected 60 from pot
*** SUMMARY ***
Total pot 60 | No rake
Seat 2: MathisKcr (big blind) won 60


Winamax Poker - Tournament "Expresso Nitro" buyIn: 0.93€ + 0.07€ level: 3 - HandId: #4605660325339987969-12-1772549825 - Holdem no limit (20/40) - 2026/03/03 14:57:05 UTC
Table: 'Expresso Nitro(1072338858)#0' 3-max (real money) Seat #2 is the button
Seat 2: MathisKcr (540)
Seat 3: MikeGlaiv (360)
*** ANTE/BLINDS ***
MathisKcr posts small blind 20
MikeGlaiv posts big blind 40
Dealt to MathisKcr [As 3d]
*** PRE-FLOP *** 
MathisKcr raises 500 to 540 and is all-in
MikeGlaiv calls 320 and is all-in
*** FLOP *** [Jd Kh Qs]
*** TURN *** [Jd Kh Qs][9d]
*** RIVER *** [Jd Kh Qs 9d][5d]
*** SHOW DOWN ***
MathisKcr shows [As 3d] (High card : Ace)
MikeGlaiv shows [9c Td] (Straight King high)
MikeGlaiv collected 720 from main pot
MathisKcr collected 180 from side pot 1
*** SUMMARY ***
Total pot 900 | No rake
Board: [Jd Kh Qs 9d 5d]
Seat 2: MathisKcr (small blind) (button) showed [As 3d] and won 180 with High card : Ace
Seat 3: MikeGlaiv (big blind) showed [9c Td] and won 720 with Straight King high


Winamax Poker - Tournament "Expresso Nitro" buyIn: 0.93€ + 0.07€ level: 4 - HandId: #4605660325339987969-13-1772549837 - Holdem no limit (30/60) - 2026/03/03 14:57:17 UTC
Table: 'Expresso Nitro(1072338858)#0' 3-max (real money) Seat #3 is the button
Seat 2: MathisKcr (180)
Seat 3: MikeGlaiv (720)
*** ANTE/BLINDS ***
MikeGlaiv posts small blind 30
MathisKcr posts big blind 60
Dealt to MathisKcr [Th 6h]
*** PRE-FLOP *** 
MikeGlaiv raises 660 to 720 and is all-in
MathisKcr folds
MikeGlaiv collected 780 from pot
*** SUMMARY ***
Total pot 780 | No rake
Seat 3: MikeGlaiv (small blind) (button) won 780


Winamax Poker - Tournament "Expresso Nitro" buyIn: 0.93€ + 0.07€ level: 4 - HandId: #4605660325339987969-14-1772549852 - Holdem no limit (30/60) - 2026/03/03 14:57:32 UTC
Table: 'Expresso Nitro(1072338858)#0' 3-max (real money) Seat #2 is the button
Seat 2: MathisKcr (120)
Seat 3: MikeGlaiv (780)
*** ANTE/BLINDS ***
MathisKcr posts small blind 30
MikeGlaiv posts big blind 60
Dealt to MathisKcr [Qh 7c]
*** PRE-FLOP *** 
MathisKcr raises 60 to 120 and is all-in
MikeGlaiv folds
MathisKcr collected 180 from pot
*** SUMMARY ***
Total pot 180 | No rake
Seat 2: MathisKcr (small blind) (button) won 180


Winamax Poker - Tournament "Expresso Nitro" buyIn: 0.93€ + 0.07€ level: 4 - HandId: #4605660325339987969-15-1772549868 - Holdem no limit (30/60) - 2026/03/03 14:57:48 UTC
Table: 'Expresso Nitro(1072338858)#0' 3-max (real money) Seat #3 is the button
Seat 2: MathisKcr (180)
Seat 3: MikeGlaiv (720)
*** ANTE/BLINDS ***
MikeGlaiv posts small blind 30
MathisKcr posts big blind 60
Dealt to MathisKcr [Ad 8s]
*** PRE-FLOP *** 
MikeGlaiv raises 660 to 720 and is all-in
MathisKcr calls 120 and is all-in
*** FLOP *** [6c Qs 2d]
*** TURN *** [6c Qs 2d][3s]
*** RIVER *** [6c Qs 2d 3s][4d]
*** SHOW DOWN ***
MathisKcr shows [Ad 8s] (High card : Ace)
MikeGlaiv shows [6h Qd] (Two pairs : Queens and 6)
MikeGlaiv collected 900 from pot
*** SUMMARY ***
Total pot 900 | No rake
Board: [6c Qs 2d 3s 4d]
Seat 2: MathisKcr (big blind) showed [Ad 8s] and lost with High card : Ace
Seat 3: MikeGlaiv (small blind) (button) showed [6h Qd] and won 900 with Two pairs : Queens and 6


