Winamax Poker - Tournament "Expresso Nitro" buyIn: 0.93€ + 0.07€ level: 1 - HandId: #4664200205598457857-1-1774622759 - Holdem no limit (10/20) - 2026/03/27 14:45:59 UTC
Table: 'Expresso Nitro(1085968736)#0' 3-max (real money) Seat #2 is the button
Seat 1: full-max666 (300)
Seat 2: MathisKcr (300)
Seat 3: cm1972 (300)
*** ANTE/BLINDS ***
cm1972 posts small blind 10
full-max666 posts big blind 20
Dealt to MathisKcr [8h Ac]
*** PRE-FLOP *** 
MathisKcr raises 20 to 40
cm1972 raises 60 to 100
full-max666 folds
MathisKcr calls 60
*** FLOP *** [3d 5c 2c]
cm1972 bets 200 and is all-in
MathisKcr folds
cm1972 collected 420 from pot
*** SUMMARY ***
Total pot 420 | No rake
Board: [3d 5c 2c]
Seat 3: cm1972 (small blind) won 420


Winamax Poker - Tournament "Expresso Nitro" buyIn: 0.93€ + 0.07€ level: 1 - HandId: #4664200205598457857-2-1774622780 - Holdem no limit (10/20) - 2026/03/27 14:46:20 UTC
Table: 'Expresso Nitro(1085968736)#0' 3-max (real money) Seat #3 is the button
Seat 1: full-max666 (280)
Seat 2: MathisKcr (200)
Seat 3: cm1972 (420)
*** ANTE/BLINDS ***
full-max666 posts small blind 10
MathisKcr posts big blind 20
Dealt to MathisKcr [Td 2s]
*** PRE-FLOP *** 
cm1972 raises 20 to 40
full-max666 raises 240 to 280 and is all-in
MathisKcr folds
cm1972 calls 240
*** FLOP *** [4h 8d 9s]
*** TURN *** [4h 8d 9s][Ah]
*** RIVER *** [4h 8d 9s Ah][Th]
*** SHOW DOWN ***
full-max666 shows [4s 7h] (One pair : 4)
cm1972 shows [8s Kd] (One pair : 8)
cm1972 collected 580 from pot
*** SUMMARY ***
Total pot 580 | No rake
Board: [4h 8d 9s Ah Th]
Seat 1: full-max666 (small blind) showed [4s 7h] and lost with One pair : 4
Seat 3: cm1972 (button) showed [8s Kd] and won 580 with One pair : 8


Winamax Poker - Tournament "Expresso Nitro" buyIn: 0.93€ + 0.07€ level: 1 - HandId: #4664200205598457857-3-1774622794 - Holdem no limit (10/20) - 2026/03/27 14:46:34 UTC
Table: 'Expresso Nitro(1085968736)#0' 3-max (real money) Seat #2 is the button
Seat 2: MathisKcr (180)
Seat 3: cm1972 (720)
*** ANTE/BLINDS ***
MathisKcr posts small blind 10
cm1972 posts big blind 20
Dealt to MathisKcr [8h 7c]
*** PRE-FLOP *** 
MathisKcr folds
cm1972 collected 30 from pot
*** SUMMARY ***
Total pot 30 | No rake
Seat 3: cm1972 (big blind) won 30


Winamax Poker - Tournament "Expresso Nitro" buyIn: 0.93€ + 0.07€ level: 1 - HandId: #4664200205598457857-4-1774622800 - Holdem no limit (10/20) - 2026/03/27 14:46:40 UTC
Table: 'Expresso Nitro(1085968736)#0' 3-max (real money) Seat #3 is the button
Seat 2: MathisKcr (170)
Seat 3: cm1972 (730)
*** ANTE/BLINDS ***
cm1972 posts small blind 10
MathisKcr posts big blind 20
Dealt to MathisKcr [2s Qd]
*** PRE-FLOP *** 
cm1972 raises 710 to 730 and is all-in
MathisKcr folds
cm1972 collected 750 from pot
*** SUMMARY ***
Total pot 750 | No rake
Seat 3: cm1972 (small blind) (button) won 750


Winamax Poker - Tournament "Expresso Nitro" buyIn: 0.93€ + 0.07€ level: 1 - HandId: #4664200205598457857-5-1774622806 - Holdem no limit (10/20) - 2026/03/27 14:46:46 UTC
Table: 'Expresso Nitro(1085968736)#0' 3-max (real money) Seat #2 is the button
Seat 2: MathisKcr (150)
Seat 3: cm1972 (750)
*** ANTE/BLINDS ***
MathisKcr posts small blind 10
cm1972 posts big blind 20
Dealt to MathisKcr [2c 7h]
*** PRE-FLOP *** 
MathisKcr folds
cm1972 collected 30 from pot
*** SUMMARY ***
Total pot 30 | No rake
Seat 3: cm1972 (big blind) won 30


Winamax Poker - Tournament "Expresso Nitro" buyIn: 0.93€ + 0.07€ level: 1 - HandId: #4664200205598457857-6-1774622810 - Holdem no limit (10/20) - 2026/03/27 14:46:50 UTC
Table: 'Expresso Nitro(1085968736)#0' 3-max (real money) Seat #3 is the button
Seat 2: MathisKcr (140)
Seat 3: cm1972 (760)
*** ANTE/BLINDS ***
cm1972 posts small blind 10
MathisKcr posts big blind 20
Dealt to MathisKcr [Qh 6c]
*** PRE-FLOP *** 
cm1972 raises 30 to 50
MathisKcr raises 90 to 140 and is all-in
cm1972 calls 90
*** FLOP *** [5s 9c Ks]
*** TURN *** [5s 9c Ks][6h]
*** RIVER *** [5s 9c Ks 6h][Jd]
*** SHOW DOWN ***
cm1972 shows [5h Th] (One pair : 5)
MathisKcr shows [Qh 6c] (One pair : 6)
MathisKcr collected 280 from pot
*** SUMMARY ***
Total pot 280 | No rake
Board: [5s 9c Ks 6h Jd]
Seat 2: MathisKcr (big blind) showed [Qh 6c] and won 280 with One pair : 6
Seat 3: cm1972 (small blind) (button) showed [5h Th] and lost with One pair : 5


Winamax Poker - Tournament "Expresso Nitro" buyIn: 0.93€ + 0.07€ level: 2 - HandId: #4664200205598457857-7-1774622824 - Holdem no limit (15/30) - 2026/03/27 14:47:04 UTC
Table: 'Expresso Nitro(1085968736)#0' 3-max (real money) Seat #2 is the button
Seat 2: MathisKcr (280)
Seat 3: cm1972 (620)
*** ANTE/BLINDS ***
MathisKcr posts small blind 15
cm1972 posts big blind 30
Dealt to MathisKcr [Jd 3c]
*** PRE-FLOP *** 
MathisKcr raises 250 to 280 and is all-in
cm1972 calls 250
*** FLOP *** [4s 9c 2d]
*** TURN *** [4s 9c 2d][Qs]
*** RIVER *** [4s 9c 2d Qs][8s]
*** SHOW DOWN ***
MathisKcr shows [Jd 3c] (High card : Queen)
cm1972 shows [5c 4c] (One pair : 4)
cm1972 collected 560 from pot
*** SUMMARY ***
Total pot 560 | No rake
Board: [4s 9c 2d Qs 8s]
Seat 2: MathisKcr (small blind) (button) showed [Jd 3c] and lost with High card : Queen
Seat 3: cm1972 (big blind) showed [5c 4c] and won 560 with One pair : 4


