Winamax Poker - Tournament "Expresso Nitro" buyIn: 0.93€ + 0.07€ level: 1 - HandId: #4599402308881612801-1-1772302105 - Holdem no limit (10/20) - 2026/02/28 18:08:25 UTC
Table: 'Expresso Nitro(1070881800)#0' 3-max (real money) Seat #2 is the button
Seat 1: Jiims78 (300)
Seat 2: Paco0507. (300)
Seat 3: MathisKcr (300)
*** ANTE/BLINDS ***
MathisKcr posts small blind 10
Jiims78 posts big blind 20
Dealt to MathisKcr [2s Jh]
*** PRE-FLOP *** 
Paco0507. calls 20
MathisKcr calls 10
Jiims78 checks
*** FLOP *** [Qd As 6s]
MathisKcr checks
Jiims78 checks
Paco0507. checks
*** TURN *** [Qd As 6s][6c]
MathisKcr checks
Jiims78 checks
Paco0507. bets 20
MathisKcr folds
Jiims78 folds
Paco0507. collected 80 from pot
*** SUMMARY ***
Total pot 80 | No rake
Board: [Qd As 6s 6c]
Seat 2: Paco0507. (button) won 80


Winamax Poker - Tournament "Expresso Nitro" buyIn: 0.93€ + 0.07€ level: 1 - HandId: #4599402308881612801-2-1772302133 - Holdem no limit (10/20) - 2026/02/28 18:08:53 UTC
Table: 'Expresso Nitro(1070881800)#0' 3-max (real money) Seat #3 is the button
Seat 1: Jiims78 (280)
Seat 2: Paco0507. (340)
Seat 3: MathisKcr (280)
*** ANTE/BLINDS ***
Jiims78 posts small blind 10
Paco0507. posts big blind 20
Dealt to MathisKcr [Ah Th]
*** PRE-FLOP *** 
MathisKcr raises 20 to 40
Jiims78 folds
Paco0507. calls 20
*** FLOP *** [8d 7s 6c]
Paco0507. checks
MathisKcr bets 40
Paco0507. calls 40
*** TURN *** [8d 7s 6c][5d]
Paco0507. bets 59
MathisKcr folds
Paco0507. collected 229 from pot
*** SUMMARY ***
Total pot 229 | No rake
Board: [8d 7s 6c 5d]
Seat 2: Paco0507. (big blind) won 229


Winamax Poker - Tournament "Expresso Nitro" buyIn: 0.93€ + 0.07€ level: 1 - HandId: #4599402308881612801-3-1772302155 - Holdem no limit (10/20) - 2026/02/28 18:09:15 UTC
Table: 'Expresso Nitro(1070881800)#0' 3-max (real money) Seat #1 is the button
Seat 1: Jiims78 (270)
Seat 2: Paco0507. (430)
Seat 3: MathisKcr (200)
*** ANTE/BLINDS ***
Paco0507. posts small blind 10
MathisKcr posts big blind 20
Dealt to MathisKcr [Kh 4h]
*** PRE-FLOP *** 
Jiims78 calls 20
Paco0507. calls 10
MathisKcr checks
*** FLOP *** [6d 4d 8d]
Paco0507. checks
MathisKcr bets 21
Jiims78 folds
Paco0507. calls 21
*** TURN *** [6d 4d 8d][9h]
Paco0507. checks
MathisKcr checks
*** RIVER *** [6d 4d 8d 9h][2h]
Paco0507. bets 20
MathisKcr calls 20
*** SHOW DOWN ***
MathisKcr shows [Kh 4h] (One pair : 4)
Paco0507. shows [7s 8c] (One pair : 8)
Paco0507. collected 142 from pot
*** SUMMARY ***
Total pot 142 | No rake
Board: [6d 4d 8d 9h 2h]
Seat 2: Paco0507. (small blind) showed [7s 8c] and won 142 with One pair : 8
Seat 3: MathisKcr (big blind) showed [Kh 4h] and lost with One pair : 4


Winamax Poker - Tournament "Expresso Nitro" buyIn: 0.93€ + 0.07€ level: 2 - HandId: #4599402308881612801-4-1772302189 - Holdem no limit (15/30) - 2026/02/28 18:09:49 UTC
Table: 'Expresso Nitro(1070881800)#0' 3-max (real money) Seat #2 is the button
Seat 1: Jiims78 (250)
Seat 2: Paco0507. (511)
Seat 3: MathisKcr (139)
*** ANTE/BLINDS ***
MathisKcr posts small blind 15
Jiims78 posts big blind 30
Dealt to MathisKcr [3s Jh]
*** PRE-FLOP *** 
Paco0507. folds
MathisKcr raises 30 to 60
Jiims78 folds
MathisKcr collected 90 from pot
*** SUMMARY ***
Total pot 90 | No rake
Seat 3: MathisKcr (small blind) won 90


Winamax Poker - Tournament "Expresso Nitro" buyIn: 0.93€ + 0.07€ level: 2 - HandId: #4599402308881612801-5-1772302200 - Holdem no limit (15/30) - 2026/02/28 18:10:00 UTC
Table: 'Expresso Nitro(1070881800)#0' 3-max (real money) Seat #3 is the button
Seat 1: Jiims78 (220)
Seat 2: Paco0507. (511)
Seat 3: MathisKcr (169)
*** ANTE/BLINDS ***
Jiims78 posts small blind 15
Paco0507. posts big blind 30
Dealt to MathisKcr [5d 3d]
*** PRE-FLOP *** 
MathisKcr folds
Jiims78 calls 15
Paco0507. checks
*** FLOP *** [4d 2s Tc]
Jiims78 checks
Paco0507. checks
*** TURN *** [4d 2s Tc][8d]
Jiims78 checks
Paco0507. bets 30
Jiims78 folds
Paco0507. collected 90 from pot
*** SUMMARY ***
Total pot 90 | No rake
Board: [4d 2s Tc 8d]
Seat 2: Paco0507. (big blind) won 90


Winamax Poker - Tournament "Expresso Nitro" buyIn: 0.93€ + 0.07€ level: 2 - HandId: #4599402308881612801-6-1772302218 - Holdem no limit (15/30) - 2026/02/28 18:10:18 UTC
Table: 'Expresso Nitro(1070881800)#0' 3-max (real money) Seat #1 is the button
Seat 1: Jiims78 (190)
Seat 2: Paco0507. (541)
Seat 3: MathisKcr (169)
*** ANTE/BLINDS ***
Paco0507. posts small blind 15
MathisKcr posts big blind 30
Dealt to MathisKcr [6c 3h]
*** PRE-FLOP *** 
Jiims78 folds
Paco0507. folds
MathisKcr collected 45 from pot
*** SUMMARY ***
Total pot 45 | No rake
Seat 3: MathisKcr (big blind) won 45


Winamax Poker - Tournament "Expresso Nitro" buyIn: 0.93€ + 0.07€ level: 3 - HandId: #4599402308881612801-7-1772302227 - Holdem no limit (20/40) - 2026/02/28 18:10:27 UTC
Table: 'Expresso Nitro(1070881800)#0' 3-max (real money) Seat #2 is the button
Seat 1: Jiims78 (190)
Seat 2: Paco0507. (526)
Seat 3: MathisKcr (184)
*** ANTE/BLINDS ***
MathisKcr posts small blind 20
Jiims78 posts big blind 40
Dealt to MathisKcr [Kc 8h]
*** PRE-FLOP *** 
Paco0507. folds
MathisKcr raises 40 to 80
Jiims78 folds
MathisKcr collected 120 from pot
*** SUMMARY ***
Total pot 120 | No rake
Seat 3: MathisKcr (small blind) won 120


Winamax Poker - Tournament "Expresso Nitro" buyIn: 0.93€ + 0.07€ level: 3 - HandId: #4599402308881612801-8-1772302242 - Holdem no limit (20/40) - 2026/02/28 18:10:42 UTC
Table: 'Expresso Nitro(1070881800)#0' 3-max (real money) Seat #3 is the button
Seat 1: Jiims78 (150)
Seat 2: Paco0507. (526)
Seat 3: MathisKcr (224)
*** ANTE/BLINDS ***
Jiims78 posts small blind 20
Paco0507. posts big blind 40
Dealt to MathisKcr [2d 5h]
*** PRE-FLOP *** 
MathisKcr folds
Jiims78 folds
Paco0507. collected 60 from pot
*** SUMMARY ***
Total pot 60 | No rake
Seat 2: Paco0507. (big blind) won 60


Winamax Poker - Tournament "Expresso Nitro" buyIn: 0.93€ + 0.07€ level: 3 - HandId: #4599402308881612801-9-1772302249 - Holdem no limit (20/40) - 2026/02/28 18:10:49 UTC
Table: 'Expresso Nitro(1070881800)#0' 3-max (real money) Seat #1 is the button
Seat 1: Jiims78 (130)
Seat 2: Paco0507. (546)
Seat 3: MathisKcr (224)
*** ANTE/BLINDS ***
Paco0507. posts small blind 20
MathisKcr posts big blind 40
Dealt to MathisKcr [Kd 5s]
*** PRE-FLOP *** 
Jiims78 raises 90 to 130 and is all-in
Paco0507. calls 110
MathisKcr calls 90
*** FLOP *** [9h 6d Tc]
Paco0507. checks
MathisKcr bets 94 and is all-in
Paco0507. folds
*** TURN *** [9h 6d Tc][Jc]
*** RIVER *** [9h 6d Tc Jc][8d]
*** SHOW DOWN ***
Jiims78 shows [Js 3c] (One pair : Jacks)
MathisKcr shows [Kd 5s] (High card : King)
MathisKcr collected 94 from side pot 1
Jiims78 collected 390 from main pot
*** SUMMARY ***
Total pot 484 | No rake
Board: [9h 6d Tc Jc 8d]
Seat 1: Jiims78 (button) showed [Js 3c] and won 390 with One pair : Jacks
Seat 3: MathisKcr (big blind) showed [Kd 5s] and won 94 with High card : King


Winamax Poker - Tournament "Expresso Nitro" buyIn: 0.93€ + 0.07€ level: 3 - HandId: #4599402308881612801-10-1772302272 - Holdem no limit (20/40) - 2026/02/28 18:11:12 UTC
Table: 'Expresso Nitro(1070881800)#0' 3-max (real money) Seat #2 is the button
Seat 1: Jiims78 (390)
Seat 2: Paco0507. (416)
Seat 3: MathisKcr (94)
*** ANTE/BLINDS ***
MathisKcr posts small blind 20
Jiims78 posts big blind 40
Dealt to MathisKcr [Ac Ks]
*** PRE-FLOP *** 
Paco0507. folds
MathisKcr raises 54 to 94 and is all-in
Jiims78 folds
MathisKcr collected 134 from pot
*** SUMMARY ***
Total pot 134 | No rake
Seat 3: MathisKcr (small blind) won 134


Winamax Poker - Tournament "Expresso Nitro" buyIn: 0.93€ + 0.07€ level: 4 - HandId: #4599402308881612801-11-1772302286 - Holdem no limit (30/60) - 2026/02/28 18:11:26 UTC
Table: 'Expresso Nitro(1070881800)#0' 3-max (real money) Seat #3 is the button
Seat 1: Jiims78 (350)
Seat 2: Paco0507. (416)
Seat 3: MathisKcr (134)
*** ANTE/BLINDS ***
Jiims78 posts small blind 30
Paco0507. posts big blind 60
Dealt to MathisKcr [8c 5h]
*** PRE-FLOP *** 
MathisKcr folds
Jiims78 folds
Paco0507. collected 90 from pot
*** SUMMARY ***
Total pot 90 | No rake
Seat 2: Paco0507. (big blind) won 90


Winamax Poker - Tournament "Expresso Nitro" buyIn: 0.93€ + 0.07€ level: 4 - HandId: #4599402308881612801-12-1772302295 - Holdem no limit (30/60) - 2026/02/28 18:11:35 UTC
Table: 'Expresso Nitro(1070881800)#0' 3-max (real money) Seat #1 is the button
Seat 1: Jiims78 (320)
Seat 2: Paco0507. (446)
Seat 3: MathisKcr (134)
*** ANTE/BLINDS ***
Paco0507. posts small blind 30
MathisKcr posts big blind 60
Dealt to MathisKcr [7c Qc]
*** PRE-FLOP *** 
Jiims78 folds
Paco0507. folds
MathisKcr collected 90 from pot
*** SUMMARY ***
Total pot 90 | No rake
Seat 3: MathisKcr (big blind) won 90


Winamax Poker - Tournament "Expresso Nitro" buyIn: 0.93€ + 0.07€ level: 4 - HandId: #4599402308881612801-13-1772302303 - Holdem no limit (30/60) - 2026/02/28 18:11:43 UTC
Table: 'Expresso Nitro(1070881800)#0' 3-max (real money) Seat #2 is the button
Seat 1: Jiims78 (320)
Seat 2: Paco0507. (416)
Seat 3: MathisKcr (164)
*** ANTE/BLINDS ***
MathisKcr posts small blind 30
Jiims78 posts big blind 60
Dealt to MathisKcr [2h 8s]
*** PRE-FLOP *** 
Paco0507. calls 60
MathisKcr folds
Jiims78 raises 260 to 320 and is all-in
Paco0507. calls 260
*** FLOP *** [3h Jc 2d]
*** TURN *** [3h Jc 2d][7s]
*** RIVER *** [3h Jc 2d 7s][4h]
*** SHOW DOWN ***
Jiims78 shows [Td Th] (One pair : Tens)
Paco0507. shows [Ah Ad] (One pair : Aces)
Paco0507. collected 670 from pot
*** SUMMARY ***
Total pot 670 | No rake
Board: [3h Jc 2d 7s 4h]
Seat 1: Jiims78 (big blind) showed [Td Th] and lost with One pair : Tens
Seat 2: Paco0507. (button) showed [Ah Ad] and won 670 with One pair : Aces


Winamax Poker - Tournament "Expresso Nitro" buyIn: 0.93€ + 0.07€ level: 4 - HandId: #4599402308881612801-14-1772302319 - Holdem no limit (30/60) - 2026/02/28 18:11:59 UTC
Table: 'Expresso Nitro(1070881800)#0' 3-max (real money) Seat #2 is the button
Seat 2: Paco0507. (766)
Seat 3: MathisKcr (134)
*** ANTE/BLINDS ***
Paco0507. posts small blind 30
MathisKcr posts big blind 60
Dealt to MathisKcr [3d 7d]
*** PRE-FLOP *** 
Paco0507. calls 30
MathisKcr checks
*** FLOP *** [6c Qs 4h]
MathisKcr bets 74 and is all-in
Paco0507. calls 74
*** TURN *** [6c Qs 4h][7h]
*** RIVER *** [6c Qs 4h 7h][Jc]
*** SHOW DOWN ***
Paco0507. shows [Kd Ts] (High card : King)
MathisKcr shows [3d 7d] (One pair : 7)
MathisKcr collected 268 from pot
*** SUMMARY ***
Total pot 268 | No rake
Board: [6c Qs 4h 7h Jc]
Seat 2: Paco0507. (small blind) (button) showed [Kd Ts] and lost with High card : King
Seat 3: MathisKcr (big blind) showed [3d 7d] and won 268 with One pair : 7


Winamax Poker - Tournament "Expresso Nitro" buyIn: 0.93€ + 0.07€ level: 4 - HandId: #4599402308881612801-15-1772302337 - Holdem no limit (30/60) - 2026/02/28 18:12:17 UTC
Table: 'Expresso Nitro(1070881800)#0' 3-max (real money) Seat #3 is the button
Seat 2: Paco0507. (632)
Seat 3: MathisKcr (268)
*** ANTE/BLINDS ***
MathisKcr posts small blind 30
Paco0507. posts big blind 60
Dealt to MathisKcr [Js Jd]
*** PRE-FLOP *** 
MathisKcr raises 60 to 120
Paco0507. calls 60
*** FLOP *** [Qh 9c 5d]
Paco0507. checks
MathisKcr bets 148 and is all-in
Paco0507. folds
MathisKcr collected 388 from pot
*** SUMMARY ***
Total pot 388 | No rake
Board: [Qh 9c 5d]
Seat 3: MathisKcr (small blind) (button) won 388


Winamax Poker - Tournament "Expresso Nitro" buyIn: 0.93€ + 0.07€ level: 5 - HandId: #4599402308881612801-16-1772302352 - Holdem no limit (40/80) - 2026/02/28 18:12:32 UTC
Table: 'Expresso Nitro(1070881800)#0' 3-max (real money) Seat #2 is the button
Seat 2: Paco0507. (512)
Seat 3: MathisKcr (388)
*** ANTE/BLINDS ***
Paco0507. posts small blind 40
MathisKcr posts big blind 80
Dealt to MathisKcr [7c As]
*** PRE-FLOP *** 
Paco0507. folds
MathisKcr collected 120 from pot
*** SUMMARY ***
Total pot 120 | No rake
Seat 3: MathisKcr (big blind) won 120


Winamax Poker - Tournament "Expresso Nitro" buyIn: 0.93€ + 0.07€ level: 5 - HandId: #4599402308881612801-17-1772302360 - Holdem no limit (40/80) - 2026/02/28 18:12:40 UTC
Table: 'Expresso Nitro(1070881800)#0' 3-max (real money) Seat #3 is the button
Seat 2: Paco0507. (472)
Seat 3: MathisKcr (428)
*** ANTE/BLINDS ***
MathisKcr posts small blind 40
Paco0507. posts big blind 80
Dealt to MathisKcr [Qs 7h]
*** PRE-FLOP *** 
MathisKcr raises 80 to 160
Paco0507. calls 80
*** FLOP *** [Jh 7c Kh]
Paco0507. checks
MathisKcr bets 268 and is all-in
Paco0507. calls 268
*** TURN *** [Jh 7c Kh][9d]
*** RIVER *** [Jh 7c Kh 9d][6h]
*** SHOW DOWN ***
Paco0507. shows [5d Qd] (High card : King)
MathisKcr shows [Qs 7h] (One pair : 7)
MathisKcr collected 856 from pot
*** SUMMARY ***
Total pot 856 | No rake
Board: [Jh 7c Kh 9d 6h]
Seat 2: Paco0507. (big blind) showed [5d Qd] and lost with High card : King
Seat 3: MathisKcr (small blind) (button) showed [Qs 7h] and won 856 with One pair : 7


Winamax Poker - Tournament "Expresso Nitro" buyIn: 0.93€ + 0.07€ level: 5 - HandId: #4599402308881612801-18-1772302380 - Holdem no limit (40/80) - 2026/02/28 18:13:00 UTC
Table: 'Expresso Nitro(1070881800)#0' 3-max (real money) Seat #2 is the button
Seat 2: Paco0507. (44)
Seat 3: MathisKcr (856)
*** ANTE/BLINDS ***
Paco0507. posts small blind 40
MathisKcr posts big blind 80
Dealt to MathisKcr [9c 6c]
*** PRE-FLOP *** 
Paco0507. calls 4 and is all-in
*** FLOP *** [4h 6h 5d]
*** TURN *** [4h 6h 5d][Th]
*** RIVER *** [4h 6h 5d Th][7h]
*** SHOW DOWN ***
Paco0507. shows [7d 7s] (Trips of 7)
MathisKcr shows [9c 6c] (One pair : 6)
MathisKcr collected 36 from side pot 1
Paco0507. collected 88 from main pot
*** SUMMARY ***
Total pot 124 | No rake
Board: [4h 6h 5d Th 7h]
Seat 2: Paco0507. (small blind) (button) showed [7d 7s] and won 88 with Trips of 7
Seat 3: MathisKcr (big blind) showed [9c 6c] and won 36 with One pair : 6


Winamax Poker - Tournament "Expresso Nitro" buyIn: 0.93€ + 0.07€ level: 5 - HandId: #4599402308881612801-19-1772302390 - Holdem no limit (40/80) - 2026/02/28 18:13:10 UTC
Table: 'Expresso Nitro(1070881800)#0' 3-max (real money) Seat #3 is the button
Seat 2: Paco0507. (88)
Seat 3: MathisKcr (812)
*** ANTE/BLINDS ***
MathisKcr posts small blind 40
Paco0507. posts big blind 80
Dealt to MathisKcr [2s Kd]
*** PRE-FLOP *** 
MathisKcr raises 732 to 812 and is all-in
Paco0507. calls 8 and is all-in
*** FLOP *** [Js 8s 4s]
*** TURN *** [Js 8s 4s][5h]
*** RIVER *** [Js 8s 4s 5h][Qh]
*** SHOW DOWN ***
Paco0507. shows [Ah 8d] (One pair : 8)
MathisKcr shows [2s Kd] (High card : King)
MathisKcr collected 724 from side pot 1
Paco0507. collected 176 from main pot
*** SUMMARY ***
Total pot 900 | No rake
Board: [Js 8s 4s 5h Qh]
Seat 2: Paco0507. (big blind) showed [Ah 8d] and won 176 with One pair : 8
Seat 3: MathisKcr (small blind) (button) showed [2s Kd] and won 724 with High card : King


Winamax Poker - Tournament "Expresso Nitro" buyIn: 0.93€ + 0.07€ level: 5 - HandId: #4599402308881612801-20-1772302402 - Holdem no limit (40/80) - 2026/02/28 18:13:22 UTC
Table: 'Expresso Nitro(1070881800)#0' 3-max (real money) Seat #2 is the button
Seat 2: Paco0507. (176)
Seat 3: MathisKcr (724)
*** ANTE/BLINDS ***
Paco0507. posts small blind 40
MathisKcr posts big blind 80
Dealt to MathisKcr [Kh As]
*** PRE-FLOP *** 
Paco0507. calls 40
MathisKcr raises 644 to 724 and is all-in
Paco0507. calls 96 and is all-in
*** FLOP *** [Ac 8d 2h]
*** TURN *** [Ac 8d 2h][9h]
*** RIVER *** [Ac 8d 2h 9h][Jd]
*** SHOW DOWN ***
Paco0507. shows [7d 7s] (One pair : 7)
MathisKcr shows [Kh As] (One pair : Aces)
MathisKcr collected 900 from pot
*** SUMMARY ***
Total pot 900 | No rake
Board: [Ac 8d 2h 9h Jd]
Seat 2: Paco0507. (small blind) (button) showed [7d 7s] and lost with One pair : 7
Seat 3: MathisKcr (big blind) showed [Kh As] and won 900 with One pair : Aces


