Winamax Poker - Tournament "Expresso Nitro" buyIn: 0.93€ + 0.07€ level: 1 - HandId: #4679540132267687937-1-1775211248 - Holdem no limit (10/20) - 2026/04/03 10:14:08 UTC
Table: 'Expresso Nitro(1089540341)#0' 3-max (real money) Seat #2 is the button
Seat 1: Versus16 (300)
Seat 2: KHOnono (300)
Seat 3: MathisKcr (300)
*** ANTE/BLINDS ***
MathisKcr posts small blind 10
Versus16 posts big blind 20
Dealt to MathisKcr [9s 7s]
*** PRE-FLOP *** 
KHOnono folds
MathisKcr folds
Versus16 collected 30 from pot
*** SUMMARY ***
Total pot 30 | No rake
Seat 1: Versus16 (big blind) won 30


Winamax Poker - Tournament "Expresso Nitro" buyIn: 0.93€ + 0.07€ level: 1 - HandId: #4679540132267687937-2-1775211256 - Holdem no limit (10/20) - 2026/04/03 10:14:16 UTC
Table: 'Expresso Nitro(1089540341)#0' 3-max (real money) Seat #3 is the button
Seat 1: Versus16 (310)
Seat 2: KHOnono (300)
Seat 3: MathisKcr (290)
*** ANTE/BLINDS ***
Versus16 posts small blind 10
KHOnono posts big blind 20
Dealt to MathisKcr [2c Ad]
*** PRE-FLOP *** 
MathisKcr raises 20 to 40
Versus16 folds
KHOnono raises 260 to 300 and is all-in
MathisKcr folds
KHOnono collected 350 from pot
*** SUMMARY ***
Total pot 350 | No rake
Seat 2: KHOnono (big blind) won 350


Winamax Poker - Tournament "Expresso Nitro" buyIn: 0.93€ + 0.07€ level: 1 - HandId: #4679540132267687937-3-1775211271 - Holdem no limit (10/20) - 2026/04/03 10:14:31 UTC
Table: 'Expresso Nitro(1089540341)#0' 3-max (real money) Seat #1 is the button
Seat 1: Versus16 (300)
Seat 2: KHOnono (350)
Seat 3: MathisKcr (250)
*** ANTE/BLINDS ***
KHOnono posts small blind 10
MathisKcr posts big blind 20
Dealt to MathisKcr [4s 8c]
*** PRE-FLOP *** 
Versus16 folds
KHOnono raises 20 to 40
MathisKcr folds
KHOnono collected 60 from pot
*** SUMMARY ***
Total pot 60 | No rake
Seat 2: KHOnono (small blind) won 60


Winamax Poker - Tournament "Expresso Nitro" buyIn: 0.93€ + 0.07€ level: 1 - HandId: #4679540132267687937-4-1775211281 - Holdem no limit (10/20) - 2026/04/03 10:14:41 UTC
Table: 'Expresso Nitro(1089540341)#0' 3-max (real money) Seat #2 is the button
Seat 1: Versus16 (300)
Seat 2: KHOnono (370)
Seat 3: MathisKcr (230)
*** ANTE/BLINDS ***
MathisKcr posts small blind 10
Versus16 posts big blind 20
Dealt to MathisKcr [Jc 2s]
*** PRE-FLOP *** 
KHOnono raises 20 to 40
MathisKcr folds
Versus16 folds
KHOnono collected 70 from pot
*** SUMMARY ***
Total pot 70 | No rake
Seat 2: KHOnono (button) won 70


Winamax Poker - Tournament "Expresso Nitro" buyIn: 0.93€ + 0.07€ level: 1 - HandId: #4679540132267687937-5-1775211290 - Holdem no limit (10/20) - 2026/04/03 10:14:50 UTC
Table: 'Expresso Nitro(1089540341)#0' 3-max (real money) Seat #3 is the button
Seat 1: Versus16 (280)
Seat 2: KHOnono (400)
Seat 3: MathisKcr (220)
*** ANTE/BLINDS ***
Versus16 posts small blind 10
KHOnono posts big blind 20
Dealt to MathisKcr [9d 3h]
*** PRE-FLOP *** 
MathisKcr folds
Versus16 raises 20 to 40
KHOnono folds
Versus16 collected 60 from pot
*** SUMMARY ***
Total pot 60 | No rake
Seat 1: Versus16 (small blind) won 60


Winamax Poker - Tournament "Expresso Nitro" buyIn: 0.93€ + 0.07€ level: 2 - HandId: #4679540132267687937-6-1775211312 - Holdem no limit (15/30) - 2026/04/03 10:15:12 UTC
Table: 'Expresso Nitro(1089540341)#0' 3-max (real money) Seat #1 is the button
Seat 1: Versus16 (300)
Seat 2: KHOnono (380)
Seat 3: MathisKcr (220)
*** ANTE/BLINDS ***
KHOnono posts small blind 15
MathisKcr posts big blind 30
Dealt to MathisKcr [9d 5s]
*** PRE-FLOP *** 
Versus16 raises 270 to 300 and is all-in
KHOnono folds
MathisKcr folds
Versus16 collected 345 from pot
*** SUMMARY ***
Total pot 345 | No rake
Seat 1: Versus16 (button) won 345


Winamax Poker - Tournament "Expresso Nitro" buyIn: 0.93€ + 0.07€ level: 2 - HandId: #4679540132267687937-7-1775211324 - Holdem no limit (15/30) - 2026/04/03 10:15:24 UTC
Table: 'Expresso Nitro(1089540341)#0' 3-max (real money) Seat #2 is the button
Seat 1: Versus16 (345)
Seat 2: KHOnono (365)
Seat 3: MathisKcr (190)
*** ANTE/BLINDS ***
MathisKcr posts small blind 15
Versus16 posts big blind 30
Dealt to MathisKcr [Ac Ks]
*** PRE-FLOP *** 
KHOnono folds
MathisKcr raises 160 to 190 and is all-in
Versus16 folds
MathisKcr collected 220 from pot
*** SUMMARY ***
Total pot 220 | No rake
Seat 3: MathisKcr (small blind) won 220


Winamax Poker - Tournament "Expresso Nitro" buyIn: 0.93€ + 0.07€ level: 2 - HandId: #4679540132267687937-8-1775211334 - Holdem no limit (15/30) - 2026/04/03 10:15:34 UTC
Table: 'Expresso Nitro(1089540341)#0' 3-max (real money) Seat #3 is the button
Seat 1: Versus16 (315)
Seat 2: KHOnono (365)
Seat 3: MathisKcr (220)
*** ANTE/BLINDS ***
Versus16 posts small blind 15
KHOnono posts big blind 30
Dealt to MathisKcr [As 9s]
*** PRE-FLOP *** 
MathisKcr raises 190 to 220 and is all-in
Versus16 folds
KHOnono folds
MathisKcr collected 265 from pot
*** SUMMARY ***
Total pot 265 | No rake
Seat 3: MathisKcr (button) won 265


Winamax Poker - Tournament "Expresso Nitro" buyIn: 0.93€ + 0.07€ level: 2 - HandId: #4679540132267687937-9-1775211349 - Holdem no limit (15/30) - 2026/04/03 10:15:49 UTC
Table: 'Expresso Nitro(1089540341)#0' 3-max (real money) Seat #1 is the button
Seat 1: Versus16 (300)
Seat 2: KHOnono (335)
Seat 3: MathisKcr (265)
*** ANTE/BLINDS ***
KHOnono posts small blind 15
MathisKcr posts big blind 30
Dealt to MathisKcr [Js 3c]
*** PRE-FLOP *** 
Versus16 folds
KHOnono calls 15
MathisKcr checks
*** FLOP *** [7c Qh 8c]
KHOnono bets 30
MathisKcr folds
KHOnono collected 90 from pot
*** SUMMARY ***
Total pot 90 | No rake
Board: [7c Qh 8c]
Seat 2: KHOnono (small blind) won 90


Winamax Poker - Tournament "Expresso Nitro" buyIn: 0.93€ + 0.07€ level: 4 - HandId: #4679540132267687937-13-1775211448 - Holdem no limit (30/60) - 2026/04/03 10:17:28 UTC
Table: 'Expresso Nitro(1089540341)#0' 3-max (real money) Seat #2 is the button
Seat 1: Versus16 (330)
Seat 2: KHOnono (415)
Seat 3: MathisKcr (155)
*** ANTE/BLINDS ***
MathisKcr posts small blind 30
Versus16 posts big blind 60
Dealt to MathisKcr [2c As]
*** PRE-FLOP *** 
KHOnono raises 355 to 415 and is all-in
MathisKcr calls 125 and is all-in
Versus16 folds
*** FLOP *** [4h 6d 8s]
*** TURN *** [4h 6d 8s][Jh]
*** RIVER *** [4h 6d 8s Jh][Kd]
*** SHOW DOWN ***
MathisKcr shows [2c As] (High card : Ace)
KHOnono shows [Js Ah] (One pair : Jacks)
KHOnono collected 630 from pot
*** SUMMARY ***
Total pot 630 | No rake
Board: [4h 6d 8s Jh Kd]
Seat 2: KHOnono (button) showed [Js Ah] and won 630 with One pair : Jacks
Seat 3: MathisKcr (small blind) showed [2c As] and lost with High card : Ace


