Winamax Poker - Tournament "Expresso Nitro" buyIn: 0.93€ + 0.07€ level: 1 - HandId: #4677019798213754881-1-1775118892 - Holdem no limit (10/20) - 2026/04/02 08:34:52 UTC
Table: 'Expresso Nitro(1088953530)#0' 3-max (real money) Seat #2 is the button
Seat 1: poudrAKnon (300)
Seat 2: MathisKcr (300)
Seat 3: Electro.seb (300)
*** ANTE/BLINDS ***
Electro.seb posts small blind 10
poudrAKnon posts big blind 20
Dealt to MathisKcr [6h 6d]
*** PRE-FLOP *** 
MathisKcr raises 20 to 40
Electro.seb raises 20 to 60
poudrAKnon folds
MathisKcr raises 240 to 300 and is all-in
Electro.seb calls 240 and is all-in
*** FLOP *** [8c Jh 6s]
*** TURN *** [8c Jh 6s][2h]
*** RIVER *** [8c Jh 6s 2h][7d]
*** SHOW DOWN ***
Electro.seb shows [Kh Qs] (High card : King)
MathisKcr shows [6h 6d] (Trips of 6)
MathisKcr collected 620 from pot
*** SUMMARY ***
Total pot 620 | No rake
Board: [8c Jh 6s 2h 7d]
Seat 2: MathisKcr (button) showed [6h 6d] and won 620 with Trips of 6
Seat 3: Electro.seb (small blind) showed [Kh Qs] and lost with High card : King


Winamax Poker - Tournament "Expresso Nitro" buyIn: 0.93€ + 0.07€ level: 1 - HandId: #4677019798213754881-2-1775118909 - Holdem no limit (10/20) - 2026/04/02 08:35:09 UTC
Table: 'Expresso Nitro(1088953530)#0' 3-max (real money) Seat #1 is the button
Seat 1: poudrAKnon (280)
Seat 2: MathisKcr (620)
*** ANTE/BLINDS ***
poudrAKnon posts small blind 10
MathisKcr posts big blind 20
Dealt to MathisKcr [9c 7s]
*** PRE-FLOP *** 
poudrAKnon folds
MathisKcr collected 30 from pot
*** SUMMARY ***
Total pot 30 | No rake
Seat 2: MathisKcr (big blind) won 30


Winamax Poker - Tournament "Expresso Nitro" buyIn: 0.93€ + 0.07€ level: 1 - HandId: #4677019798213754881-3-1775118917 - Holdem no limit (10/20) - 2026/04/02 08:35:17 UTC
Table: 'Expresso Nitro(1088953530)#0' 3-max (real money) Seat #2 is the button
Seat 1: poudrAKnon (270)
Seat 2: MathisKcr (630)
*** ANTE/BLINDS ***
MathisKcr posts small blind 10
poudrAKnon posts big blind 20
Dealt to MathisKcr [4c 8c]
*** PRE-FLOP *** 
MathisKcr folds
poudrAKnon collected 30 from pot
*** SUMMARY ***
Total pot 30 | No rake
Seat 1: poudrAKnon (big blind) won 30


Winamax Poker - Tournament "Expresso Nitro" buyIn: 0.93€ + 0.07€ level: 1 - HandId: #4677019798213754881-4-1775118922 - Holdem no limit (10/20) - 2026/04/02 08:35:22 UTC
Table: 'Expresso Nitro(1088953530)#0' 3-max (real money) Seat #1 is the button
Seat 1: poudrAKnon (280)
Seat 2: MathisKcr (620)
*** ANTE/BLINDS ***
poudrAKnon posts small blind 10
MathisKcr posts big blind 20
Dealt to MathisKcr [Jd Jc]
*** PRE-FLOP *** 
poudrAKnon raises 260 to 280 and is all-in
MathisKcr calls 260
*** FLOP *** [3c 3s 4s]
*** TURN *** [3c 3s 4s][7d]
*** RIVER *** [3c 3s 4s 7d][2h]
*** SHOW DOWN ***
poudrAKnon shows [As 9d] (One pair : 3)
MathisKcr shows [Jd Jc] (Two pairs : Jacks and 3)
MathisKcr collected 560 from pot
*** SUMMARY ***
Total pot 560 | No rake
Board: [3c 3s 4s 7d 2h]
Seat 1: poudrAKnon (small blind) (button) showed [As 9d] and lost with One pair : 3
Seat 2: MathisKcr (big blind) showed [Jd Jc] and won 560 with Two pairs : Jacks and 3


