Winamax Poker - Tournament "Expresso Nitro" buyIn: 0.46€ + 0.04€ level: 1 - HandId: #4533975577413025793-1-1769976990 - Holdem no limit (10/20) - 2026/02/01 20:16:30 UTC
Table: 'Expresso Nitro(1055648452)#0' 3-max (real money) Seat #2 is the button
Seat 1: Emerite_3017 (300)
Seat 2: MathisKcr (300)
Seat 3: Jorda. (300)
*** ANTE/BLINDS ***
Jorda. posts small blind 10
Emerite_3017 posts big blind 20
Dealt to MathisKcr [As 9d]
*** PRE-FLOP *** 
MathisKcr raises 40 to 60
Jorda. folds
Emerite_3017 folds
MathisKcr collected 90 from pot
*** SUMMARY ***
Total pot 90 | No rake
Seat 2: MathisKcr (button) won 90


Winamax Poker - Tournament "Expresso Nitro" buyIn: 0.46€ + 0.04€ level: 1 - HandId: #4533975577413025793-2-1769977003 - Holdem no limit (10/20) - 2026/02/01 20:16:43 UTC
Table: 'Expresso Nitro(1055648452)#0' 3-max (real money) Seat #3 is the button
Seat 1: Emerite_3017 (280)
Seat 2: MathisKcr (330)
Seat 3: Jorda. (290)
*** ANTE/BLINDS ***
Emerite_3017 posts small blind 10
MathisKcr posts big blind 20
Dealt to MathisKcr [Kc Jh]
*** PRE-FLOP *** 
Jorda. folds
Emerite_3017 folds
MathisKcr collected 30 from pot
*** SUMMARY ***
Total pot 30 | No rake
Seat 2: MathisKcr (big blind) won 30


Winamax Poker - Tournament "Expresso Nitro" buyIn: 0.46€ + 0.04€ level: 1 - HandId: #4533975577413025793-3-1769977009 - Holdem no limit (10/20) - 2026/02/01 20:16:49 UTC
Table: 'Expresso Nitro(1055648452)#0' 3-max (real money) Seat #1 is the button
Seat 1: Emerite_3017 (270)
Seat 2: MathisKcr (340)
Seat 3: Jorda. (290)
*** ANTE/BLINDS ***
MathisKcr posts small blind 10
Jorda. posts big blind 20
Dealt to MathisKcr [Qd 3c]
*** PRE-FLOP *** 
Emerite_3017 folds
MathisKcr raises 40 to 60
Jorda. calls 40
*** FLOP *** [5s Kh Td]
MathisKcr bets 60
Jorda. raises 60 to 120
MathisKcr folds
Jorda. collected 300 from pot
*** SUMMARY ***
Total pot 300 | No rake
Board: [5s Kh Td]
Seat 3: Jorda. (big blind) won 300


Winamax Poker - Tournament "Expresso Nitro" buyIn: 0.46€ + 0.04€ level: 1 - HandId: #4533975577413025793-4-1769977025 - Holdem no limit (10/20) - 2026/02/01 20:17:05 UTC
Table: 'Expresso Nitro(1055648452)#0' 3-max (real money) Seat #2 is the button
Seat 1: Emerite_3017 (270)
Seat 2: MathisKcr (220)
Seat 3: Jorda. (410)
*** ANTE/BLINDS ***
Jorda. posts small blind 10
Emerite_3017 posts big blind 20
Dealt to MathisKcr [7h 3h]
*** PRE-FLOP *** 
MathisKcr folds
Jorda. folds
Emerite_3017 collected 30 from pot
*** SUMMARY ***
Total pot 30 | No rake
Seat 1: Emerite_3017 (big blind) won 30


Winamax Poker - Tournament "Expresso Nitro" buyIn: 0.46€ + 0.04€ level: 1 - HandId: #4533975577413025793-5-1769977033 - Holdem no limit (10/20) - 2026/02/01 20:17:13 UTC
Table: 'Expresso Nitro(1055648452)#0' 3-max (real money) Seat #3 is the button
Seat 1: Emerite_3017 (280)
Seat 2: MathisKcr (220)
Seat 3: Jorda. (400)
*** ANTE/BLINDS ***
Emerite_3017 posts small blind 10
MathisKcr posts big blind 20
Dealt to MathisKcr [7s 5d]
*** PRE-FLOP *** 
Jorda. folds
Emerite_3017 calls 10
MathisKcr checks
*** FLOP *** [8d 9h 5s]
Emerite_3017 checks
MathisKcr bets 40
Emerite_3017 calls 40
*** TURN *** [8d 9h 5s][6c]
Emerite_3017 checks
MathisKcr bets 50
Emerite_3017 raises 170 to 220 and is all-in
MathisKcr calls 110 and is all-in
*** RIVER *** [8d 9h 5s 6c][Ts]
*** SHOW DOWN ***
Emerite_3017 shows [7c 5c] (Straight Ten high)
MathisKcr shows [7s 5d] (Straight Ten high)
MathisKcr collected 220 from main pot
Emerite_3017 collected 280 from side pot 1
*** SUMMARY ***
Total pot 500 | No rake
Board: [8d 9h 5s 6c Ts]
Seat 1: Emerite_3017 (small blind) showed [7c 5c] and won 280 with Straight Ten high
Seat 2: MathisKcr (big blind) showed [7s 5d] and won 220 with Straight Ten high


Winamax Poker - Tournament "Expresso Nitro" buyIn: 0.46€ + 0.04€ level: 2 - HandId: #4533975577413025793-6-1769977059 - Holdem no limit (15/30) - 2026/02/01 20:17:39 UTC
Table: 'Expresso Nitro(1055648452)#0' 3-max (real money) Seat #1 is the button
Seat 1: Emerite_3017 (280)
Seat 2: MathisKcr (220)
Seat 3: Jorda. (400)
*** ANTE/BLINDS ***
MathisKcr posts small blind 15
Jorda. posts big blind 30
Dealt to MathisKcr [8s Js]
*** PRE-FLOP *** 
Emerite_3017 folds
MathisKcr raises 30 to 60
Jorda. calls 30
*** FLOP *** [9d Kh Ah]
MathisKcr bets 60
Jorda. calls 60
*** TURN *** [9d Kh Ah][9h]
MathisKcr bets 75
Jorda. raises 205 to 280 and is all-in
MathisKcr folds
Jorda. collected 595 from pot
*** SUMMARY ***
Total pot 595 | No rake
Board: [9d Kh Ah 9h]
Seat 3: Jorda. (big blind) won 595


Winamax Poker - Tournament "Expresso Nitro" buyIn: 0.46€ + 0.04€ level: 2 - HandId: #4533975577413025793-7-1769977082 - Holdem no limit (15/30) - 2026/02/01 20:18:02 UTC
Table: 'Expresso Nitro(1055648452)#0' 3-max (real money) Seat #2 is the button
Seat 1: Emerite_3017 (280)
Seat 2: MathisKcr (25)
Seat 3: Jorda. (595)
*** ANTE/BLINDS ***
Jorda. posts small blind 15
Emerite_3017 posts big blind 30
Dealt to MathisKcr [2d 7d]
*** PRE-FLOP *** 
MathisKcr folds
Jorda. folds
Emerite_3017 collected 45 from pot
*** SUMMARY ***
Total pot 45 | No rake
Seat 1: Emerite_3017 (big blind) won 45


Winamax Poker - Tournament "Expresso Nitro" buyIn: 0.46€ + 0.04€ level: 2 - HandId: #4533975577413025793-8-1769977089 - Holdem no limit (15/30) - 2026/02/01 20:18:09 UTC
Table: 'Expresso Nitro(1055648452)#0' 3-max (real money) Seat #3 is the button
Seat 1: Emerite_3017 (295)
Seat 2: MathisKcr (25)
Seat 3: Jorda. (580)
*** ANTE/BLINDS ***
Emerite_3017 posts small blind 15
MathisKcr posts big blind 25 and is all-in
Dealt to MathisKcr [Ts 8s]
*** PRE-FLOP *** 
Jorda. folds
Emerite_3017 folds
MathisKcr collected 40 from pot
*** SUMMARY ***
Total pot 40 | No rake
Seat 2: MathisKcr (big blind) won 40


Winamax Poker - Tournament "Expresso Nitro" buyIn: 0.46€ + 0.04€ level: 2 - HandId: #4533975577413025793-9-1769977100 - Holdem no limit (15/30) - 2026/02/01 20:18:20 UTC
Table: 'Expresso Nitro(1055648452)#0' 3-max (real money) Seat #1 is the button
Seat 1: Emerite_3017 (280)
Seat 2: MathisKcr (40)
Seat 3: Jorda. (580)
*** ANTE/BLINDS ***
MathisKcr posts small blind 15
Jorda. posts big blind 30
Dealt to MathisKcr [3d Ah]
*** PRE-FLOP *** 
Emerite_3017 folds
MathisKcr raises 10 to 40 and is all-in
Jorda. calls 10
*** FLOP *** [4s 2d 7s]
*** TURN *** [4s 2d 7s][Th]
*** RIVER *** [4s 2d 7s Th][7d]
*** SHOW DOWN ***
Jorda. shows [5h Qc] (One pair : 7)
MathisKcr shows [3d Ah] (One pair : 7)
MathisKcr collected 80 from pot
*** SUMMARY ***
Total pot 80 | No rake
Board: [4s 2d 7s Th 7d]
Seat 2: MathisKcr (small blind) showed [3d Ah] and won 80 with One pair : 7
Seat 3: Jorda. (big blind) showed [5h Qc] and lost with One pair : 7


Winamax Poker - Tournament "Expresso Nitro" buyIn: 0.46€ + 0.04€ level: 3 - HandId: #4533975577413025793-10-1769977112 - Holdem no limit (20/40) - 2026/02/01 20:18:32 UTC
Table: 'Expresso Nitro(1055648452)#0' 3-max (real money) Seat #2 is the button
Seat 1: Emerite_3017 (280)
Seat 2: MathisKcr (80)
Seat 3: Jorda. (540)
*** ANTE/BLINDS ***
Jorda. posts small blind 20
Emerite_3017 posts big blind 40
Dealt to MathisKcr [Kh 2h]
*** PRE-FLOP *** 
MathisKcr raises 40 to 80 and is all-in
Jorda. folds
Emerite_3017 folds
MathisKcr collected 140 from pot
*** SUMMARY ***
Total pot 140 | No rake
Seat 2: MathisKcr (button) won 140


Winamax Poker - Tournament "Expresso Nitro" buyIn: 0.46€ + 0.04€ level: 3 - HandId: #4533975577413025793-11-1769977120 - Holdem no limit (20/40) - 2026/02/01 20:18:40 UTC
Table: 'Expresso Nitro(1055648452)#0' 3-max (real money) Seat #3 is the button
Seat 1: Emerite_3017 (240)
Seat 2: MathisKcr (140)
Seat 3: Jorda. (520)
*** ANTE/BLINDS ***
Emerite_3017 posts small blind 20
MathisKcr posts big blind 40
Dealt to MathisKcr [Jd 3d]
*** PRE-FLOP *** 
Jorda. raises 40 to 80
Emerite_3017 folds
MathisKcr calls 40
*** FLOP *** [9s Qh 5h]
MathisKcr checks
Jorda. bets 40
MathisKcr folds
Jorda. collected 220 from pot
*** SUMMARY ***
Total pot 220 | No rake
Board: [9s Qh 5h]
Seat 3: Jorda. (button) won 220


Winamax Poker - Tournament "Expresso Nitro" buyIn: 0.46€ + 0.04€ level: 3 - HandId: #4533975577413025793-12-1769977133 - Holdem no limit (20/40) - 2026/02/01 20:18:53 UTC
Table: 'Expresso Nitro(1055648452)#0' 3-max (real money) Seat #1 is the button
Seat 1: Emerite_3017 (220)
Seat 2: MathisKcr (60)
Seat 3: Jorda. (620)
*** ANTE/BLINDS ***
MathisKcr posts small blind 20
Jorda. posts big blind 40
Dealt to MathisKcr [Td 7d]
*** PRE-FLOP *** 
Emerite_3017 raises 180 to 220 and is all-in
MathisKcr calls 40 and is all-in
Jorda. folds
*** FLOP *** [3c As 6s]
*** TURN *** [3c As 6s][9c]
*** RIVER *** [3c As 6s 9c][Jd]
*** SHOW DOWN ***
MathisKcr shows [Td 7d] (High card : Ace)
Emerite_3017 shows [Ks 5d] (High card : Ace)
Emerite_3017 collected 320 from pot
*** SUMMARY ***
Total pot 320 | No rake
Board: [3c As 6s 9c Jd]
Seat 1: Emerite_3017 (button) showed [Ks 5d] and won 320 with High card : Ace
Seat 2: MathisKcr (small blind) showed [Td 7d] and lost with High card : Ace


