Winamax Poker - Tournament "Kill The Fish" buyIn: 1.80€ + 0.20€ level: 1 - HandId: #4567741094170722306-1-1773608410 - Holdem no limit (25/100/200) - 2026/03/15 21:00:10 UTC
Table: 'Kill The Fish(1063510099)#001' 6-max (real money) Seat #2 is the button
Seat 1: RegEnTilt (20000, 0.90€ bounty)
Seat 2: newnickname (20000, 0.90€ bounty)
Seat 3: beullito (20000, 0.90€ bounty)
Seat 4: Ouille21 (20000, 0.90€ bounty)
Seat 5: MathisKcr (20000, 0.90€ bounty)
Seat 6: CFXMICH1 (20000, 0.90€ bounty)
*** ANTE/BLINDS ***
beullito posts ante 25
Ouille21 posts ante 25
RegEnTilt posts ante 25
newnickname posts ante 25
MathisKcr posts ante 25
CFXMICH1 posts ante 25
beullito posts small blind 100
Ouille21 posts big blind 200
Dealt to MathisKcr [9h Qh]
*** PRE-FLOP *** 
MathisKcr raises 200 to 400
CFXMICH1 folds
RegEnTilt folds
newnickname calls 400
beullito folds
Ouille21 calls 200
*** FLOP *** [Kc Qs 4s]
Ouille21 checks
MathisKcr checks
newnickname bets 507
Ouille21 calls 507
MathisKcr calls 507
*** TURN *** [Kc Qs 4s][5h]
Ouille21 checks
MathisKcr checks
newnickname bets 200
Ouille21 raises 1586 to 1786
MathisKcr folds
newnickname calls 1586
*** RIVER *** [Kc Qs 4s 5h][8h]
Ouille21 checks
newnickname bets 2290
Ouille21 calls 2290
*** SHOW DOWN ***
newnickname shows [7h 4d] (One pair : 4)
Ouille21 shows [9c Ks] (One pair : Kings)
Ouille21 collected 11123 from pot
*** SUMMARY ***
Total pot 11123 | No rake
Board: [Kc Qs 4s 5h 8h]
Seat 2: newnickname (button) showed [7h 4d] and lost with One pair : 4
Seat 4: Ouille21 (big blind) showed [9c Ks] and won 11123 with One pair : Kings


Winamax Poker - Tournament "Kill The Fish" buyIn: 1.80€ + 0.20€ level: 1 - HandId: #4567741094170722306-2-1773608531 - Holdem no limit (25/100/200) - 2026/03/15 21:02:11 UTC
Table: 'Kill The Fish(1063510099)#001' 6-max (real money) Seat #3 is the button
Seat 1: RegEnTilt (19975, 0.90€ bounty)
Seat 2: newnickname (14992, 0.90€ bounty)
Seat 3: beullito (19875, 0.90€ bounty)
Seat 4: Ouille21 (26115, 0.90€ bounty)
Seat 5: MathisKcr (19068, 0.90€ bounty)
Seat 6: CFXMICH1 (19975, 0.90€ bounty)
*** ANTE/BLINDS ***
Ouille21 posts ante 25
MathisKcr posts ante 25
RegEnTilt posts ante 25
newnickname posts ante 25
beullito posts ante 25
CFXMICH1 posts ante 25
Ouille21 posts small blind 100
MathisKcr posts big blind 200
Dealt to MathisKcr [Ac 4h]
*** PRE-FLOP *** 
CFXMICH1 raises 200 to 400
RegEnTilt calls 400
newnickname calls 400
beullito folds
Ouille21 folds
MathisKcr calls 200
*** FLOP *** [3h 8c 7d]
MathisKcr checks
CFXMICH1 checks
RegEnTilt checks
newnickname checks
*** TURN *** [3h 8c 7d][As]
MathisKcr checks
CFXMICH1 checks
RegEnTilt checks
newnickname checks
*** RIVER *** [3h 8c 7d As][2c]
MathisKcr bets 1203
CFXMICH1 folds
RegEnTilt folds
newnickname folds
MathisKcr collected 3053 from pot
*** SUMMARY ***
Total pot 3053 | No rake
Board: [3h 8c 7d As 2c]
Seat 5: MathisKcr (big blind) won 3053


Winamax Poker - Tournament "Kill The Fish" buyIn: 1.80€ + 0.20€ level: 1 - HandId: #4567741094170722306-3-1773608669 - Holdem no limit (25/100/200) - 2026/03/15 21:04:29 UTC
Table: 'Kill The Fish(1063510099)#001' 6-max (real money) Seat #4 is the button
Seat 1: RegEnTilt (19550, 0.90€ bounty)
Seat 2: newnickname (14567, 0.90€ bounty)
Seat 3: beullito (19850, 0.90€ bounty)
Seat 4: Ouille21 (25990, 0.90€ bounty)
Seat 5: MathisKcr (20493, 0.90€ bounty)
Seat 6: CFXMICH1 (19550, 0.90€ bounty)
*** ANTE/BLINDS ***
MathisKcr posts ante 25
CFXMICH1 posts ante 25
RegEnTilt posts ante 25
newnickname posts ante 25
beullito posts ante 25
Ouille21 posts ante 25
MathisKcr posts small blind 100
CFXMICH1 posts big blind 200
Dealt to MathisKcr [9c Kh]
*** PRE-FLOP *** 
RegEnTilt folds
newnickname raises 650 to 850
beullito folds
Ouille21 folds
MathisKcr calls 750
CFXMICH1 folds
*** FLOP *** [Ah Qd 3c]
MathisKcr bets 1333
newnickname calls 1333
*** TURN *** [Ah Qd 3c][6d]
MathisKcr checks
newnickname bets 1651
MathisKcr folds
newnickname collected 6367 from pot
*** SUMMARY ***
Total pot 6367 | No rake
Board: [Ah Qd 3c 6d]
Seat 2: newnickname won 6367


Winamax Poker - Tournament "Kill The Fish" buyIn: 1.80€ + 0.20€ level: 1 - HandId: #4567741094170722306-4-1773608706 - Holdem no limit (25/100/200) - 2026/03/15 21:05:06 UTC
Table: 'Kill The Fish(1063510099)#001' 6-max (real money) Seat #5 is the button
Seat 1: RegEnTilt (19525, 0.90€ bounty)
Seat 2: newnickname (17075, 0.90€ bounty)
Seat 3: beullito (19825, 0.90€ bounty)
Seat 4: Ouille21 (25965, 0.90€ bounty)
Seat 5: MathisKcr (18285, 0.90€ bounty)
Seat 6: CFXMICH1 (19325, 0.90€ bounty)
*** ANTE/BLINDS ***
CFXMICH1 posts ante 25
RegEnTilt posts ante 25
newnickname posts ante 25
beullito posts ante 25
Ouille21 posts ante 25
MathisKcr posts ante 25
CFXMICH1 posts small blind 100
RegEnTilt posts big blind 200
Dealt to MathisKcr [6c 7s]
*** PRE-FLOP *** 
newnickname calls 200
beullito folds
Ouille21 raises 200 to 400
MathisKcr folds
CFXMICH1 folds
RegEnTilt folds
newnickname calls 200
*** FLOP *** [Ac 8d Ks]
newnickname checks
Ouille21 checks
*** TURN *** [Ac 8d Ks][4s]
newnickname bets 438
Ouille21 calls 438
*** RIVER *** [Ac 8d Ks 4s][3s]
newnickname checks
Ouille21 checks
*** SHOW DOWN ***
newnickname shows [4h 6s] (One pair : 4)
Ouille21 shows [2h Ah] (One pair : Aces)
Ouille21 collected 2126 from pot
*** SUMMARY ***
Total pot 2126 | No rake
Board: [Ac 8d Ks 4s 3s]
Seat 2: newnickname showed [4h 6s] and lost with One pair : 4
Seat 4: Ouille21 showed [2h Ah] and won 2126 with One pair : Aces


Winamax Poker - Tournament "Kill The Fish" buyIn: 1.80€ + 0.20€ level: 1 - HandId: #4567741094170722306-5-1773608792 - Holdem no limit (25/100/200) - 2026/03/15 21:06:32 UTC
Table: 'Kill The Fish(1063510099)#001' 6-max (real money) Seat #6 is the button
Seat 1: RegEnTilt (19300, 0.90€ bounty)
Seat 2: newnickname (16212, 0.90€ bounty)
Seat 3: beullito (19800, 0.90€ bounty)
Seat 4: Ouille21 (27228, 0.90€ bounty)
Seat 5: MathisKcr (18260, 0.90€ bounty)
Seat 6: CFXMICH1 (19200, 0.90€ bounty)
*** ANTE/BLINDS ***
RegEnTilt posts ante 25
newnickname posts ante 25
beullito posts ante 25
Ouille21 posts ante 25
MathisKcr posts ante 25
CFXMICH1 posts ante 25
RegEnTilt posts small blind 100
newnickname posts big blind 200
Dealt to MathisKcr [Tc 8h]
*** PRE-FLOP *** 
beullito folds
Ouille21 folds
MathisKcr raises 200 to 400
CFXMICH1 folds
RegEnTilt calls 300
newnickname calls 200
*** FLOP *** [6c 6s 4h]
RegEnTilt checks
newnickname bets 200
MathisKcr calls 200
RegEnTilt folds
*** TURN *** [6c 6s 4h][6d]
newnickname checks
MathisKcr bets 1138
newnickname calls 1138
*** RIVER *** [6c 6s 4h 6d][Ad]
newnickname bets 4026
MathisKcr folds
newnickname collected 8052 from pot
*** SUMMARY ***
Total pot 8052 | No rake
Board: [6c 6s 4h 6d Ad]
Seat 2: newnickname (big blind) won 8052


Winamax Poker - Tournament "Kill The Fish" buyIn: 1.80€ + 0.20€ level: 1 - HandId: #4567741094170722306-6-1773608860 - Holdem no limit (25/100/200) - 2026/03/15 21:07:40 UTC
Table: 'Kill The Fish(1063510099)#001' 6-max (real money) Seat #1 is the button
Seat 1: RegEnTilt (18875, 0.90€ bounty)
Seat 2: newnickname (18475, 0.90€ bounty)
Seat 3: beullito (19775, 0.90€ bounty)
Seat 4: Ouille21 (27203, 0.90€ bounty)
Seat 5: MathisKcr (16497, 0.90€ bounty)
Seat 6: CFXMICH1 (19175, 0.90€ bounty)
*** ANTE/BLINDS ***
newnickname posts ante 25
beullito posts ante 25
RegEnTilt posts ante 25
Ouille21 posts ante 25
MathisKcr posts ante 25
CFXMICH1 posts ante 25
newnickname posts small blind 100
beullito posts big blind 200
Dealt to MathisKcr [6h Ah]
*** PRE-FLOP *** 
Ouille21 raises 200 to 400
MathisKcr calls 400
CFXMICH1 folds
RegEnTilt folds
newnickname folds
beullito folds
*** FLOP *** [8s Td Tc]
Ouille21 checks
MathisKcr bets 438
Ouille21 calls 438
*** TURN *** [8s Td Tc][9c]
Ouille21 checks
MathisKcr bets 1063
Ouille21 calls 1063
*** RIVER *** [8s Td Tc 9c][Ad]
Ouille21 checks
MathisKcr bets 2764
Ouille21 folds
MathisKcr collected 7016 from pot
*** SUMMARY ***
Total pot 7016 | No rake
Board: [8s Td Tc 9c Ad]
Seat 5: MathisKcr won 7016


Winamax Poker - Tournament "Kill The Fish" buyIn: 1.80€ + 0.20€ level: 1 - HandId: #4567741094170722306-7-1773608938 - Holdem no limit (25/100/200) - 2026/03/15 21:08:58 UTC
Table: 'Kill The Fish(1063510099)#001' 6-max (real money) Seat #2 is the button
Seat 1: RegEnTilt (18850, 0.90€ bounty)
Seat 2: newnickname (18350, 0.90€ bounty)
Seat 3: beullito (19550, 0.90€ bounty)
Seat 4: Ouille21 (25277, 0.90€ bounty)
Seat 5: MathisKcr (18823, 0.90€ bounty)
Seat 6: CFXMICH1 (19150, 0.90€ bounty)
*** ANTE/BLINDS ***
beullito posts ante 25
Ouille21 posts ante 25
RegEnTilt posts ante 25
newnickname posts ante 25
MathisKcr posts ante 25
CFXMICH1 posts ante 25
beullito posts small blind 100
Ouille21 posts big blind 200
Dealt to MathisKcr [Kd 5h]
*** PRE-FLOP *** 
MathisKcr calls 200
CFXMICH1 raises 400 to 600
RegEnTilt folds
newnickname raises 1850 to 2450
beullito folds
Ouille21 folds
MathisKcr folds
CFXMICH1 folds
newnickname collected 3700 from pot
*** SUMMARY ***
Total pot 3700 | No rake
Seat 2: newnickname (button) won 3700


Winamax Poker - Tournament "Kill The Fish" buyIn: 1.80€ + 0.20€ level: 1 - HandId: #4567741094170722306-8-1773608987 - Holdem no limit (25/100/200) - 2026/03/15 21:09:47 UTC
Table: 'Kill The Fish(1063510099)#001' 6-max (real money) Seat #3 is the button
Seat 1: RegEnTilt (18825, 0.90€ bounty)
Seat 2: newnickname (19575, 0.90€ bounty)
Seat 3: beullito (19425, 0.90€ bounty)
Seat 4: Ouille21 (25052, 0.90€ bounty)
Seat 5: MathisKcr (18598, 0.90€ bounty)
Seat 6: CFXMICH1 (18525, 0.90€ bounty)
*** ANTE/BLINDS ***
Ouille21 posts ante 25
MathisKcr posts ante 25
RegEnTilt posts ante 25
newnickname posts ante 25
beullito posts ante 25
CFXMICH1 posts ante 25
Ouille21 posts small blind 100
MathisKcr posts big blind 200
Dealt to MathisKcr [Ah 8d]
*** PRE-FLOP *** 
CFXMICH1 folds
RegEnTilt folds
newnickname calls 200
beullito folds
Ouille21 calls 100
MathisKcr checks
*** FLOP *** [7s Qh Ac]
Ouille21 checks
MathisKcr bets 200
newnickname folds
Ouille21 calls 200
*** TURN *** [7s Qh Ac][Td]
Ouille21 checks
MathisKcr bets 500
Ouille21 calls 500
*** RIVER *** [7s Qh Ac Td][9s]
Ouille21 checks
MathisKcr bets 1075
Ouille21 calls 1075
*** SHOW DOWN ***
Ouille21 shows [2d Ad] (One pair : Aces)
MathisKcr shows [Ah 8d] (One pair : Aces)
MathisKcr collected 2150 from pot
Ouille21 collected 2150 from pot
*** SUMMARY ***
Total pot 4300 | No rake
Board: [7s Qh Ac Td 9s]
Seat 4: Ouille21 (small blind) showed [2d Ad] and won 2150 with One pair : Aces
Seat 5: MathisKcr (big blind) showed [Ah 8d] and won 2150 with One pair : Aces


Winamax Poker - Tournament "Kill The Fish" buyIn: 1.80€ + 0.20€ level: 1 - HandId: #4567741094170722306-9-1773609063 - Holdem no limit (25/100/200) - 2026/03/15 21:11:03 UTC
Table: 'Kill The Fish(1063510099)#001' 6-max (real money) Seat #4 is the button
Seat 1: RegEnTilt (18800, 0.90€ bounty)
Seat 2: newnickname (19350, 0.90€ bounty)
Seat 3: beullito (19400, 0.90€ bounty)
Seat 4: Ouille21 (25202, 0.90€ bounty)
Seat 5: MathisKcr (18748, 0.90€ bounty)
Seat 6: CFXMICH1 (18500, 0.90€ bounty)
*** ANTE/BLINDS ***
MathisKcr posts ante 25
CFXMICH1 posts ante 25
RegEnTilt posts ante 25
newnickname posts ante 25
beullito posts ante 25
Ouille21 posts ante 25
MathisKcr posts small blind 100
CFXMICH1 posts big blind 200
Dealt to MathisKcr [2c Kd]
*** PRE-FLOP *** 
RegEnTilt folds
newnickname raises 650 to 850
beullito raises 18525 to 19375 and is all-in
Ouille21 folds
MathisKcr folds
CFXMICH1 folds
newnickname folds
beullito collected 20675 from pot
*** SUMMARY ***
Total pot 20675 | No rake
Seat 3: beullito won 20675


Winamax Poker - Tournament "Kill The Fish" buyIn: 1.80€ + 0.20€ level: 1 - HandId: #4567741094170722306-10-1773609091 - Holdem no limit (25/100/200) - 2026/03/15 21:11:31 UTC
Table: 'Kill The Fish(1063510099)#001' 6-max (real money) Seat #5 is the button
Seat 1: RegEnTilt (18775, 0.90€ bounty)
Seat 2: newnickname (18475, 0.90€ bounty)
Seat 3: beullito (20675, 0.90€ bounty)
Seat 4: Ouille21 (25177, 0.90€ bounty)
Seat 5: MathisKcr (18623, 0.90€ bounty)
Seat 6: CFXMICH1 (18275, 0.90€ bounty)
*** ANTE/BLINDS ***
CFXMICH1 posts ante 25
RegEnTilt posts ante 25
newnickname posts ante 25
beullito posts ante 25
Ouille21 posts ante 25
MathisKcr posts ante 25
CFXMICH1 posts small blind 100
RegEnTilt posts big blind 200
Dealt to MathisKcr [7c 3d]
*** PRE-FLOP *** 
newnickname folds
beullito folds
Ouille21 raises 300 to 500
MathisKcr folds
CFXMICH1 folds
RegEnTilt calls 300
*** FLOP *** [5h Ac 3h]
RegEnTilt checks
Ouille21 checks
*** TURN *** [5h Ac 3h][9d]
RegEnTilt checks
Ouille21 bets 1000
RegEnTilt folds
Ouille21 collected 2250 from pot
*** SUMMARY ***
Total pot 2250 | No rake
Board: [5h Ac 3h 9d]
Seat 4: Ouille21 won 2250


Winamax Poker - Tournament "Kill The Fish" buyIn: 1.80€ + 0.20€ level: 1 - HandId: #4567741094170722306-11-1773609137 - Holdem no limit (25/100/200) - 2026/03/15 21:12:17 UTC
Table: 'Kill The Fish(1063510099)#001' 6-max (real money) Seat #6 is the button
Seat 1: RegEnTilt (18250, 0.90€ bounty)
Seat 2: newnickname (18450, 0.90€ bounty)
Seat 3: beullito (20650, 0.90€ bounty)
Seat 4: Ouille21 (25902, 0.90€ bounty)
Seat 5: MathisKcr (18598, 0.90€ bounty)
Seat 6: CFXMICH1 (18150, 0.90€ bounty)
*** ANTE/BLINDS ***
RegEnTilt posts ante 25
newnickname posts ante 25
beullito posts ante 25
Ouille21 posts ante 25
MathisKcr posts ante 25
CFXMICH1 posts ante 25
RegEnTilt posts small blind 100
newnickname posts big blind 200
Dealt to MathisKcr [Ac 5c]
*** PRE-FLOP *** 
beullito raises 350 to 550
Ouille21 folds
MathisKcr calls 550
CFXMICH1 folds
RegEnTilt folds
newnickname calls 350
*** FLOP *** [7h 7d 9s]
newnickname checks
beullito checks
MathisKcr bets 665
newnickname calls 665
beullito folds
*** TURN *** [7h 7d 9s][3c]
newnickname bets 1131
MathisKcr calls 1131
*** RIVER *** [7h 7d 9s 3c][4s]
newnickname bets 1922
MathisKcr folds
newnickname collected 7414 from pot
*** SUMMARY ***
Total pot 7414 | No rake
Board: [7h 7d 9s 3c 4s]
Seat 2: newnickname (big blind) won 7414


Winamax Poker - Tournament "Kill The Fish" buyIn: 1.80€ + 0.20€ level: 1 - HandId: #4567741094170722306-12-1773609221 - Holdem no limit (25/100/200) - 2026/03/15 21:13:41 UTC
Table: 'Kill The Fish(1063510099)#001' 6-max (real money) Seat #1 is the button
Seat 1: RegEnTilt (18125, 0.90€ bounty)
Seat 2: newnickname (21571, 0.90€ bounty)
Seat 3: beullito (20075, 0.90€ bounty)
Seat 4: Ouille21 (25877, 0.90€ bounty)
Seat 5: MathisKcr (16227, 0.90€ bounty)
Seat 6: CFXMICH1 (18125, 0.90€ bounty)
*** ANTE/BLINDS ***
newnickname posts ante 25
beullito posts ante 25
RegEnTilt posts ante 25
Ouille21 posts ante 25
MathisKcr posts ante 25
CFXMICH1 posts ante 25
newnickname posts small blind 100
beullito posts big blind 200
Dealt to MathisKcr [5c Jh]
*** PRE-FLOP *** 
Ouille21 folds
MathisKcr folds
CFXMICH1 folds
RegEnTilt folds
newnickname raises 200 to 400
beullito calls 200
*** FLOP *** [Ac Kh 3d]
newnickname checks
beullito checks
*** TURN *** [Ac Kh 3d][4s]
newnickname checks
beullito checks
*** RIVER *** [Ac Kh 3d 4s][Qh]
newnickname checks
beullito checks
*** SHOW DOWN ***
newnickname shows [Th 8c] (High card : Ace)
beullito shows [9c Ks] (One pair : Kings)
beullito collected 950 from pot
*** SUMMARY ***
Total pot 950 | No rake
Board: [Ac Kh 3d 4s Qh]
Seat 2: newnickname (small blind) showed [Th 8c] and lost with High card : Ace
Seat 3: beullito (big blind) showed [9c Ks] and won 950 with One pair : Kings


Winamax Poker - Tournament "Kill The Fish" buyIn: 1.80€ + 0.20€ level: 1 - HandId: #4567741094170722306-13-1773609287 - Holdem no limit (25/100/200) - 2026/03/15 21:14:47 UTC
Table: 'Kill The Fish(1063510099)#001' 6-max (real money) Seat #2 is the button
Seat 1: RegEnTilt (18100, 0.90€ bounty)
Seat 2: newnickname (21146, 0.90€ bounty)
Seat 3: beullito (20600, 0.90€ bounty)
Seat 4: Ouille21 (25852, 0.90€ bounty)
Seat 5: MathisKcr (16202, 0.90€ bounty)
Seat 6: CFXMICH1 (18100, 0.90€ bounty)
*** ANTE/BLINDS ***
beullito posts ante 25
Ouille21 posts ante 25
RegEnTilt posts ante 25
newnickname posts ante 25
MathisKcr posts ante 25
CFXMICH1 posts ante 25
beullito posts small blind 100
Ouille21 posts big blind 200
Dealt to MathisKcr [Qs Qh]
*** PRE-FLOP *** 
MathisKcr calls 200
CFXMICH1 folds
RegEnTilt folds
newnickname raises 850 to 1050
beullito folds
Ouille21 folds
MathisKcr raises 2100 to 3150
newnickname calls 2100
*** FLOP *** [6c 9c 8s]
MathisKcr bets 3375
newnickname calls 3375
*** TURN *** [6c 9c 8s][7c]
MathisKcr bets 9652 and is all-in
newnickname calls 9652
*** RIVER *** [6c 9c 8s 7c][Ah]
*** SHOW DOWN ***
MathisKcr shows [Qs Qh] (One pair : Queens)
newnickname shows [9d 8d] (Two pairs : 9 and 8)
newnickname collected 32804 from pot
*** SUMMARY ***
Total pot 32804 | No rake
Board: [6c 9c 8s 7c Ah]
Seat 2: newnickname (button) showed [9d 8d] and won 32804 with Two pairs : 9 and 8
Seat 5: MathisKcr showed [Qs Qh] and lost with One pair : Queens


