Winamax Poker - Tournament "Expresso Nitro" buyIn: 0.93€ + 0.07€ level: 1 - HandId: #4710104433806016513-1-1776358285 - Holdem no limit (10/20) - 2026/04/16 16:51:25 UTC
Table: 'Expresso Nitro(1096656647)#0' 3-max (real money) Seat #2 is the button
Seat 1: Kpark poker (300)
Seat 2: nic nic 25 (300)
Seat 3: MathisKcr (300)
*** ANTE/BLINDS ***
MathisKcr posts small blind 10
Kpark poker posts big blind 20
Dealt to MathisKcr [Td Ad]
*** PRE-FLOP *** 
nic nic 25 folds
MathisKcr raises 280 to 300 and is all-in
Kpark poker folds
MathisKcr collected 320 from pot
*** SUMMARY ***
Total pot 320 | No rake
Seat 3: MathisKcr (small blind) won 320


Winamax Poker - Tournament "Expresso Nitro" buyIn: 0.93€ + 0.07€ level: 1 - HandId: #4710104433806016513-2-1776358294 - Holdem no limit (10/20) - 2026/04/16 16:51:34 UTC
Table: 'Expresso Nitro(1096656647)#0' 3-max (real money) Seat #3 is the button
Seat 1: Kpark poker (280)
Seat 2: nic nic 25 (300)
Seat 3: MathisKcr (320)
*** ANTE/BLINDS ***
Kpark poker posts small blind 10
nic nic 25 posts big blind 20
Dealt to MathisKcr [Qh 5h]
*** PRE-FLOP *** 
MathisKcr raises 20 to 40
Kpark poker folds
nic nic 25 raises 90 to 130
MathisKcr calls 90
*** FLOP *** [Ad Jh 6h]
nic nic 25 bets 170 and is all-in
MathisKcr calls 170
*** TURN *** [Ad Jh 6h][9h]
*** RIVER *** [Ad Jh 6h 9h][3s]
*** SHOW DOWN ***
nic nic 25 shows [Jc Kh] (One pair : Jacks)
MathisKcr shows [Qh 5h] (Flush Queen high)
MathisKcr collected 610 from pot
*** SUMMARY ***
Total pot 610 | No rake
Board: [Ad Jh 6h 9h 3s]
Seat 2: nic nic 25 (big blind) showed [Jc Kh] and lost with One pair : Jacks
Seat 3: MathisKcr (button) showed [Qh 5h] and won 610 with Flush Queen high


Winamax Poker - Tournament "Expresso Nitro" buyIn: 0.93€ + 0.07€ level: 1 - HandId: #4710104433806016513-3-1776358320 - Holdem no limit (10/20) - 2026/04/16 16:52:00 UTC
Table: 'Expresso Nitro(1096656647)#0' 3-max (real money) Seat #3 is the button
Seat 1: Kpark poker (270)
Seat 3: MathisKcr (630)
*** ANTE/BLINDS ***
MathisKcr posts small blind 10
Kpark poker posts big blind 20
Dealt to MathisKcr [3s 7c]
*** PRE-FLOP *** 
MathisKcr folds
Kpark poker collected 30 from pot
*** SUMMARY ***
Total pot 30 | No rake
Seat 1: Kpark poker (big blind) won 30


Winamax Poker - Tournament "Expresso Nitro" buyIn: 0.93€ + 0.07€ level: 1 - HandId: #4710104433806016513-4-1776358324 - Holdem no limit (10/20) - 2026/04/16 16:52:04 UTC
Table: 'Expresso Nitro(1096656647)#0' 3-max (real money) Seat #1 is the button
Seat 1: Kpark poker (280)
Seat 3: MathisKcr (620)
*** ANTE/BLINDS ***
Kpark poker posts small blind 10
MathisKcr posts big blind 20
Dealt to MathisKcr [9s As]
*** PRE-FLOP *** 
Kpark poker raises 40 to 60
MathisKcr raises 560 to 620 and is all-in
Kpark poker calls 220 and is all-in
*** FLOP *** [2s 3d 3s]
*** TURN *** [2s 3d 3s][Th]
*** RIVER *** [2s 3d 3s Th][Qs]
*** SHOW DOWN ***
Kpark poker shows [9d Ts] (Two pairs : Tens and 3)
MathisKcr shows [9s As] (Flush Ace high)
MathisKcr collected 900 from pot
*** SUMMARY ***
Total pot 900 | No rake
Board: [2s 3d 3s Th Qs]
Seat 1: Kpark poker (small blind) (button) showed [9d Ts] and lost with Two pairs : Tens and 3
Seat 3: MathisKcr (big blind) showed [9s As] and won 900 with Flush Ace high


