Winamax Poker - Tournament "Expresso Nitro" buyIn: 0.93€ + 0.07€ level: 1 - HandId: #4671398523541913601-1-1774902071 - Holdem no limit (10/20) - 2026/03/30 20:21:11 UTC
Table: 'Expresso Nitro(1087644725)#0' 3-max (real money) Seat #3 is the button
Seat 1: lakom14 (300)
Seat 2: MathisKcr (300)
Seat 3: jaja38230 (300)
*** ANTE/BLINDS ***
lakom14 posts small blind 10
MathisKcr posts big blind 20
Dealt to MathisKcr [9s Qd]
*** PRE-FLOP *** 
jaja38230 folds
lakom14 folds
MathisKcr collected 30 from pot
*** SUMMARY ***
Total pot 30 | No rake
Seat 2: MathisKcr (big blind) won 30


Winamax Poker - Tournament "Expresso Nitro" buyIn: 0.93€ + 0.07€ level: 1 - HandId: #4671398523541913601-2-1774902079 - Holdem no limit (10/20) - 2026/03/30 20:21:19 UTC
Table: 'Expresso Nitro(1087644725)#0' 3-max (real money) Seat #1 is the button
Seat 1: lakom14 (290)
Seat 2: MathisKcr (310)
Seat 3: jaja38230 (300)
*** ANTE/BLINDS ***
MathisKcr posts small blind 10
jaja38230 posts big blind 20
Dealt to MathisKcr [Ts 5d]
*** PRE-FLOP *** 
lakom14 calls 20
MathisKcr folds
jaja38230 checks
*** FLOP *** [5h 2d 9d]
jaja38230 checks
lakom14 checks
*** TURN *** [5h 2d 9d][2s]
jaja38230 checks
lakom14 checks
*** RIVER *** [5h 2d 9d 2s][As]
jaja38230 checks
lakom14 checks
*** SHOW DOWN ***
jaja38230 shows [7d 3d] (One pair : 2)
lakom14 shows [6c Jc] (One pair : 2)
lakom14 collected 50 from pot
*** SUMMARY ***
Total pot 50 | No rake
Board: [5h 2d 9d 2s As]
Seat 1: lakom14 (button) showed [6c Jc] and won 50 with One pair : 2
Seat 3: jaja38230 (big blind) showed [7d 3d] and lost with One pair : 2


Winamax Poker - Tournament "Expresso Nitro" buyIn: 0.93€ + 0.07€ level: 1 - HandId: #4671398523541913601-3-1774902099 - Holdem no limit (10/20) - 2026/03/30 20:21:39 UTC
Table: 'Expresso Nitro(1087644725)#0' 3-max (real money) Seat #2 is the button
Seat 1: lakom14 (320)
Seat 2: MathisKcr (300)
Seat 3: jaja38230 (280)
*** ANTE/BLINDS ***
jaja38230 posts small blind 10
lakom14 posts big blind 20
Dealt to MathisKcr [6c 8c]
*** PRE-FLOP *** 
MathisKcr folds
jaja38230 calls 10
lakom14 raises 30 to 50
jaja38230 calls 30
*** FLOP *** [Ah 5d Kc]
jaja38230 checks
lakom14 bets 65
jaja38230 folds
lakom14 collected 165 from pot
*** SUMMARY ***
Total pot 165 | No rake
Board: [Ah 5d Kc]
Seat 1: lakom14 (big blind) won 165


Winamax Poker - Tournament "Expresso Nitro" buyIn: 0.93€ + 0.07€ level: 1 - HandId: #4671398523541913601-4-1774902117 - Holdem no limit (10/20) - 2026/03/30 20:21:57 UTC
Table: 'Expresso Nitro(1087644725)#0' 3-max (real money) Seat #3 is the button
Seat 1: lakom14 (370)
Seat 2: MathisKcr (300)
Seat 3: jaja38230 (230)
*** ANTE/BLINDS ***
lakom14 posts small blind 10
MathisKcr posts big blind 20
Dealt to MathisKcr [4h Qh]
*** PRE-FLOP *** 
jaja38230 folds
lakom14 calls 10
MathisKcr checks
*** FLOP *** [3s Ks Jd]
lakom14 bets 26
MathisKcr folds
lakom14 collected 66 from pot
*** SUMMARY ***
Total pot 66 | No rake
Board: [3s Ks Jd]
Seat 1: lakom14 (small blind) won 66


Winamax Poker - Tournament "Expresso Nitro" buyIn: 0.93€ + 0.07€ level: 2 - HandId: #4671398523541913601-5-1774902134 - Holdem no limit (15/30) - 2026/03/30 20:22:14 UTC
Table: 'Expresso Nitro(1087644725)#0' 3-max (real money) Seat #1 is the button
Seat 1: lakom14 (390)
Seat 2: MathisKcr (280)
Seat 3: jaja38230 (230)
*** ANTE/BLINDS ***
MathisKcr posts small blind 15
jaja38230 posts big blind 30
Dealt to MathisKcr [Ad 9d]
*** PRE-FLOP *** 
lakom14 calls 30
MathisKcr raises 250 to 280 and is all-in
jaja38230 calls 200 and is all-in
lakom14 folds
*** FLOP *** [4h 8h 4c]
*** TURN *** [4h 8h 4c][Ks]
*** RIVER *** [4h 8h 4c Ks][4d]
*** SHOW DOWN ***
MathisKcr shows [Ad 9d] (Trips of 4)
jaja38230 shows [Kh Qh] (Full of 4 and Kings)
jaja38230 collected 490 from main pot
MathisKcr collected 50 from side pot 1
*** SUMMARY ***
Total pot 540 | No rake
Board: [4h 8h 4c Ks 4d]
Seat 2: MathisKcr (small blind) showed [Ad 9d] and won 50 with Trips of 4
Seat 3: jaja38230 (big blind) showed [Kh Qh] and won 490 with Full of 4 and Kings


Winamax Poker - Tournament "Expresso Nitro" buyIn: 0.93€ + 0.07€ level: 2 - HandId: #4671398523541913601-6-1774902155 - Holdem no limit (15/30) - 2026/03/30 20:22:35 UTC
Table: 'Expresso Nitro(1087644725)#0' 3-max (real money) Seat #2 is the button
Seat 1: lakom14 (360)
Seat 2: MathisKcr (50)
Seat 3: jaja38230 (490)
*** ANTE/BLINDS ***
jaja38230 posts small blind 15
lakom14 posts big blind 30
Dealt to MathisKcr [Tc Kd]
*** PRE-FLOP *** 
MathisKcr raises 20 to 50 and is all-in
jaja38230 calls 35
lakom14 calls 20
*** FLOP *** [Ac Ad Qh]
jaja38230 checks
lakom14 checks
*** TURN *** [Ac Ad Qh][3s]
jaja38230 checks
lakom14 checks
*** RIVER *** [Ac Ad Qh 3s][4d]
jaja38230 checks
lakom14 bets 98
jaja38230 folds
*** SHOW DOWN ***
MathisKcr shows [Tc Kd] (One pair : Aces)
lakom14 shows [7d Ah] (Trips of Aces)
lakom14 collected 248 from pot
*** SUMMARY ***
Total pot 248 | No rake
Board: [Ac Ad Qh 3s 4d]
Seat 1: lakom14 (big blind) showed [7d Ah] and won 248 with Trips of Aces
Seat 2: MathisKcr (button) showed [Tc Kd] and lost with One pair : Aces


