Winamax Poker - Tournament "Expresso Nitro" buyIn: 0.93€ + 0.07€ level: 1 - HandId: #4667965173930131457-1-1774775354 - Holdem no limit (10/20) - 2026/03/29 09:09:14 UTC
Table: 'Expresso Nitro(1086845336)#0' 3-max (real money) Seat #1 is the button
Seat 1: zenkai26Z (300)
Seat 2: MathisKcr (300)
Seat 3: SuitedPotato (300)
*** ANTE/BLINDS ***
MathisKcr posts small blind 10
SuitedPotato posts big blind 20
Dealt to MathisKcr [Ts 8d]
*** PRE-FLOP *** 
zenkai26Z folds
MathisKcr folds
SuitedPotato collected 30 from pot
*** SUMMARY ***
Total pot 30 | No rake
Seat 3: SuitedPotato (big blind) won 30


Winamax Poker - Tournament "Expresso Nitro" buyIn: 0.93€ + 0.07€ level: 1 - HandId: #4667965173930131457-2-1774775359 - Holdem no limit (10/20) - 2026/03/29 09:09:19 UTC
Table: 'Expresso Nitro(1086845336)#0' 3-max (real money) Seat #2 is the button
Seat 1: zenkai26Z (300)
Seat 2: MathisKcr (290)
Seat 3: SuitedPotato (310)
*** ANTE/BLINDS ***
SuitedPotato posts small blind 10
zenkai26Z posts big blind 20
Dealt to MathisKcr [Jd 9s]
*** PRE-FLOP *** 
MathisKcr raises 20 to 40
SuitedPotato folds
zenkai26Z calls 20
*** FLOP *** [7d As 5s]
zenkai26Z checks
MathisKcr checks
*** TURN *** [7d As 5s][2s]
zenkai26Z checks
MathisKcr checks
*** RIVER *** [7d As 5s 2s][8d]
zenkai26Z checks
MathisKcr checks
*** SHOW DOWN ***
zenkai26Z shows [9d Th] (High card : Ace)
MathisKcr shows [Jd 9s] (High card : Ace)
MathisKcr collected 90 from pot
*** SUMMARY ***
Total pot 90 | No rake
Board: [7d As 5s 2s 8d]
Seat 1: zenkai26Z (big blind) showed [9d Th] and lost with High card : Ace
Seat 2: MathisKcr (button) showed [Jd 9s] and won 90 with High card : Ace


Winamax Poker - Tournament "Expresso Nitro" buyIn: 0.93€ + 0.07€ level: 1 - HandId: #4667965173930131457-3-1774775394 - Holdem no limit (10/20) - 2026/03/29 09:09:54 UTC
Table: 'Expresso Nitro(1086845336)#0' 3-max (real money) Seat #3 is the button
Seat 1: zenkai26Z (260)
Seat 2: MathisKcr (340)
Seat 3: SuitedPotato (300)
*** ANTE/BLINDS ***
zenkai26Z posts small blind 10
MathisKcr posts big blind 20
Dealt to MathisKcr [Qd 8c]
*** PRE-FLOP *** 
SuitedPotato folds
zenkai26Z raises 20 to 40
MathisKcr calls 20
*** FLOP *** [9h Ac 4s]
zenkai26Z checks
MathisKcr checks
*** TURN *** [9h Ac 4s][6c]
zenkai26Z checks
MathisKcr checks
*** RIVER *** [9h Ac 4s 6c][2h]
zenkai26Z checks
MathisKcr checks
*** SHOW DOWN ***
zenkai26Z shows [Th Jd] (High card : Ace)
MathisKcr shows [Qd 8c] (High card : Ace)
MathisKcr collected 80 from pot
*** SUMMARY ***
Total pot 80 | No rake
Board: [9h Ac 4s 6c 2h]
Seat 1: zenkai26Z (small blind) showed [Th Jd] and lost with High card : Ace
Seat 2: MathisKcr (big blind) showed [Qd 8c] and won 80 with High card : Ace


Winamax Poker - Tournament "Expresso Nitro" buyIn: 0.93€ + 0.07€ level: 2 - HandId: #4667965173930131457-4-1774775433 - Holdem no limit (15/30) - 2026/03/29 09:10:33 UTC
Table: 'Expresso Nitro(1086845336)#0' 3-max (real money) Seat #1 is the button
Seat 1: zenkai26Z (220)
Seat 2: MathisKcr (380)
Seat 3: SuitedPotato (300)
*** ANTE/BLINDS ***
MathisKcr posts small blind 15
SuitedPotato posts big blind 30
Dealt to MathisKcr [6d 8s]
*** PRE-FLOP *** 
zenkai26Z raises 30 to 60
MathisKcr folds
SuitedPotato calls 30
*** FLOP *** [5s 8h Tc]
SuitedPotato checks
zenkai26Z checks
*** TURN *** [5s 8h Tc][7s]
SuitedPotato checks
zenkai26Z checks
*** RIVER *** [5s 8h Tc 7s][Qs]
SuitedPotato checks
zenkai26Z checks
*** SHOW DOWN ***
SuitedPotato shows [Kh Jc] (High card : King)
zenkai26Z shows [Kc 7d] (One pair : 7)
zenkai26Z collected 135 from pot
*** SUMMARY ***
Total pot 135 | No rake
Board: [5s 8h Tc 7s Qs]
Seat 1: zenkai26Z (button) showed [Kc 7d] and won 135 with One pair : 7
Seat 3: SuitedPotato (big blind) showed [Kh Jc] and lost with High card : King


Winamax Poker - Tournament "Expresso Nitro" buyIn: 0.93€ + 0.07€ level: 3 - HandId: #4667965173930131457-5-1774775479 - Holdem no limit (20/40) - 2026/03/29 09:11:19 UTC
Table: 'Expresso Nitro(1086845336)#0' 3-max (real money) Seat #2 is the button
Seat 1: zenkai26Z (295)
Seat 2: MathisKcr (365)
Seat 3: SuitedPotato (240)
*** ANTE/BLINDS ***
SuitedPotato posts small blind 20
zenkai26Z posts big blind 40
Dealt to MathisKcr [Ad 5d]
*** PRE-FLOP *** 
MathisKcr raises 325 to 365 and is all-in
SuitedPotato calls 220 and is all-in
zenkai26Z folds
*** FLOP *** [Td Kd Th]
*** TURN *** [Td Kd Th][8h]
*** RIVER *** [Td Kd Th 8h][Ac]
*** SHOW DOWN ***
MathisKcr shows [Ad 5d] (Two pairs : Aces and Tens)
SuitedPotato shows [Qd Ah] (Two pairs : Aces and Tens)
SuitedPotato collected 260 from main pot
MathisKcr collected 385 from side pot 1
*** SUMMARY ***
Total pot 645 | No rake
Board: [Td Kd Th 8h Ac]
Seat 2: MathisKcr (button) showed [Ad 5d] and won 385 with Two pairs : Aces and Tens
Seat 3: SuitedPotato (small blind) showed [Qd Ah] and won 260 with Two pairs : Aces and Tens


Winamax Poker - Tournament "Expresso Nitro" buyIn: 0.93€ + 0.07€ level: 3 - HandId: #4667965173930131457-6-1774775505 - Holdem no limit (20/40) - 2026/03/29 09:11:45 UTC
Table: 'Expresso Nitro(1086845336)#0' 3-max (real money) Seat #3 is the button
Seat 1: zenkai26Z (255)
Seat 2: MathisKcr (385)
Seat 3: SuitedPotato (260)
*** ANTE/BLINDS ***
zenkai26Z posts small blind 20
MathisKcr posts big blind 40
Dealt to MathisKcr [5h Ad]
*** PRE-FLOP *** 
SuitedPotato raises 80 to 120
zenkai26Z folds
MathisKcr raises 265 to 385 and is all-in
SuitedPotato calls 140 and is all-in
*** FLOP *** [8d 2h 6d]
*** TURN *** [8d 2h 6d][Kc]
*** RIVER *** [8d 2h 6d Kc][Ah]
*** SHOW DOWN ***
SuitedPotato shows [Qd Qs] (One pair : Queens)
MathisKcr shows [5h Ad] (One pair : Aces)
MathisKcr collected 665 from pot
*** SUMMARY ***
Total pot 665 | No rake
Board: [8d 2h 6d Kc Ah]
Seat 2: MathisKcr (big blind) showed [5h Ad] and won 665 with One pair : Aces
Seat 3: SuitedPotato (button) showed [Qd Qs] and lost with One pair : Queens


Winamax Poker - Tournament "Expresso Nitro" buyIn: 0.93€ + 0.07€ level: 4 - HandId: #4667965173930131457-7-1774775532 - Holdem no limit (30/60) - 2026/03/29 09:12:12 UTC
Table: 'Expresso Nitro(1086845336)#0' 3-max (real money) Seat #2 is the button
Seat 1: zenkai26Z (235)
Seat 2: MathisKcr (665)
*** ANTE/BLINDS ***
MathisKcr posts small blind 30
zenkai26Z posts big blind 60
Dealt to MathisKcr [Qd Ad]
*** PRE-FLOP *** 
MathisKcr raises 605 to 665 and is all-in
zenkai26Z calls 175 and is all-in
*** FLOP *** [9d 2c 7s]
*** TURN *** [9d 2c 7s][Ah]
*** RIVER *** [9d 2c 7s Ah][2s]
*** SHOW DOWN ***
zenkai26Z shows [Js 5h] (One pair : 2)
MathisKcr shows [Qd Ad] (Two pairs : Aces and 2)
MathisKcr collected 900 from pot
*** SUMMARY ***
Total pot 900 | No rake
Board: [9d 2c 7s Ah 2s]
Seat 1: zenkai26Z (big blind) showed [Js 5h] and lost with One pair : 2
Seat 2: MathisKcr (small blind) (button) showed [Qd Ad] and won 900 with Two pairs : Aces and 2


