Winamax Poker - Tournament "Expresso Nitro" buyIn: 0.93€ + 0.07€ level: 1 - HandId: #4618108755471499265-1-1773061474 - Holdem no limit (10/20) - 2026/03/09 13:04:34 UTC
Table: 'Expresso Nitro(1075237234)#0' 3-max (real money) Seat #2 is the button
Seat 1: MathisKcr (300)
Seat 2: lombardinije (300)
Seat 3: Zewelly7078 (300)
*** ANTE/BLINDS ***
Zewelly7078 posts small blind 10
MathisKcr posts big blind 20
Dealt to MathisKcr [5c 6s]
*** PRE-FLOP *** 
lombardinije folds
Zewelly7078 calls 10
MathisKcr checks
*** FLOP *** [8s 8h 7d]
Zewelly7078 checks
MathisKcr bets 40
Zewelly7078 folds
MathisKcr collected 80 from pot
*** SUMMARY ***
Total pot 80 | No rake
Board: [8s 8h 7d]
Seat 1: MathisKcr (big blind) won 80


Winamax Poker - Tournament "Expresso Nitro" buyIn: 0.93€ + 0.07€ level: 1 - HandId: #4618108755471499265-2-1773061498 - Holdem no limit (10/20) - 2026/03/09 13:04:58 UTC
Table: 'Expresso Nitro(1075237234)#0' 3-max (real money) Seat #3 is the button
Seat 1: MathisKcr (320)
Seat 2: lombardinije (300)
Seat 3: Zewelly7078 (280)
*** ANTE/BLINDS ***
MathisKcr posts small blind 10
lombardinije posts big blind 20
Dealt to MathisKcr [5c Qs]
*** PRE-FLOP *** 
Zewelly7078 raises 20 to 40
MathisKcr folds
lombardinije calls 20
*** FLOP *** [Ah 8c Kd]
lombardinije bets 260 and is all-in
Zewelly7078 folds
lombardinije collected 350 from pot
*** SUMMARY ***
Total pot 350 | No rake
Board: [Ah 8c Kd]
Seat 2: lombardinije (big blind) won 350


Winamax Poker - Tournament "Expresso Nitro" buyIn: 0.93€ + 0.07€ level: 1 - HandId: #4618108755471499265-3-1773061511 - Holdem no limit (10/20) - 2026/03/09 13:05:11 UTC
Table: 'Expresso Nitro(1075237234)#0' 3-max (real money) Seat #1 is the button
Seat 1: MathisKcr (310)
Seat 2: lombardinije (350)
Seat 3: Zewelly7078 (240)
*** ANTE/BLINDS ***
lombardinije posts small blind 10
Zewelly7078 posts big blind 20
Dealt to MathisKcr [Jh 4c]
*** PRE-FLOP *** 
MathisKcr folds
lombardinije calls 10
Zewelly7078 checks
*** FLOP *** [Ah 8c Ac]
lombardinije bets 40
Zewelly7078 calls 40
*** TURN *** [Ah 8c Ac][2s]
lombardinije bets 120
Zewelly7078 folds
lombardinije collected 240 from pot
*** SUMMARY ***
Total pot 240 | No rake
Board: [Ah 8c Ac 2s]
Seat 2: lombardinije (small blind) won 240


Winamax Poker - Tournament "Expresso Nitro" buyIn: 0.93€ + 0.07€ level: 1 - HandId: #4618108755471499265-4-1773061531 - Holdem no limit (10/20) - 2026/03/09 13:05:31 UTC
Table: 'Expresso Nitro(1075237234)#0' 3-max (real money) Seat #2 is the button
Seat 1: MathisKcr (310)
Seat 2: lombardinije (410)
Seat 3: Zewelly7078 (180)
*** ANTE/BLINDS ***
Zewelly7078 posts small blind 10
MathisKcr posts big blind 20
Dealt to MathisKcr [3d Td]
*** PRE-FLOP *** 
lombardinije folds
Zewelly7078 calls 10
MathisKcr checks
*** FLOP *** [Ts 4h 4d]
Zewelly7078 bets 20
MathisKcr raises 45 to 65
Zewelly7078 calls 45
*** TURN *** [Ts 4h 4d][2d]
Zewelly7078 checks
MathisKcr bets 111
Zewelly7078 calls 95 and is all-in
*** RIVER *** [Ts 4h 4d 2d][5c]
*** SHOW DOWN ***
Zewelly7078 shows [Kd Ad] (One pair : 4)
MathisKcr shows [3d Td] (Two pairs : Tens and 4)
MathisKcr collected 376 from pot
*** SUMMARY ***
Total pot 376 | No rake
Board: [Ts 4h 4d 2d 5c]
Seat 1: MathisKcr (big blind) showed [3d Td] and won 376 with Two pairs : Tens and 4
Seat 3: Zewelly7078 (small blind) showed [Kd Ad] and lost with One pair : 4


Winamax Poker - Tournament "Expresso Nitro" buyIn: 0.93€ + 0.07€ level: 2 - HandId: #4618108755471499265-5-1773061554 - Holdem no limit (15/30) - 2026/03/09 13:05:54 UTC
Table: 'Expresso Nitro(1075237234)#0' 3-max (real money) Seat #1 is the button
Seat 1: MathisKcr (490)
Seat 2: lombardinije (410)
*** ANTE/BLINDS ***
MathisKcr posts small blind 15
lombardinije posts big blind 30
Dealt to MathisKcr [Qh Ad]
*** PRE-FLOP *** 
MathisKcr raises 460 to 490 and is all-in
lombardinije folds
MathisKcr collected 520 from pot
*** SUMMARY ***
Total pot 520 | No rake
Seat 1: MathisKcr (small blind) (button) won 520


Winamax Poker - Tournament "Expresso Nitro" buyIn: 0.93€ + 0.07€ level: 2 - HandId: #4618108755471499265-6-1773061563 - Holdem no limit (15/30) - 2026/03/09 13:06:03 UTC
Table: 'Expresso Nitro(1075237234)#0' 3-max (real money) Seat #2 is the button
Seat 1: MathisKcr (520)
Seat 2: lombardinije (380)
*** ANTE/BLINDS ***
lombardinije posts small blind 15
MathisKcr posts big blind 30
Dealt to MathisKcr [7s 9c]
*** PRE-FLOP *** 
lombardinije folds
MathisKcr collected 45 from pot
*** SUMMARY ***
Total pot 45 | No rake
Seat 1: MathisKcr (big blind) won 45


Winamax Poker - Tournament "Expresso Nitro" buyIn: 0.93€ + 0.07€ level: 2 - HandId: #4618108755471499265-7-1773061568 - Holdem no limit (15/30) - 2026/03/09 13:06:08 UTC
Table: 'Expresso Nitro(1075237234)#0' 3-max (real money) Seat #1 is the button
Seat 1: MathisKcr (535)
Seat 2: lombardinije (365)
*** ANTE/BLINDS ***
MathisKcr posts small blind 15
lombardinije posts big blind 30
Dealt to MathisKcr [8s 5h]
*** PRE-FLOP *** 
MathisKcr calls 15
lombardinije raises 335 to 365 and is all-in
MathisKcr folds
lombardinije collected 395 from pot
*** SUMMARY ***
Total pot 395 | No rake
Seat 2: lombardinije (big blind) won 395


Winamax Poker - Tournament "Expresso Nitro" buyIn: 0.93€ + 0.07€ level: 2 - HandId: #4618108755471499265-8-1773061576 - Holdem no limit (15/30) - 2026/03/09 13:06:16 UTC
Table: 'Expresso Nitro(1075237234)#0' 3-max (real money) Seat #2 is the button
Seat 1: MathisKcr (505)
Seat 2: lombardinije (395)
*** ANTE/BLINDS ***
lombardinije posts small blind 15
MathisKcr posts big blind 30
Dealt to MathisKcr [Qh 6c]
*** PRE-FLOP *** 
lombardinije calls 15
MathisKcr checks
*** FLOP *** [3s Jh 7c]
MathisKcr checks
lombardinije bets 60
MathisKcr folds
lombardinije collected 120 from pot
*** SUMMARY ***
Total pot 120 | No rake
Board: [3s Jh 7c]
Seat 2: lombardinije (small blind) (button) won 120


Winamax Poker - Tournament "Expresso Nitro" buyIn: 0.93€ + 0.07€ level: 2 - HandId: #4618108755471499265-9-1773061587 - Holdem no limit (15/30) - 2026/03/09 13:06:27 UTC
Table: 'Expresso Nitro(1075237234)#0' 3-max (real money) Seat #1 is the button
Seat 1: MathisKcr (475)
Seat 2: lombardinije (425)
*** ANTE/BLINDS ***
MathisKcr posts small blind 15
lombardinije posts big blind 30
Dealt to MathisKcr [8c Jd]
*** PRE-FLOP *** 
MathisKcr calls 15
lombardinije checks
*** FLOP *** [5h Kh 5d]
lombardinije bets 60
MathisKcr folds
lombardinije collected 120 from pot
*** SUMMARY ***
Total pot 120 | No rake
Board: [5h Kh 5d]
Seat 2: lombardinije (big blind) won 120


Winamax Poker - Tournament "Expresso Nitro" buyIn: 0.93€ + 0.07€ level: 3 - HandId: #4618108755471499265-10-1773061605 - Holdem no limit (20/40) - 2026/03/09 13:06:45 UTC
Table: 'Expresso Nitro(1075237234)#0' 3-max (real money) Seat #2 is the button
Seat 1: MathisKcr (445)
Seat 2: lombardinije (455)
*** ANTE/BLINDS ***
lombardinije posts small blind 20
MathisKcr posts big blind 40
Dealt to MathisKcr [Kd Ks]
*** PRE-FLOP *** 
lombardinije calls 20
MathisKcr raises 405 to 445 and is all-in
lombardinije folds
MathisKcr collected 485 from pot
*** SUMMARY ***
Total pot 485 | No rake
Seat 1: MathisKcr (big blind) won 485


Winamax Poker - Tournament "Expresso Nitro" buyIn: 0.93€ + 0.07€ level: 3 - HandId: #4618108755471499265-11-1773061613 - Holdem no limit (20/40) - 2026/03/09 13:06:53 UTC
Table: 'Expresso Nitro(1075237234)#0' 3-max (real money) Seat #1 is the button
Seat 1: MathisKcr (485)
Seat 2: lombardinije (415)
*** ANTE/BLINDS ***
MathisKcr posts small blind 20
lombardinije posts big blind 40
Dealt to MathisKcr [Jh 8h]
*** PRE-FLOP *** 
MathisKcr calls 20
lombardinije checks
*** FLOP *** [4s Kc 2s]
lombardinije bets 40
MathisKcr calls 40
*** TURN *** [4s Kc 2s][5c]
lombardinije checks
MathisKcr checks
*** RIVER *** [4s Kc 2s 5c][3h]
lombardinije bets 160
MathisKcr folds
lombardinije collected 320 from pot
*** SUMMARY ***
Total pot 320 | No rake
Board: [4s Kc 2s 5c 3h]
Seat 2: lombardinije (big blind) won 320


Winamax Poker - Tournament "Expresso Nitro" buyIn: 0.93€ + 0.07€ level: 3 - HandId: #4618108755471499265-12-1773061642 - Holdem no limit (20/40) - 2026/03/09 13:07:22 UTC
Table: 'Expresso Nitro(1075237234)#0' 3-max (real money) Seat #2 is the button
Seat 1: MathisKcr (405)
Seat 2: lombardinije (495)
*** ANTE/BLINDS ***
lombardinije posts small blind 20
MathisKcr posts big blind 40
Dealt to MathisKcr [5h Kd]
*** PRE-FLOP *** 
lombardinije calls 20
MathisKcr raises 365 to 405 and is all-in
lombardinije raises 90 to 495 and is all-in
*** FLOP *** [7s Ad 4h]
*** TURN *** [7s Ad 4h][Qd]
*** RIVER *** [7s Ad 4h Qd][4d]
*** SHOW DOWN ***
MathisKcr shows [5h Kd] (One pair : 4)
lombardinije shows [As Ah] (Full of Aces and 4)
lombardinije collected 900 from pot
*** SUMMARY ***
Total pot 900 | No rake
Board: [7s Ad 4h Qd 4d]
Seat 1: MathisKcr (big blind) showed [5h Kd] and lost with One pair : 4
Seat 2: lombardinije (small blind) (button) showed [As Ah] and won 900 with Full of Aces and 4


