Winamax Poker - Tournament "Expresso Nitro" buyIn: 0.93€ + 0.07€ level: 1 - HandId: #4612316425137160193-1-1772815503 - Holdem no limit (10/20) - 2026/03/06 16:45:03 UTC
Table: 'Expresso Nitro(1073888602)#0' 3-max (real money) Seat #1 is the button
Seat 1: Poseidon0 (300)
Seat 2: MathisKcr (300)
Seat 3: Babass3349 (300)
*** ANTE/BLINDS ***
MathisKcr posts small blind 10
Babass3349 posts big blind 20
Dealt to MathisKcr [7d Qh]
*** PRE-FLOP *** 
Poseidon0 raises 280 to 300 and is all-in
MathisKcr folds
Babass3349 calls 280 and is all-in
*** FLOP *** [4c 9h Ad]
*** TURN *** [4c 9h Ad][3d]
*** RIVER *** [4c 9h Ad 3d][Ts]
*** SHOW DOWN ***
Babass3349 shows [7c As] (One pair : Aces)
Poseidon0 shows [Td Tc] (Trips of Tens)
Poseidon0 collected 610 from pot
*** SUMMARY ***
Total pot 610 | No rake
Board: [4c 9h Ad 3d Ts]
Seat 1: Poseidon0 (button) showed [Td Tc] and won 610 with Trips of Tens
Seat 3: Babass3349 (big blind) showed [7c As] and lost with One pair : Aces


Winamax Poker - Tournament "Expresso Nitro" buyIn: 0.93€ + 0.07€ level: 1 - HandId: #4612316425137160193-2-1772815528 - Holdem no limit (10/20) - 2026/03/06 16:45:28 UTC
Table: 'Expresso Nitro(1073888602)#0' 3-max (real money) Seat #1 is the button
Seat 1: Poseidon0 (610)
Seat 2: MathisKcr (290)
*** ANTE/BLINDS ***
Poseidon0 posts small blind 10
MathisKcr posts big blind 20
Dealt to MathisKcr [Jh 9c]
*** PRE-FLOP *** 
Poseidon0 raises 590 to 610 and is all-in
MathisKcr calls 270 and is all-in
*** FLOP *** [7h 6s 2s]
*** TURN *** [7h 6s 2s][7s]
*** RIVER *** [7h 6s 2s 7s][Ks]
*** SHOW DOWN ***
MathisKcr shows [Jh 9c] (One pair : 7)
Poseidon0 shows [Ad Js] (Flush King high)
Poseidon0 collected 900 from pot
*** SUMMARY ***
Total pot 900 | No rake
Board: [7h 6s 2s 7s Ks]
Seat 1: Poseidon0 (small blind) (button) showed [Ad Js] and won 900 with Flush King high
Seat 2: MathisKcr (big blind) showed [Jh 9c] and lost with One pair : 7


