Winamax Poker - Tournament "Expresso Nitro" buyIn: 0.93€ + 0.07€ level: 1 - HandId: #4556681484664045569-1-1770659935 - Holdem no limit (10/20) - 2026/02/09 17:58:55 UTC
Table: 'Expresso Nitro(1060935083)#0' 3-max (real money) Seat #2 is the button
Seat 1: MathisKcr (300)
Seat 2: Levjer (300)
Seat 3: NicoRRC (300)
*** ANTE/BLINDS ***
NicoRRC posts small blind 10
MathisKcr posts big blind 20
Dealt to MathisKcr [As Ks]
*** PRE-FLOP *** 
Levjer raises 40 to 60
NicoRRC folds
MathisKcr raises 240 to 300 and is all-in
Levjer calls 240 and is all-in
*** FLOP *** [Ad Js 8h]
*** TURN *** [Ad Js 8h][3c]
*** RIVER *** [Ad Js 8h 3c][6c]
*** SHOW DOWN ***
Levjer shows [Qd Kh] (High card : Ace)
MathisKcr shows [As Ks] (One pair : Aces)
MathisKcr collected 610 from pot
*** SUMMARY ***
Total pot 610 | No rake
Board: [Ad Js 8h 3c 6c]
Seat 1: MathisKcr (big blind) showed [As Ks] and won 610 with One pair : Aces
Seat 2: Levjer (button) showed [Qd Kh] and lost with High card : Ace


Winamax Poker - Tournament "Expresso Nitro" buyIn: 0.93€ + 0.07€ level: 1 - HandId: #4556681484664045569-2-1770659952 - Holdem no limit (10/20) - 2026/02/09 17:59:12 UTC
Table: 'Expresso Nitro(1060935083)#0' 3-max (real money) Seat #1 is the button
Seat 1: MathisKcr (610)
Seat 3: NicoRRC (290)
*** ANTE/BLINDS ***
MathisKcr posts small blind 10
NicoRRC posts big blind 20
Dealt to MathisKcr [6d Qs]
*** PRE-FLOP *** 
MathisKcr raises 40 to 60
NicoRRC raises 120 to 180
MathisKcr calls 120
*** FLOP *** [Th 7c Ac]
NicoRRC bets 110 and is all-in
MathisKcr folds
NicoRRC collected 470 from pot
*** SUMMARY ***
Total pot 470 | No rake
Board: [Th 7c Ac]
Seat 3: NicoRRC (big blind) won 470


Winamax Poker - Tournament "Expresso Nitro" buyIn: 0.93€ + 0.07€ level: 1 - HandId: #4556681484664045569-3-1770659963 - Holdem no limit (10/20) - 2026/02/09 17:59:23 UTC
Table: 'Expresso Nitro(1060935083)#0' 3-max (real money) Seat #3 is the button
Seat 1: MathisKcr (430)
Seat 3: NicoRRC (470)
*** ANTE/BLINDS ***
NicoRRC posts small blind 10
MathisKcr posts big blind 20
Dealt to MathisKcr [3d Jh]
*** PRE-FLOP *** 
NicoRRC calls 10
MathisKcr checks
*** FLOP *** [Ad 7h 6c]
MathisKcr checks
NicoRRC bets 26
MathisKcr folds
NicoRRC collected 66 from pot
*** SUMMARY ***
Total pot 66 | No rake
Board: [Ad 7h 6c]
Seat 3: NicoRRC (small blind) (button) won 66


Winamax Poker - Tournament "Expresso Nitro" buyIn: 0.93€ + 0.07€ level: 1 - HandId: #4556681484664045569-4-1770659975 - Holdem no limit (10/20) - 2026/02/09 17:59:35 UTC
Table: 'Expresso Nitro(1060935083)#0' 3-max (real money) Seat #1 is the button
Seat 1: MathisKcr (410)
Seat 3: NicoRRC (490)
*** ANTE/BLINDS ***
MathisKcr posts small blind 10
NicoRRC posts big blind 20
Dealt to MathisKcr [7s 4h]
*** PRE-FLOP *** 
MathisKcr folds
NicoRRC collected 30 from pot
*** SUMMARY ***
Total pot 30 | No rake
Seat 3: NicoRRC (big blind) won 30


Winamax Poker - Tournament "Expresso Nitro" buyIn: 0.93€ + 0.07€ level: 1 - HandId: #4556681484664045569-5-1770659980 - Holdem no limit (10/20) - 2026/02/09 17:59:40 UTC
Table: 'Expresso Nitro(1060935083)#0' 3-max (real money) Seat #3 is the button
Seat 1: MathisKcr (400)
Seat 3: NicoRRC (500)
*** ANTE/BLINDS ***
NicoRRC posts small blind 10
MathisKcr posts big blind 20
Dealt to MathisKcr [2s 8d]
*** PRE-FLOP *** 
NicoRRC calls 10
MathisKcr checks
*** FLOP *** [Kh 5d Qs]
MathisKcr checks
NicoRRC bets 20
MathisKcr folds
NicoRRC collected 60 from pot
*** SUMMARY ***
Total pot 60 | No rake
Board: [Kh 5d Qs]
Seat 3: NicoRRC (small blind) (button) won 60


Winamax Poker - Tournament "Expresso Nitro" buyIn: 0.93€ + 0.07€ level: 1 - HandId: #4556681484664045569-6-1770659991 - Holdem no limit (10/20) - 2026/02/09 17:59:51 UTC
Table: 'Expresso Nitro(1060935083)#0' 3-max (real money) Seat #1 is the button
Seat 1: MathisKcr (380)
Seat 3: NicoRRC (520)
*** ANTE/BLINDS ***
MathisKcr posts small blind 10
NicoRRC posts big blind 20
Dealt to MathisKcr [4d Kc]
*** PRE-FLOP *** 
MathisKcr raises 360 to 380 and is all-in
NicoRRC folds
MathisKcr collected 400 from pot
*** SUMMARY ***
Total pot 400 | No rake
Seat 1: MathisKcr (small blind) (button) won 400


Winamax Poker - Tournament "Expresso Nitro" buyIn: 0.93€ + 0.07€ level: 2 - HandId: #4556681484664045569-7-1770659999 - Holdem no limit (15/30) - 2026/02/09 17:59:59 UTC
Table: 'Expresso Nitro(1060935083)#0' 3-max (real money) Seat #3 is the button
Seat 1: MathisKcr (400)
Seat 3: NicoRRC (500)
*** ANTE/BLINDS ***
NicoRRC posts small blind 15
MathisKcr posts big blind 30
Dealt to MathisKcr [4s 8s]
*** PRE-FLOP *** 
NicoRRC calls 15
MathisKcr raises 370 to 400 and is all-in
NicoRRC folds
MathisKcr collected 430 from pot
*** SUMMARY ***
Total pot 430 | No rake
Seat 1: MathisKcr (big blind) won 430


Winamax Poker - Tournament "Expresso Nitro" buyIn: 0.93€ + 0.07€ level: 2 - HandId: #4556681484664045569-8-1770660011 - Holdem no limit (15/30) - 2026/02/09 18:00:11 UTC
Table: 'Expresso Nitro(1060935083)#0' 3-max (real money) Seat #1 is the button
Seat 1: MathisKcr (430)
Seat 3: NicoRRC (470)
*** ANTE/BLINDS ***
MathisKcr posts small blind 15
NicoRRC posts big blind 30
Dealt to MathisKcr [Ah 9h]
*** PRE-FLOP *** 
MathisKcr raises 400 to 430 and is all-in
NicoRRC folds
MathisKcr collected 460 from pot
*** SUMMARY ***
Total pot 460 | No rake
Seat 1: MathisKcr (small blind) (button) won 460


Winamax Poker - Tournament "Expresso Nitro" buyIn: 0.93€ + 0.07€ level: 2 - HandId: #4556681484664045569-9-1770660020 - Holdem no limit (15/30) - 2026/02/09 18:00:20 UTC
Table: 'Expresso Nitro(1060935083)#0' 3-max (real money) Seat #3 is the button
Seat 1: MathisKcr (460)
Seat 3: NicoRRC (440)
*** ANTE/BLINDS ***
NicoRRC posts small blind 15
MathisKcr posts big blind 30
Dealt to MathisKcr [Kh 6c]
*** PRE-FLOP *** 
NicoRRC folds
MathisKcr collected 45 from pot
*** SUMMARY ***
Total pot 45 | No rake
Seat 1: MathisKcr (big blind) won 45


Winamax Poker - Tournament "Expresso Nitro" buyIn: 0.93€ + 0.07€ level: 2 - HandId: #4556681484664045569-10-1770660026 - Holdem no limit (15/30) - 2026/02/09 18:00:26 UTC
Table: 'Expresso Nitro(1060935083)#0' 3-max (real money) Seat #1 is the button
Seat 1: MathisKcr (475)
Seat 3: NicoRRC (425)
*** ANTE/BLINDS ***
MathisKcr posts small blind 15
NicoRRC posts big blind 30
Dealt to MathisKcr [Ad 2s]
*** PRE-FLOP *** 
MathisKcr raises 445 to 475 and is all-in
NicoRRC calls 395 and is all-in
*** FLOP *** [5d Qh 6h]
*** TURN *** [5d Qh 6h][9d]
*** RIVER *** [5d Qh 6h 9d][7c]
*** SHOW DOWN ***
MathisKcr shows [Ad 2s] (High card : Ace)
NicoRRC shows [Qs Kc] (One pair : Queens)
NicoRRC collected 850 from main pot
MathisKcr collected 50 from side pot 1
*** SUMMARY ***
Total pot 900 | No rake
Board: [5d Qh 6h 9d 7c]
Seat 1: MathisKcr (small blind) (button) showed [Ad 2s] and won 50 with High card : Ace
Seat 3: NicoRRC (big blind) showed [Qs Kc] and won 850 with One pair : Queens


Winamax Poker - Tournament "Expresso Nitro" buyIn: 0.93€ + 0.07€ level: 2 - HandId: #4556681484664045569-11-1770660038 - Holdem no limit (15/30) - 2026/02/09 18:00:38 UTC
Table: 'Expresso Nitro(1060935083)#0' 3-max (real money) Seat #3 is the button
Seat 1: MathisKcr (50)
Seat 3: NicoRRC (850)
*** ANTE/BLINDS ***
NicoRRC posts small blind 15
MathisKcr posts big blind 30
Dealt to MathisKcr [2h 6d]
*** PRE-FLOP *** 
NicoRRC calls 15
MathisKcr checks
*** FLOP *** [4s Ac Kh]
MathisKcr checks
NicoRRC checks
*** TURN *** [4s Ac Kh][Qh]
MathisKcr bets 20 and is all-in
NicoRRC calls 20
*** RIVER *** [4s Ac Kh Qh][Ts]
*** SHOW DOWN ***
MathisKcr shows [2h 6d] (High card : Ace)
NicoRRC shows [8d Tc] (One pair : Tens)
NicoRRC collected 100 from pot
*** SUMMARY ***
Total pot 100 | No rake
Board: [4s Ac Kh Qh Ts]
Seat 1: MathisKcr (big blind) showed [2h 6d] and lost with High card : Ace
Seat 3: NicoRRC (small blind) (button) showed [8d Tc] and won 100 with One pair : Tens


