Winamax Poker - Tournament "Expresso Nitro" buyIn: 0.93€ + 0.07€ level: 1 - HandId: #4559343990725410817-1-1770742545 - Holdem no limit (10/20) - 2026/02/10 16:55:45 UTC
Table: 'Expresso Nitro(1061554996)#0' 3-max (real money) Seat #2 is the button
Seat 1: MathisKcr (300)
Seat 2: Hug3PrAnKK_ (300)
Seat 3: krawork44 (300)
*** ANTE/BLINDS ***
krawork44 posts small blind 10
MathisKcr posts big blind 20
Dealt to MathisKcr [Jh 5c]
*** PRE-FLOP *** 
Hug3PrAnKK_ folds
krawork44 calls 10
MathisKcr raises 20 to 40
krawork44 calls 20
*** FLOP *** [Ad 4h Tc]
krawork44 checks
MathisKcr bets 50
krawork44 folds
MathisKcr collected 130 from pot
*** SUMMARY ***
Total pot 130 | No rake
Board: [Ad 4h Tc]
Seat 1: MathisKcr (big blind) won 130


Winamax Poker - Tournament "Expresso Nitro" buyIn: 0.93€ + 0.07€ level: 1 - HandId: #4559343990725410817-2-1770742582 - Holdem no limit (10/20) - 2026/02/10 16:56:22 UTC
Table: 'Expresso Nitro(1061554996)#0' 3-max (real money) Seat #3 is the button
Seat 1: MathisKcr (340)
Seat 2: Hug3PrAnKK_ (300)
Seat 3: krawork44 (260)
*** ANTE/BLINDS ***
MathisKcr posts small blind 10
Hug3PrAnKK_ posts big blind 20
Dealt to MathisKcr [Th 4h]
*** PRE-FLOP *** 
krawork44 raises 40 to 60
MathisKcr calls 50
Hug3PrAnKK_ folds
*** FLOP *** [Qc Td As]
MathisKcr bets 280 and is all-in
krawork44 folds
MathisKcr collected 420 from pot
*** SUMMARY ***
Total pot 420 | No rake
Board: [Qc Td As]
Seat 1: MathisKcr (small blind) won 420


Winamax Poker - Tournament "Expresso Nitro" buyIn: 0.93€ + 0.07€ level: 2 - HandId: #4559343990725410817-3-1770742622 - Holdem no limit (15/30) - 2026/02/10 16:57:02 UTC
Table: 'Expresso Nitro(1061554996)#0' 3-max (real money) Seat #1 is the button
Seat 1: MathisKcr (420)
Seat 2: Hug3PrAnKK_ (280)
Seat 3: krawork44 (200)
*** ANTE/BLINDS ***
Hug3PrAnKK_ posts small blind 15
krawork44 posts big blind 30
Dealt to MathisKcr [2c Qc]
*** PRE-FLOP *** 
MathisKcr raises 45 to 75
Hug3PrAnKK_ folds
krawork44 raises 125 to 200 and is all-in
MathisKcr calls 125
*** FLOP *** [Qh Jd Td]
*** TURN *** [Qh Jd Td][7h]
*** RIVER *** [Qh Jd Td 7h][6d]
*** SHOW DOWN ***
krawork44 shows [8s 8h] (One pair : 8)
MathisKcr shows [2c Qc] (One pair : Queens)
MathisKcr collected 415 from pot
*** SUMMARY ***
Total pot 415 | No rake
Board: [Qh Jd Td 7h 6d]
Seat 1: MathisKcr (button) showed [2c Qc] and won 415 with One pair : Queens
Seat 3: krawork44 (big blind) showed [8s 8h] and lost with One pair : 8


Winamax Poker - Tournament "Expresso Nitro" buyIn: 0.93€ + 0.07€ level: 2 - HandId: #4559343990725410817-4-1770742641 - Holdem no limit (15/30) - 2026/02/10 16:57:21 UTC
Table: 'Expresso Nitro(1061554996)#0' 3-max (real money) Seat #1 is the button
Seat 1: MathisKcr (635)
Seat 2: Hug3PrAnKK_ (265)
*** ANTE/BLINDS ***
MathisKcr posts small blind 15
Hug3PrAnKK_ posts big blind 30
Dealt to MathisKcr [Th Qh]
*** PRE-FLOP *** 
MathisKcr raises 60 to 90
Hug3PrAnKK_ folds
MathisKcr collected 120 from pot
*** SUMMARY ***
Total pot 120 | No rake
Seat 1: MathisKcr (small blind) (button) won 120


Winamax Poker - Tournament "Expresso Nitro" buyIn: 0.93€ + 0.07€ level: 2 - HandId: #4559343990725410817-5-1770742654 - Holdem no limit (15/30) - 2026/02/10 16:57:34 UTC
Table: 'Expresso Nitro(1061554996)#0' 3-max (real money) Seat #2 is the button
Seat 1: MathisKcr (665)
Seat 2: Hug3PrAnKK_ (235)
*** ANTE/BLINDS ***
Hug3PrAnKK_ posts small blind 15
MathisKcr posts big blind 30
Dealt to MathisKcr [2d 7h]
*** PRE-FLOP *** 
Hug3PrAnKK_ folds
MathisKcr collected 45 from pot
*** SUMMARY ***
Total pot 45 | No rake
Seat 1: MathisKcr (big blind) won 45


Winamax Poker - Tournament "Expresso Nitro" buyIn: 0.93€ + 0.07€ level: 2 - HandId: #4559343990725410817-6-1770742660 - Holdem no limit (15/30) - 2026/02/10 16:57:40 UTC
Table: 'Expresso Nitro(1061554996)#0' 3-max (real money) Seat #1 is the button
Seat 1: MathisKcr (680)
Seat 2: Hug3PrAnKK_ (220)
*** ANTE/BLINDS ***
MathisKcr posts small blind 15
Hug3PrAnKK_ posts big blind 30
Dealt to MathisKcr [Qh Qd]
*** PRE-FLOP *** 
MathisKcr raises 45 to 75
Hug3PrAnKK_ calls 45
*** FLOP *** [7s 6s Jd]
Hug3PrAnKK_ checks
MathisKcr bets 90
Hug3PrAnKK_ raises 55 to 145 and is all-in
MathisKcr calls 55
*** TURN *** [7s 6s Jd][8d]
*** RIVER *** [7s 6s Jd 8d][Ad]
*** SHOW DOWN ***
MathisKcr shows [Qh Qd] (One pair : Queens)
Hug3PrAnKK_ shows [Js 8h] (Two pairs : Jacks and 8)
Hug3PrAnKK_ collected 440 from pot
*** SUMMARY ***
Total pot 440 | No rake
Board: [7s 6s Jd 8d Ad]
Seat 1: MathisKcr (small blind) (button) showed [Qh Qd] and lost with One pair : Queens
Seat 2: Hug3PrAnKK_ (big blind) showed [Js 8h] and won 440 with Two pairs : Jacks and 8


Winamax Poker - Tournament "Expresso Nitro" buyIn: 0.93€ + 0.07€ level: 3 - HandId: #4559343990725410817-7-1770742683 - Holdem no limit (20/40) - 2026/02/10 16:58:03 UTC
Table: 'Expresso Nitro(1061554996)#0' 3-max (real money) Seat #2 is the button
Seat 1: MathisKcr (460)
Seat 2: Hug3PrAnKK_ (440)
*** ANTE/BLINDS ***
Hug3PrAnKK_ posts small blind 20
MathisKcr posts big blind 40
Dealt to MathisKcr [6d 7d]
*** PRE-FLOP *** 
Hug3PrAnKK_ calls 20
MathisKcr raises 420 to 460 and is all-in
Hug3PrAnKK_ folds
MathisKcr collected 500 from pot
*** SUMMARY ***
Total pot 500 | No rake
Seat 1: MathisKcr (big blind) won 500


Winamax Poker - Tournament "Expresso Nitro" buyIn: 0.93€ + 0.07€ level: 3 - HandId: #4559343990725410817-8-1770742696 - Holdem no limit (20/40) - 2026/02/10 16:58:16 UTC
Table: 'Expresso Nitro(1061554996)#0' 3-max (real money) Seat #1 is the button
Seat 1: MathisKcr (500)
Seat 2: Hug3PrAnKK_ (400)
*** ANTE/BLINDS ***
MathisKcr posts small blind 20
Hug3PrAnKK_ posts big blind 40
Dealt to MathisKcr [Js 2h]
*** PRE-FLOP *** 
MathisKcr raises 60 to 100
Hug3PrAnKK_ folds
MathisKcr collected 140 from pot
*** SUMMARY ***
Total pot 140 | No rake
Seat 1: MathisKcr (small blind) (button) won 140


Winamax Poker - Tournament "Expresso Nitro" buyIn: 0.93€ + 0.07€ level: 3 - HandId: #4559343990725410817-9-1770742707 - Holdem no limit (20/40) - 2026/02/10 16:58:27 UTC
Table: 'Expresso Nitro(1061554996)#0' 3-max (real money) Seat #2 is the button
Seat 1: MathisKcr (540)
Seat 2: Hug3PrAnKK_ (360)
*** ANTE/BLINDS ***
Hug3PrAnKK_ posts small blind 20
MathisKcr posts big blind 40
Dealt to MathisKcr [5d Ts]
*** PRE-FLOP *** 
Hug3PrAnKK_ folds
MathisKcr collected 60 from pot
*** SUMMARY ***
Total pot 60 | No rake
Seat 1: MathisKcr (big blind) won 60


Winamax Poker - Tournament "Expresso Nitro" buyIn: 0.93€ + 0.07€ level: 4 - HandId: #4559343990725410817-10-1770742724 - Holdem no limit (30/60) - 2026/02/10 16:58:44 UTC
Table: 'Expresso Nitro(1061554996)#0' 3-max (real money) Seat #1 is the button
Seat 1: MathisKcr (560)
Seat 2: Hug3PrAnKK_ (340)
*** ANTE/BLINDS ***
MathisKcr posts small blind 30
Hug3PrAnKK_ posts big blind 60
Dealt to MathisKcr [3s Jc]
*** PRE-FLOP *** 
MathisKcr raises 90 to 150
Hug3PrAnKK_ folds
MathisKcr collected 210 from pot
*** SUMMARY ***
Total pot 210 | No rake
Seat 1: MathisKcr (small blind) (button) won 210


Winamax Poker - Tournament "Expresso Nitro" buyIn: 0.93€ + 0.07€ level: 4 - HandId: #4559343990725410817-11-1770742733 - Holdem no limit (30/60) - 2026/02/10 16:58:53 UTC
Table: 'Expresso Nitro(1061554996)#0' 3-max (real money) Seat #2 is the button
Seat 1: MathisKcr (620)
Seat 2: Hug3PrAnKK_ (280)
*** ANTE/BLINDS ***
Hug3PrAnKK_ posts small blind 30
MathisKcr posts big blind 60
Dealt to MathisKcr [5s 8c]
*** PRE-FLOP *** 
Hug3PrAnKK_ raises 220 to 280 and is all-in
MathisKcr folds
Hug3PrAnKK_ collected 340 from pot
*** SUMMARY ***
Total pot 340 | No rake
Seat 2: Hug3PrAnKK_ (small blind) (button) won 340


Winamax Poker - Tournament "Expresso Nitro" buyIn: 0.93€ + 0.07€ level: 4 - HandId: #4559343990725410817-12-1770742744 - Holdem no limit (30/60) - 2026/02/10 16:59:04 UTC
Table: 'Expresso Nitro(1061554996)#0' 3-max (real money) Seat #1 is the button
Seat 1: MathisKcr (560)
Seat 2: Hug3PrAnKK_ (340)
*** ANTE/BLINDS ***
MathisKcr posts small blind 30
Hug3PrAnKK_ posts big blind 60
Dealt to MathisKcr [5s 5h]
*** PRE-FLOP *** 
MathisKcr raises 500 to 560 and is all-in
Hug3PrAnKK_ calls 280 and is all-in
*** FLOP *** [Ks 6s 3h]
*** TURN *** [Ks 6s 3h][8c]
*** RIVER *** [Ks 6s 3h 8c][6d]
*** SHOW DOWN ***
MathisKcr shows [5s 5h] (Two pairs : 6 and 5)
Hug3PrAnKK_ shows [9s 8h] (Two pairs : 8 and 6)
Hug3PrAnKK_ collected 680 from main pot
MathisKcr collected 220 from side pot 1
*** SUMMARY ***
Total pot 900 | No rake
Board: [Ks 6s 3h 8c 6d]
Seat 1: MathisKcr (small blind) (button) showed [5s 5h] and won 220 with Two pairs : 6 and 5
Seat 2: Hug3PrAnKK_ (big blind) showed [9s 8h] and won 680 with Two pairs : 8 and 6


Winamax Poker - Tournament "Expresso Nitro" buyIn: 0.93€ + 0.07€ level: 4 - HandId: #4559343990725410817-13-1770742757 - Holdem no limit (30/60) - 2026/02/10 16:59:17 UTC
Table: 'Expresso Nitro(1061554996)#0' 3-max (real money) Seat #2 is the button
Seat 1: MathisKcr (220)
Seat 2: Hug3PrAnKK_ (680)
*** ANTE/BLINDS ***
Hug3PrAnKK_ posts small blind 30
MathisKcr posts big blind 60
Dealt to MathisKcr [4h As]
*** PRE-FLOP *** 
Hug3PrAnKK_ folds
MathisKcr collected 90 from pot
*** SUMMARY ***
Total pot 90 | No rake
Seat 1: MathisKcr (big blind) won 90


Winamax Poker - Tournament "Expresso Nitro" buyIn: 0.93€ + 0.07€ level: 4 - HandId: #4559343990725410817-14-1770742762 - Holdem no limit (30/60) - 2026/02/10 16:59:22 UTC
Table: 'Expresso Nitro(1061554996)#0' 3-max (real money) Seat #1 is the button
Seat 1: MathisKcr (250)
Seat 2: Hug3PrAnKK_ (650)
*** ANTE/BLINDS ***
MathisKcr posts small blind 30
Hug3PrAnKK_ posts big blind 60
Dealt to MathisKcr [6c 3h]
*** PRE-FLOP *** 
MathisKcr folds
Hug3PrAnKK_ collected 90 from pot
*** SUMMARY ***
Total pot 90 | No rake
Seat 2: Hug3PrAnKK_ (big blind) won 90


Winamax Poker - Tournament "Expresso Nitro" buyIn: 0.93€ + 0.07€ level: 4 - HandId: #4559343990725410817-15-1770742766 - Holdem no limit (30/60) - 2026/02/10 16:59:26 UTC
Table: 'Expresso Nitro(1061554996)#0' 3-max (real money) Seat #2 is the button
Seat 1: MathisKcr (220)
Seat 2: Hug3PrAnKK_ (680)
*** ANTE/BLINDS ***
Hug3PrAnKK_ posts small blind 30
MathisKcr posts big blind 60
Dealt to MathisKcr [As Ah]
*** PRE-FLOP *** 
Hug3PrAnKK_ folds
MathisKcr collected 90 from pot
*** SUMMARY ***
Total pot 90 | No rake
Seat 1: MathisKcr (big blind) won 90


Winamax Poker - Tournament "Expresso Nitro" buyIn: 0.93€ + 0.07€ level: 4 - HandId: #4559343990725410817-16-1770742771 - Holdem no limit (30/60) - 2026/02/10 16:59:31 UTC
Table: 'Expresso Nitro(1061554996)#0' 3-max (real money) Seat #1 is the button
Seat 1: MathisKcr (250)
Seat 2: Hug3PrAnKK_ (650)
*** ANTE/BLINDS ***
MathisKcr posts small blind 30
Hug3PrAnKK_ posts big blind 60
Dealt to MathisKcr [Ac 4s]
*** PRE-FLOP *** 
MathisKcr raises 90 to 150
Hug3PrAnKK_ folds
MathisKcr collected 210 from pot
*** SUMMARY ***
Total pot 210 | No rake
Seat 1: MathisKcr (small blind) (button) won 210


Winamax Poker - Tournament "Expresso Nitro" buyIn: 0.93€ + 0.07€ level: 5 - HandId: #4559343990725410817-17-1770742787 - Holdem no limit (40/80) - 2026/02/10 16:59:47 UTC
Table: 'Expresso Nitro(1061554996)#0' 3-max (real money) Seat #2 is the button
Seat 1: MathisKcr (310)
Seat 2: Hug3PrAnKK_ (590)
*** ANTE/BLINDS ***
Hug3PrAnKK_ posts small blind 40
MathisKcr posts big blind 80
Dealt to MathisKcr [4c 8s]
*** PRE-FLOP *** 
Hug3PrAnKK_ raises 510 to 590 and is all-in
MathisKcr folds
Hug3PrAnKK_ collected 670 from pot
*** SUMMARY ***
Total pot 670 | No rake
Seat 2: Hug3PrAnKK_ (small blind) (button) won 670


Winamax Poker - Tournament "Expresso Nitro" buyIn: 0.93€ + 0.07€ level: 5 - HandId: #4559343990725410817-18-1770742795 - Holdem no limit (40/80) - 2026/02/10 16:59:55 UTC
Table: 'Expresso Nitro(1061554996)#0' 3-max (real money) Seat #1 is the button
Seat 1: MathisKcr (230)
Seat 2: Hug3PrAnKK_ (670)
*** ANTE/BLINDS ***
MathisKcr posts small blind 40
Hug3PrAnKK_ posts big blind 80
Dealt to MathisKcr [Ac Js]
*** PRE-FLOP *** 
MathisKcr raises 150 to 230 and is all-in
Hug3PrAnKK_ folds
MathisKcr collected 310 from pot
*** SUMMARY ***
Total pot 310 | No rake
Seat 1: MathisKcr (small blind) (button) won 310


Winamax Poker - Tournament "Expresso Nitro" buyIn: 0.93€ + 0.07€ level: 5 - HandId: #4559343990725410817-19-1770742810 - Holdem no limit (40/80) - 2026/02/10 17:00:10 UTC
Table: 'Expresso Nitro(1061554996)#0' 3-max (real money) Seat #2 is the button
Seat 1: MathisKcr (310)
Seat 2: Hug3PrAnKK_ (590)
*** ANTE/BLINDS ***
Hug3PrAnKK_ posts small blind 40
MathisKcr posts big blind 80
Dealt to MathisKcr [Ad Tc]
*** PRE-FLOP *** 
Hug3PrAnKK_ raises 510 to 590 and is all-in
MathisKcr calls 230 and is all-in
*** FLOP *** [8d Ks 4s]
*** TURN *** [8d Ks 4s][Ac]
*** RIVER *** [8d Ks 4s Ac][Qs]
*** SHOW DOWN ***
MathisKcr shows [Ad Tc] (One pair : Aces)
Hug3PrAnKK_ shows [8c Qh] (Two pairs : Queens and 8)
Hug3PrAnKK_ collected 900 from pot
*** SUMMARY ***
Total pot 900 | No rake
Board: [8d Ks 4s Ac Qs]
Seat 1: MathisKcr (big blind) showed [Ad Tc] and lost with One pair : Aces
Seat 2: Hug3PrAnKK_ (small blind) (button) showed [8c Qh] and won 900 with Two pairs : Queens and 8


