Winamax Poker - Tournament "Expresso Nitro" buyIn: 0.93€ + 0.07€ level: 1 - HandId: #4666292937003368449-1-1774705468 - Holdem no limit (10/20) - 2026/03/28 13:44:28 UTC
Table: 'Expresso Nitro(1086455988)#0' 3-max (real money) Seat #2 is the button
Seat 1: MathisKcr (300)
Seat 2: jaimeperdre6 (300)
Seat 3: TigerWheels (300)
*** ANTE/BLINDS ***
TigerWheels posts small blind 10
MathisKcr posts big blind 20
Dealt to MathisKcr [Th 8s]
*** PRE-FLOP *** 
jaimeperdre6 calls 20
TigerWheels calls 10
MathisKcr checks
*** FLOP *** [Jh 4c Ad]
TigerWheels checks
MathisKcr checks
jaimeperdre6 bets 20
TigerWheels folds
MathisKcr folds
jaimeperdre6 collected 80 from pot
*** SUMMARY ***
Total pot 80 | No rake
Board: [Jh 4c Ad]
Seat 2: jaimeperdre6 (button) won 80


Winamax Poker - Tournament "Expresso Nitro" buyIn: 0.93€ + 0.07€ level: 1 - HandId: #4666292937003368449-2-1774705491 - Holdem no limit (10/20) - 2026/03/28 13:44:51 UTC
Table: 'Expresso Nitro(1086455988)#0' 3-max (real money) Seat #3 is the button
Seat 1: MathisKcr (280)
Seat 2: jaimeperdre6 (340)
Seat 3: TigerWheels (280)
*** ANTE/BLINDS ***
MathisKcr posts small blind 10
jaimeperdre6 posts big blind 20
Dealt to MathisKcr [3h 5h]
*** PRE-FLOP *** 
TigerWheels folds
MathisKcr folds
jaimeperdre6 collected 30 from pot
*** SUMMARY ***
Total pot 30 | No rake
Seat 2: jaimeperdre6 (big blind) won 30


Winamax Poker - Tournament "Expresso Nitro" buyIn: 0.93€ + 0.07€ level: 1 - HandId: #4666292937003368449-3-1774705497 - Holdem no limit (10/20) - 2026/03/28 13:44:57 UTC
Table: 'Expresso Nitro(1086455988)#0' 3-max (real money) Seat #1 is the button
Seat 1: MathisKcr (270)
Seat 2: jaimeperdre6 (350)
Seat 3: TigerWheels (280)
*** ANTE/BLINDS ***
jaimeperdre6 posts small blind 10
TigerWheels posts big blind 20
Dealt to MathisKcr [Ah 8s]
*** PRE-FLOP *** 
MathisKcr raises 250 to 270 and is all-in
jaimeperdre6 folds
TigerWheels folds
MathisKcr collected 300 from pot
*** SUMMARY ***
Total pot 300 | No rake
Seat 1: MathisKcr (button) won 300


Winamax Poker - Tournament "Expresso Nitro" buyIn: 0.93€ + 0.07€ level: 1 - HandId: #4666292937003368449-4-1774705508 - Holdem no limit (10/20) - 2026/03/28 13:45:08 UTC
Table: 'Expresso Nitro(1086455988)#0' 3-max (real money) Seat #2 is the button
Seat 1: MathisKcr (300)
Seat 2: jaimeperdre6 (340)
Seat 3: TigerWheels (260)
*** ANTE/BLINDS ***
TigerWheels posts small blind 10
MathisKcr posts big blind 20
Dealt to MathisKcr [As 9s]
*** PRE-FLOP *** 
jaimeperdre6 folds
TigerWheels folds
MathisKcr collected 30 from pot
*** SUMMARY ***
Total pot 30 | No rake
Seat 1: MathisKcr (big blind) won 30


Winamax Poker - Tournament "Expresso Nitro" buyIn: 0.93€ + 0.07€ level: 1 - HandId: #4666292937003368449-5-1774705513 - Holdem no limit (10/20) - 2026/03/28 13:45:13 UTC
Table: 'Expresso Nitro(1086455988)#0' 3-max (real money) Seat #3 is the button
Seat 1: MathisKcr (310)
Seat 2: jaimeperdre6 (340)
Seat 3: TigerWheels (250)
*** ANTE/BLINDS ***
MathisKcr posts small blind 10
jaimeperdre6 posts big blind 20
Dealt to MathisKcr [6s Js]
*** PRE-FLOP *** 
TigerWheels folds
MathisKcr raises 290 to 310 and is all-in
jaimeperdre6 folds
MathisKcr collected 330 from pot
*** SUMMARY ***
Total pot 330 | No rake
Seat 1: MathisKcr (small blind) won 330


Winamax Poker - Tournament "Expresso Nitro" buyIn: 0.93€ + 0.07€ level: 2 - HandId: #4666292937003368449-6-1774705528 - Holdem no limit (15/30) - 2026/03/28 13:45:28 UTC
Table: 'Expresso Nitro(1086455988)#0' 3-max (real money) Seat #1 is the button
Seat 1: MathisKcr (330)
Seat 2: jaimeperdre6 (320)
Seat 3: TigerWheels (250)
*** ANTE/BLINDS ***
jaimeperdre6 posts small blind 15
TigerWheels posts big blind 30
Dealt to MathisKcr [Kc Qh]
*** PRE-FLOP *** 
MathisKcr raises 300 to 330 and is all-in
jaimeperdre6 folds
TigerWheels folds
MathisKcr collected 375 from pot
*** SUMMARY ***
Total pot 375 | No rake
Seat 1: MathisKcr (button) won 375


Winamax Poker - Tournament "Expresso Nitro" buyIn: 0.93€ + 0.07€ level: 2 - HandId: #4666292937003368449-7-1774705541 - Holdem no limit (15/30) - 2026/03/28 13:45:41 UTC
Table: 'Expresso Nitro(1086455988)#0' 3-max (real money) Seat #2 is the button
Seat 1: MathisKcr (375)
Seat 2: jaimeperdre6 (305)
Seat 3: TigerWheels (220)
*** ANTE/BLINDS ***
TigerWheels posts small blind 15
MathisKcr posts big blind 30
Dealt to MathisKcr [4s 9d]
*** PRE-FLOP *** 
jaimeperdre6 calls 30
TigerWheels raises 190 to 220 and is all-in
MathisKcr folds
jaimeperdre6 folds
TigerWheels collected 280 from pot
*** SUMMARY ***
Total pot 280 | No rake
Seat 3: TigerWheels (small blind) won 280


Winamax Poker - Tournament "Expresso Nitro" buyIn: 0.93€ + 0.07€ level: 2 - HandId: #4666292937003368449-8-1774705548 - Holdem no limit (15/30) - 2026/03/28 13:45:48 UTC
Table: 'Expresso Nitro(1086455988)#0' 3-max (real money) Seat #3 is the button
Seat 1: MathisKcr (345)
Seat 2: jaimeperdre6 (275)
Seat 3: TigerWheels (280)
*** ANTE/BLINDS ***
MathisKcr posts small blind 15
jaimeperdre6 posts big blind 30
Dealt to MathisKcr [7d Kh]
*** PRE-FLOP *** 
TigerWheels raises 75 to 105
MathisKcr folds
jaimeperdre6 folds
TigerWheels collected 150 from pot
*** SUMMARY ***
Total pot 150 | No rake
Seat 3: TigerWheels (button) won 150


Winamax Poker - Tournament "Expresso Nitro" buyIn: 0.93€ + 0.07€ level: 2 - HandId: #4666292937003368449-9-1774705556 - Holdem no limit (15/30) - 2026/03/28 13:45:56 UTC
Table: 'Expresso Nitro(1086455988)#0' 3-max (real money) Seat #1 is the button
Seat 1: MathisKcr (330)
Seat 2: jaimeperdre6 (245)
Seat 3: TigerWheels (325)
*** ANTE/BLINDS ***
jaimeperdre6 posts small blind 15
TigerWheels posts big blind 30
Dealt to MathisKcr [Kh Jh]
*** PRE-FLOP *** 
MathisKcr raises 300 to 330 and is all-in
jaimeperdre6 folds
TigerWheels folds
MathisKcr collected 375 from pot
*** SUMMARY ***
Total pot 375 | No rake
Seat 1: MathisKcr (button) won 375


Winamax Poker - Tournament "Expresso Nitro" buyIn: 0.93€ + 0.07€ level: 2 - HandId: #4666292937003368449-10-1774705564 - Holdem no limit (15/30) - 2026/03/28 13:46:04 UTC
Table: 'Expresso Nitro(1086455988)#0' 3-max (real money) Seat #2 is the button
Seat 1: MathisKcr (375)
Seat 2: jaimeperdre6 (230)
Seat 3: TigerWheels (295)
*** ANTE/BLINDS ***
TigerWheels posts small blind 15
MathisKcr posts big blind 30
Dealt to MathisKcr [Kc 5s]
*** PRE-FLOP *** 
jaimeperdre6 calls 30
TigerWheels folds
MathisKcr checks
*** FLOP *** [4c 2c 9s]
MathisKcr bets 60
jaimeperdre6 calls 60
*** TURN *** [4c 2c 9s][Td]
MathisKcr checks
jaimeperdre6 checks
*** RIVER *** [4c 2c 9s Td][6d]
MathisKcr checks
jaimeperdre6 bets 60
MathisKcr folds
jaimeperdre6 collected 255 from pot
*** SUMMARY ***
Total pot 255 | No rake
Board: [4c 2c 9s Td 6d]
Seat 2: jaimeperdre6 (button) won 255


Winamax Poker - Tournament "Expresso Nitro" buyIn: 0.93€ + 0.07€ level: 3 - HandId: #4666292937003368449-11-1774705586 - Holdem no limit (20/40) - 2026/03/28 13:46:26 UTC
Table: 'Expresso Nitro(1086455988)#0' 3-max (real money) Seat #3 is the button
Seat 1: MathisKcr (285)
Seat 2: jaimeperdre6 (335)
Seat 3: TigerWheels (280)
*** ANTE/BLINDS ***
MathisKcr posts small blind 20
jaimeperdre6 posts big blind 40
Dealt to MathisKcr [Ac Qh]
*** PRE-FLOP *** 
TigerWheels raises 100 to 140
MathisKcr raises 145 to 285 and is all-in
jaimeperdre6 folds
TigerWheels calls 140 and is all-in
*** FLOP *** [8c 9d Qc]
*** TURN *** [8c 9d Qc][Qd]
*** RIVER *** [8c 9d Qc Qd][2h]
*** SHOW DOWN ***
TigerWheels shows [Jd Ad] (One pair : Queens)
MathisKcr shows [Ac Qh] (Trips of Queens)
MathisKcr collected 605 from pot
*** SUMMARY ***
Total pot 605 | No rake
Board: [8c 9d Qc Qd 2h]
Seat 1: MathisKcr (small blind) showed [Ac Qh] and won 605 with Trips of Queens
Seat 3: TigerWheels (button) showed [Jd Ad] and lost with One pair : Queens


Winamax Poker - Tournament "Expresso Nitro" buyIn: 0.93€ + 0.07€ level: 3 - HandId: #4666292937003368449-12-1774705603 - Holdem no limit (20/40) - 2026/03/28 13:46:43 UTC
Table: 'Expresso Nitro(1086455988)#0' 3-max (real money) Seat #2 is the button
Seat 1: MathisKcr (605)
Seat 2: jaimeperdre6 (295)
*** ANTE/BLINDS ***
jaimeperdre6 posts small blind 20
MathisKcr posts big blind 40
Dealt to MathisKcr [Ad 2h]
*** PRE-FLOP *** 
jaimeperdre6 calls 20
MathisKcr raises 565 to 605 and is all-in
jaimeperdre6 calls 255 and is all-in
*** FLOP *** [2c 9s Qc]
*** TURN *** [2c 9s Qc][5s]
*** RIVER *** [2c 9s Qc 5s][Th]
*** SHOW DOWN ***
MathisKcr shows [Ad 2h] (One pair : 2)
jaimeperdre6 shows [Tc Qs] (Two pairs : Queens and Tens)
jaimeperdre6 collected 590 from main pot
MathisKcr collected 310 from side pot 1
*** SUMMARY ***
Total pot 900 | No rake
Board: [2c 9s Qc 5s Th]
Seat 1: MathisKcr (big blind) showed [Ad 2h] and won 310 with One pair : 2
Seat 2: jaimeperdre6 (small blind) (button) showed [Tc Qs] and won 590 with Two pairs : Queens and Tens


Winamax Poker - Tournament "Expresso Nitro" buyIn: 0.93€ + 0.07€ level: 3 - HandId: #4666292937003368449-13-1774705615 - Holdem no limit (20/40) - 2026/03/28 13:46:55 UTC
Table: 'Expresso Nitro(1086455988)#0' 3-max (real money) Seat #1 is the button
Seat 1: MathisKcr (310)
Seat 2: jaimeperdre6 (590)
*** ANTE/BLINDS ***
MathisKcr posts small blind 20
jaimeperdre6 posts big blind 40
Dealt to MathisKcr [Qs 3d]
*** PRE-FLOP *** 
MathisKcr raises 270 to 310 and is all-in
jaimeperdre6 calls 270
*** FLOP *** [2c Ks 5s]
*** TURN *** [2c Ks 5s][4h]
*** RIVER *** [2c Ks 5s 4h][6c]
*** SHOW DOWN ***
jaimeperdre6 shows [Ac 6h] (One pair : 6)
MathisKcr shows [Qs 3d] (Straight 6 high)
MathisKcr collected 620 from pot
*** SUMMARY ***
Total pot 620 | No rake
Board: [2c Ks 5s 4h 6c]
Seat 1: MathisKcr (small blind) (button) showed [Qs 3d] and won 620 with Straight 6 high
Seat 2: jaimeperdre6 (big blind) showed [Ac 6h] and lost with One pair : 6


Winamax Poker - Tournament "Expresso Nitro" buyIn: 0.93€ + 0.07€ level: 3 - HandId: #4666292937003368449-14-1774705627 - Holdem no limit (20/40) - 2026/03/28 13:47:07 UTC
Table: 'Expresso Nitro(1086455988)#0' 3-max (real money) Seat #2 is the button
Seat 1: MathisKcr (620)
Seat 2: jaimeperdre6 (280)
*** ANTE/BLINDS ***
jaimeperdre6 posts small blind 20
MathisKcr posts big blind 40
Dealt to MathisKcr [Jh Jc]
*** PRE-FLOP *** 
jaimeperdre6 calls 20
MathisKcr raises 580 to 620 and is all-in
jaimeperdre6 folds
MathisKcr collected 660 from pot
*** SUMMARY ***
Total pot 660 | No rake
Seat 1: MathisKcr (big blind) won 660


Winamax Poker - Tournament "Expresso Nitro" buyIn: 0.93€ + 0.07€ level: 3 - HandId: #4666292937003368449-15-1774705634 - Holdem no limit (20/40) - 2026/03/28 13:47:14 UTC
Table: 'Expresso Nitro(1086455988)#0' 3-max (real money) Seat #1 is the button
Seat 1: MathisKcr (660)
Seat 2: jaimeperdre6 (240)
*** ANTE/BLINDS ***
MathisKcr posts small blind 20
jaimeperdre6 posts big blind 40
Dealt to MathisKcr [2h 5c]
*** PRE-FLOP *** 
MathisKcr folds
jaimeperdre6 collected 60 from pot
*** SUMMARY ***
Total pot 60 | No rake
Seat 2: jaimeperdre6 (big blind) won 60


Winamax Poker - Tournament "Expresso Nitro" buyIn: 0.93€ + 0.07€ level: 3 - HandId: #4666292937003368449-16-1774705639 - Holdem no limit (20/40) - 2026/03/28 13:47:19 UTC
Table: 'Expresso Nitro(1086455988)#0' 3-max (real money) Seat #2 is the button
Seat 1: MathisKcr (640)
Seat 2: jaimeperdre6 (260)
*** ANTE/BLINDS ***
jaimeperdre6 posts small blind 20
MathisKcr posts big blind 40
Dealt to MathisKcr [4c Jh]
*** PRE-FLOP *** 
jaimeperdre6 folds
MathisKcr collected 60 from pot
*** SUMMARY ***
Total pot 60 | No rake
Seat 1: MathisKcr (big blind) won 60


Winamax Poker - Tournament "Expresso Nitro" buyIn: 0.93€ + 0.07€ level: 3 - HandId: #4666292937003368449-17-1774705643 - Holdem no limit (20/40) - 2026/03/28 13:47:23 UTC
Table: 'Expresso Nitro(1086455988)#0' 3-max (real money) Seat #1 is the button
Seat 1: MathisKcr (660)
Seat 2: jaimeperdre6 (240)
*** ANTE/BLINDS ***
MathisKcr posts small blind 20
jaimeperdre6 posts big blind 40
Dealt to MathisKcr [3h 6c]
*** PRE-FLOP *** 
MathisKcr folds
jaimeperdre6 collected 60 from pot
*** SUMMARY ***
Total pot 60 | No rake
Seat 2: jaimeperdre6 (big blind) won 60


Winamax Poker - Tournament "Expresso Nitro" buyIn: 0.93€ + 0.07€ level: 4 - HandId: #4666292937003368449-18-1774705647 - Holdem no limit (30/60) - 2026/03/28 13:47:27 UTC
Table: 'Expresso Nitro(1086455988)#0' 3-max (real money) Seat #2 is the button
Seat 1: MathisKcr (640)
Seat 2: jaimeperdre6 (260)
*** ANTE/BLINDS ***
jaimeperdre6 posts small blind 30
MathisKcr posts big blind 60
Dealt to MathisKcr [Jd Th]
*** PRE-FLOP *** 
jaimeperdre6 raises 200 to 260 and is all-in
MathisKcr calls 200
*** FLOP *** [Kh 7c 6c]
*** TURN *** [Kh 7c 6c][4c]
*** RIVER *** [Kh 7c 6c 4c][3s]
*** SHOW DOWN ***
MathisKcr shows [Jd Th] (High card : King)
jaimeperdre6 shows [7h Ad] (One pair : 7)
jaimeperdre6 collected 520 from pot
*** SUMMARY ***
Total pot 520 | No rake
Board: [Kh 7c 6c 4c 3s]
Seat 1: MathisKcr (big blind) showed [Jd Th] and lost with High card : King
Seat 2: jaimeperdre6 (small blind) (button) showed [7h Ad] and won 520 with One pair : 7


Winamax Poker - Tournament "Expresso Nitro" buyIn: 0.93€ + 0.07€ level: 4 - HandId: #4666292937003368449-19-1774705659 - Holdem no limit (30/60) - 2026/03/28 13:47:39 UTC
Table: 'Expresso Nitro(1086455988)#0' 3-max (real money) Seat #1 is the button
Seat 1: MathisKcr (380)
Seat 2: jaimeperdre6 (520)
*** ANTE/BLINDS ***
MathisKcr posts small blind 30
jaimeperdre6 posts big blind 60
Dealt to MathisKcr [2c Qs]
*** PRE-FLOP *** 
MathisKcr raises 320 to 380 and is all-in
jaimeperdre6 calls 320
*** FLOP *** [2s 6c Tc]
*** TURN *** [2s 6c Tc][Td]
*** RIVER *** [2s 6c Tc Td][Jh]
*** SHOW DOWN ***
jaimeperdre6 shows [9s Qc] (One pair : Tens)
MathisKcr shows [2c Qs] (Two pairs : Tens and 2)
MathisKcr collected 760 from pot
*** SUMMARY ***
Total pot 760 | No rake
Board: [2s 6c Tc Td Jh]
Seat 1: MathisKcr (small blind) (button) showed [2c Qs] and won 760 with Two pairs : Tens and 2
Seat 2: jaimeperdre6 (big blind) showed [9s Qc] and lost with One pair : Tens


Winamax Poker - Tournament "Expresso Nitro" buyIn: 0.93€ + 0.07€ level: 4 - HandId: #4666292937003368449-20-1774705672 - Holdem no limit (30/60) - 2026/03/28 13:47:52 UTC
Table: 'Expresso Nitro(1086455988)#0' 3-max (real money) Seat #2 is the button
Seat 1: MathisKcr (760)
Seat 2: jaimeperdre6 (140)
*** ANTE/BLINDS ***
jaimeperdre6 posts small blind 30
MathisKcr posts big blind 60
Dealt to MathisKcr [Kh 7c]
*** PRE-FLOP *** 
jaimeperdre6 raises 80 to 140 and is all-in
MathisKcr calls 80
*** FLOP *** [Qh Qd 3d]
*** TURN *** [Qh Qd 3d][4d]
*** RIVER *** [Qh Qd 3d 4d][Kc]
*** SHOW DOWN ***
jaimeperdre6 shows [Js 9c] (One pair : Queens)
MathisKcr shows [Kh 7c] (Two pairs : Kings and Queens)
MathisKcr collected 280 from pot
*** SUMMARY ***
Total pot 280 | No rake
Board: [Qh Qd 3d 4d Kc]
Seat 1: MathisKcr (big blind) showed [Kh 7c] and won 280 with Two pairs : Kings and Queens
Seat 2: jaimeperdre6 (small blind) (button) showed [Js 9c] and lost with One pair : Queens


