Winamax Poker - Tournament "Expresso Nitro" buyIn: 0.93€ + 0.07€ level: 1 - HandId: #4573311606624092161-1-1771245452 - Holdem no limit (10/20) - 2026/02/16 12:37:32 UTC
Table: 'Expresso Nitro(1064807085)#0' 3-max (real money) Seat #3 is the button
Seat 1: MathisKcr (300)
Seat 2: kadomane 21 (300)
Seat 3: madenormandi (300)
*** ANTE/BLINDS ***
MathisKcr posts small blind 10
kadomane 21 posts big blind 20
Dealt to MathisKcr [Jh Ks]
*** PRE-FLOP *** 
madenormandi folds
MathisKcr raises 20 to 40
kadomane 21 calls 20
*** FLOP *** [3s Js Td]
MathisKcr bets 40
kadomane 21 folds
MathisKcr collected 120 from pot
*** SUMMARY ***
Total pot 120 | No rake
Board: [3s Js Td]
Seat 1: MathisKcr (small blind) won 120


Winamax Poker - Tournament "Expresso Nitro" buyIn: 0.93€ + 0.07€ level: 1 - HandId: #4573311606624092161-2-1771245481 - Holdem no limit (10/20) - 2026/02/16 12:38:01 UTC
Table: 'Expresso Nitro(1064807085)#0' 3-max (real money) Seat #1 is the button
Seat 1: MathisKcr (340)
Seat 2: kadomane 21 (260)
Seat 3: madenormandi (300)
*** ANTE/BLINDS ***
kadomane 21 posts small blind 10
madenormandi posts big blind 20
Dealt to MathisKcr [Qs Ac]
*** PRE-FLOP *** 
MathisKcr raises 20 to 40
kadomane 21 calls 30
madenormandi folds
*** FLOP *** [9s 8s Ks]
kadomane 21 checks
MathisKcr bets 50
kadomane 21 calls 50
*** TURN *** [9s 8s Ks][Kh]
kadomane 21 checks
MathisKcr checks
*** RIVER *** [9s 8s Ks Kh][6c]
kadomane 21 bets 170 and is all-in
MathisKcr folds
kadomane 21 collected 370 from pot
*** SUMMARY ***
Total pot 370 | No rake
Board: [9s 8s Ks Kh 6c]
Seat 2: kadomane 21 (small blind) won 370


Winamax Poker - Tournament "Expresso Nitro" buyIn: 0.93€ + 0.07€ level: 2 - HandId: #4573311606624092161-3-1771245526 - Holdem no limit (15/30) - 2026/02/16 12:38:46 UTC
Table: 'Expresso Nitro(1064807085)#0' 3-max (real money) Seat #2 is the button
Seat 1: MathisKcr (250)
Seat 2: kadomane 21 (370)
Seat 3: madenormandi (280)
*** ANTE/BLINDS ***
madenormandi posts small blind 15
MathisKcr posts big blind 30
Dealt to MathisKcr [3s 3d]
*** PRE-FLOP *** 
kadomane 21 calls 30
madenormandi folds
MathisKcr raises 220 to 250 and is all-in
kadomane 21 folds
MathisKcr collected 295 from pot
*** SUMMARY ***
Total pot 295 | No rake
Seat 1: MathisKcr (big blind) won 295


Winamax Poker - Tournament "Expresso Nitro" buyIn: 0.93€ + 0.07€ level: 2 - HandId: #4573311606624092161-4-1771245537 - Holdem no limit (15/30) - 2026/02/16 12:38:57 UTC
Table: 'Expresso Nitro(1064807085)#0' 3-max (real money) Seat #3 is the button
Seat 1: MathisKcr (295)
Seat 2: kadomane 21 (340)
Seat 3: madenormandi (265)
*** ANTE/BLINDS ***
MathisKcr posts small blind 15
kadomane 21 posts big blind 30
Dealt to MathisKcr [4d Ah]
*** PRE-FLOP *** 
madenormandi raises 235 to 265 and is all-in
MathisKcr folds
kadomane 21 folds
madenormandi collected 310 from pot
*** SUMMARY ***
Total pot 310 | No rake
Seat 3: madenormandi (button) won 310


Winamax Poker - Tournament "Expresso Nitro" buyIn: 0.93€ + 0.07€ level: 2 - HandId: #4573311606624092161-5-1771245554 - Holdem no limit (15/30) - 2026/02/16 12:39:14 UTC
Table: 'Expresso Nitro(1064807085)#0' 3-max (real money) Seat #1 is the button
Seat 1: MathisKcr (280)
Seat 2: kadomane 21 (310)
Seat 3: madenormandi (310)
*** ANTE/BLINDS ***
kadomane 21 posts small blind 15
madenormandi posts big blind 30
Dealt to MathisKcr [2h 5s]
*** PRE-FLOP *** 
MathisKcr folds
kadomane 21 calls 15
madenormandi checks
*** FLOP *** [7h 9s 6c]
kadomane 21 checks
madenormandi bets 60
kadomane 21 folds
madenormandi collected 120 from pot
*** SUMMARY ***
Total pot 120 | No rake
Board: [7h 9s 6c]
Seat 3: madenormandi (big blind) won 120


Winamax Poker - Tournament "Expresso Nitro" buyIn: 0.93€ + 0.07€ level: 3 - HandId: #4573311606624092161-6-1771245572 - Holdem no limit (20/40) - 2026/02/16 12:39:32 UTC
Table: 'Expresso Nitro(1064807085)#0' 3-max (real money) Seat #2 is the button
Seat 1: MathisKcr (280)
Seat 2: kadomane 21 (280)
Seat 3: madenormandi (340)
*** ANTE/BLINDS ***
madenormandi posts small blind 20
MathisKcr posts big blind 40
Dealt to MathisKcr [2c Jd]
*** PRE-FLOP *** 
kadomane 21 folds
madenormandi folds
MathisKcr collected 60 from pot
*** SUMMARY ***
Total pot 60 | No rake
Seat 1: MathisKcr (big blind) won 60


Winamax Poker - Tournament "Expresso Nitro" buyIn: 0.93€ + 0.07€ level: 3 - HandId: #4573311606624092161-7-1771245588 - Holdem no limit (20/40) - 2026/02/16 12:39:48 UTC
Table: 'Expresso Nitro(1064807085)#0' 3-max (real money) Seat #3 is the button
Seat 1: MathisKcr (300)
Seat 2: kadomane 21 (280)
Seat 3: madenormandi (320)
*** ANTE/BLINDS ***
MathisKcr posts small blind 20
kadomane 21 posts big blind 40
Dealt to MathisKcr [3c 7c]
*** PRE-FLOP *** 
madenormandi raises 280 to 320 and is all-in
MathisKcr folds
kadomane 21 folds
madenormandi collected 380 from pot
*** SUMMARY ***
Total pot 380 | No rake
Seat 3: madenormandi (button) won 380


Winamax Poker - Tournament "Expresso Nitro" buyIn: 0.93€ + 0.07€ level: 3 - HandId: #4573311606624092161-8-1771245597 - Holdem no limit (20/40) - 2026/02/16 12:39:57 UTC
Table: 'Expresso Nitro(1064807085)#0' 3-max (real money) Seat #1 is the button
Seat 1: MathisKcr (280)
Seat 2: kadomane 21 (240)
Seat 3: madenormandi (380)
*** ANTE/BLINDS ***
kadomane 21 posts small blind 20
madenormandi posts big blind 40
Dealt to MathisKcr [6h 5c]
*** PRE-FLOP *** 
MathisKcr calls 40
kadomane 21 calls 20
madenormandi checks
*** FLOP *** [2h 4h Ah]
kadomane 21 checks
madenormandi checks
MathisKcr bets 40
kadomane 21 folds
madenormandi calls 40
*** TURN *** [2h 4h Ah][3c]
madenormandi bets 300 and is all-in
MathisKcr calls 200 and is all-in
*** RIVER *** [2h 4h Ah 3c][Kh]
*** SHOW DOWN ***
MathisKcr shows [6h 5c] (Flush Ace high)
madenormandi shows [5h 4d] (Flush Ace high)
madenormandi collected 100 from side pot 1
MathisKcr collected 600 from main pot
*** SUMMARY ***
Total pot 700 | No rake
Board: [2h 4h Ah 3c Kh]
Seat 1: MathisKcr (button) showed [6h 5c] and won 600 with Flush Ace high
Seat 3: madenormandi (big blind) showed [5h 4d] and won 100 with Flush Ace high


Winamax Poker - Tournament "Expresso Nitro" buyIn: 0.93€ + 0.07€ level: 3 - HandId: #4573311606624092161-9-1771245625 - Holdem no limit (20/40) - 2026/02/16 12:40:25 UTC
Table: 'Expresso Nitro(1064807085)#0' 3-max (real money) Seat #2 is the button
Seat 1: MathisKcr (600)
Seat 2: kadomane 21 (200)
Seat 3: madenormandi (100)
*** ANTE/BLINDS ***
madenormandi posts small blind 20
MathisKcr posts big blind 40
Dealt to MathisKcr [6h 2s]
*** PRE-FLOP *** 
kadomane 21 raises 40 to 80
madenormandi raises 20 to 100 and is all-in
MathisKcr folds
kadomane 21 calls 20
*** FLOP *** [3s 3c Qd]
*** TURN *** [3s 3c Qd][Kd]
*** RIVER *** [3s 3c Qd Kd][Ah]
*** SHOW DOWN ***
madenormandi shows [Jh 4s] (One pair : 3)
kadomane 21 shows [Ac 9c] (Two pairs : Aces and 3)
kadomane 21 collected 240 from pot
*** SUMMARY ***
Total pot 240 | No rake
Board: [3s 3c Qd Kd Ah]
Seat 2: kadomane 21 (button) showed [Ac 9c] and won 240 with Two pairs : Aces and 3
Seat 3: madenormandi (small blind) showed [Jh 4s] and lost with One pair : 3


Winamax Poker - Tournament "Expresso Nitro" buyIn: 0.93€ + 0.07€ level: 4 - HandId: #4573311606624092161-10-1771245646 - Holdem no limit (30/60) - 2026/02/16 12:40:46 UTC
Table: 'Expresso Nitro(1064807085)#0' 3-max (real money) Seat #1 is the button
Seat 1: MathisKcr (560)
Seat 2: kadomane 21 (340)
*** ANTE/BLINDS ***
MathisKcr posts small blind 30
kadomane 21 posts big blind 60
Dealt to MathisKcr [Ks 6s]
*** PRE-FLOP *** 
MathisKcr raises 90 to 150
kadomane 21 calls 90
*** FLOP *** [6h 8c 9s]
kadomane 21 checks
MathisKcr bets 120
kadomane 21 folds
MathisKcr collected 420 from pot
*** SUMMARY ***
Total pot 420 | No rake
Board: [6h 8c 9s]
Seat 1: MathisKcr (small blind) (button) won 420


Winamax Poker - Tournament "Expresso Nitro" buyIn: 0.93€ + 0.07€ level: 4 - HandId: #4573311606624092161-11-1771245664 - Holdem no limit (30/60) - 2026/02/16 12:41:04 UTC
Table: 'Expresso Nitro(1064807085)#0' 3-max (real money) Seat #2 is the button
Seat 1: MathisKcr (710)
Seat 2: kadomane 21 (190)
*** ANTE/BLINDS ***
kadomane 21 posts small blind 30
MathisKcr posts big blind 60
Dealt to MathisKcr [3h 9c]
*** PRE-FLOP *** 
kadomane 21 raises 130 to 190 and is all-in
MathisKcr folds
kadomane 21 collected 250 from pot
*** SUMMARY ***
Total pot 250 | No rake
Seat 2: kadomane 21 (small blind) (button) won 250


Winamax Poker - Tournament "Expresso Nitro" buyIn: 0.93€ + 0.07€ level: 4 - HandId: #4573311606624092161-12-1771245681 - Holdem no limit (30/60) - 2026/02/16 12:41:21 UTC
Table: 'Expresso Nitro(1064807085)#0' 3-max (real money) Seat #1 is the button
Seat 1: MathisKcr (650)
Seat 2: kadomane 21 (250)
*** ANTE/BLINDS ***
MathisKcr posts small blind 30
kadomane 21 posts big blind 60
Dealt to MathisKcr [7h Ah]
*** PRE-FLOP *** 
MathisKcr raises 60 to 120
kadomane 21 folds
MathisKcr collected 180 from pot
*** SUMMARY ***
Total pot 180 | No rake
Seat 1: MathisKcr (small blind) (button) won 180


Winamax Poker - Tournament "Expresso Nitro" buyIn: 0.93€ + 0.07€ level: 5 - HandId: #4573311606624092161-13-1771245694 - Holdem no limit (40/80) - 2026/02/16 12:41:34 UTC
Table: 'Expresso Nitro(1064807085)#0' 3-max (real money) Seat #2 is the button
Seat 1: MathisKcr (710)
Seat 2: kadomane 21 (190)
*** ANTE/BLINDS ***
kadomane 21 posts small blind 40
MathisKcr posts big blind 80
Dealt to MathisKcr [Kh 9c]
*** PRE-FLOP *** 
kadomane 21 calls 40
MathisKcr raises 630 to 710 and is all-in
kadomane 21 calls 110 and is all-in
*** FLOP *** [4h Kc 2s]
*** TURN *** [4h Kc 2s][8d]
*** RIVER *** [4h Kc 2s 8d][Jh]
*** SHOW DOWN ***
kadomane 21 shows [2c Qc] (One pair : 2)
MathisKcr shows [Kh 9c] (One pair : Kings)
MathisKcr collected 900 from pot
*** SUMMARY ***
Total pot 900 | No rake
Board: [4h Kc 2s 8d Jh]
Seat 1: MathisKcr (big blind) showed [Kh 9c] and won 900 with One pair : Kings
Seat 2: kadomane 21 (small blind) (button) showed [2c Qc] and lost with One pair : 2


