Winamax Poker - Tournament "Expresso Nitro" buyIn: 0.93€ + 0.07€ level: 1 - HandId: #4607387232905461761-1-1772617238 - Holdem no limit (10/20) - 2026/03/04 09:40:38 UTC
Table: 'Expresso Nitro(1072740935)#0' 3-max (real money) Seat #3 is the button
Seat 1: Canard.47838 (300)
Seat 2: MathisKcr (300)
Seat 3: luigi_czo (300)
*** ANTE/BLINDS ***
Canard.47838 posts small blind 10
MathisKcr posts big blind 20
Dealt to MathisKcr [8d Qs]
*** PRE-FLOP *** 
luigi_czo raises 280 to 300 and is all-in
Canard.47838 calls 290 and is all-in
MathisKcr folds
*** FLOP *** [Jc 4c 5c]
*** TURN *** [Jc 4c 5c][8h]
*** RIVER *** [Jc 4c 5c 8h][Qh]
*** SHOW DOWN ***
luigi_czo shows [Kc 9h] (High card : King)
Canard.47838 shows [9d Ac] (High card : Ace)
Canard.47838 collected 620 from pot
*** SUMMARY ***
Total pot 620 | No rake
Board: [Jc 4c 5c 8h Qh]
Seat 1: Canard.47838 (small blind) showed [9d Ac] and won 620 with High card : Ace
Seat 3: luigi_czo (button) showed [Kc 9h] and lost with High card : King


Winamax Poker - Tournament "Expresso Nitro" buyIn: 0.93€ + 0.07€ level: 1 - HandId: #4607387232905461761-2-1772617252 - Holdem no limit (10/20) - 2026/03/04 09:40:52 UTC
Table: 'Expresso Nitro(1072740935)#0' 3-max (real money) Seat #2 is the button
Seat 1: Canard.47838 (620)
Seat 2: MathisKcr (280)
*** ANTE/BLINDS ***
MathisKcr posts small blind 10
Canard.47838 posts big blind 20
Dealt to MathisKcr [Qh 7d]
*** PRE-FLOP *** 
MathisKcr raises 20 to 40
Canard.47838 raises 80 to 120
MathisKcr folds
Canard.47838 collected 160 from pot
*** SUMMARY ***
Total pot 160 | No rake
Seat 1: Canard.47838 (big blind) won 160


Winamax Poker - Tournament "Expresso Nitro" buyIn: 0.93€ + 0.07€ level: 1 - HandId: #4607387232905461761-3-1772617268 - Holdem no limit (10/20) - 2026/03/04 09:41:08 UTC
Table: 'Expresso Nitro(1072740935)#0' 3-max (real money) Seat #1 is the button
Seat 1: Canard.47838 (660)
Seat 2: MathisKcr (240)
*** ANTE/BLINDS ***
Canard.47838 posts small blind 10
MathisKcr posts big blind 20
Dealt to MathisKcr [9s 3d]
*** PRE-FLOP *** 
Canard.47838 raises 20 to 40
MathisKcr calls 20
*** FLOP *** [Kd Qh 7h]
MathisKcr bets 200 and is all-in
Canard.47838 calls 200
*** TURN *** [Kd Qh 7h][3c]
*** RIVER *** [Kd Qh 7h 3c][Td]
*** SHOW DOWN ***
Canard.47838 shows [9h 6h] (High card : King)
MathisKcr shows [9s 3d] (One pair : 3)
MathisKcr collected 480 from pot
*** SUMMARY ***
Total pot 480 | No rake
Board: [Kd Qh 7h 3c Td]
Seat 1: Canard.47838 (small blind) (button) showed [9h 6h] and lost with High card : King
Seat 2: MathisKcr (big blind) showed [9s 3d] and won 480 with One pair : 3


Winamax Poker - Tournament "Expresso Nitro" buyIn: 0.93€ + 0.07€ level: 1 - HandId: #4607387232905461761-4-1772617284 - Holdem no limit (10/20) - 2026/03/04 09:41:24 UTC
Table: 'Expresso Nitro(1072740935)#0' 3-max (real money) Seat #2 is the button
Seat 1: Canard.47838 (420)
Seat 2: MathisKcr (480)
*** ANTE/BLINDS ***
MathisKcr posts small blind 10
Canard.47838 posts big blind 20
Dealt to MathisKcr [4h 7h]
*** PRE-FLOP *** 
MathisKcr raises 20 to 40
Canard.47838 calls 20
*** FLOP *** [7c Tc 8h]
Canard.47838 bets 20
MathisKcr raises 71 to 91
Canard.47838 calls 71
*** TURN *** [7c Tc 8h][9d]
Canard.47838 bets 20
MathisKcr calls 20
*** RIVER *** [7c Tc 8h 9d][Th]
Canard.47838 checks
MathisKcr bets 106
Canard.47838 folds
MathisKcr collected 408 from pot
*** SUMMARY ***
Total pot 408 | No rake
Board: [7c Tc 8h 9d Th]
Seat 2: MathisKcr (small blind) (button) won 408


Winamax Poker - Tournament "Expresso Nitro" buyIn: 0.93€ + 0.07€ level: 2 - HandId: #4607387232905461761-5-1772617320 - Holdem no limit (15/30) - 2026/03/04 09:42:00 UTC
Table: 'Expresso Nitro(1072740935)#0' 3-max (real money) Seat #1 is the button
Seat 1: Canard.47838 (269)
Seat 2: MathisKcr (631)
*** ANTE/BLINDS ***
Canard.47838 posts small blind 15
MathisKcr posts big blind 30
Dealt to MathisKcr [Kh 9s]
*** PRE-FLOP *** 
Canard.47838 raises 30 to 60
MathisKcr calls 30
*** FLOP *** [6c 3h 3s]
MathisKcr checks
Canard.47838 bets 120
MathisKcr folds
Canard.47838 collected 240 from pot
*** SUMMARY ***
Total pot 240 | No rake
Board: [6c 3h 3s]
Seat 1: Canard.47838 (small blind) (button) won 240


Winamax Poker - Tournament "Expresso Nitro" buyIn: 0.93€ + 0.07€ level: 2 - HandId: #4607387232905461761-6-1772617336 - Holdem no limit (15/30) - 2026/03/04 09:42:16 UTC
Table: 'Expresso Nitro(1072740935)#0' 3-max (real money) Seat #2 is the button
Seat 1: Canard.47838 (329)
Seat 2: MathisKcr (571)
*** ANTE/BLINDS ***
MathisKcr posts small blind 15
Canard.47838 posts big blind 30
Dealt to MathisKcr [7h 2s]
*** PRE-FLOP *** 
MathisKcr folds
Canard.47838 collected 45 from pot
*** SUMMARY ***
Total pot 45 | No rake
Seat 1: Canard.47838 (big blind) won 45


Winamax Poker - Tournament "Expresso Nitro" buyIn: 0.93€ + 0.07€ level: 2 - HandId: #4607387232905461761-7-1772617342 - Holdem no limit (15/30) - 2026/03/04 09:42:22 UTC
Table: 'Expresso Nitro(1072740935)#0' 3-max (real money) Seat #1 is the button
Seat 1: Canard.47838 (344)
Seat 2: MathisKcr (556)
*** ANTE/BLINDS ***
Canard.47838 posts small blind 15
MathisKcr posts big blind 30
Dealt to MathisKcr [Jc 3d]
*** PRE-FLOP *** 
Canard.47838 folds
MathisKcr collected 45 from pot
*** SUMMARY ***
Total pot 45 | No rake
Seat 2: MathisKcr (big blind) won 45


Winamax Poker - Tournament "Expresso Nitro" buyIn: 0.93€ + 0.07€ level: 2 - HandId: #4607387232905461761-8-1772617350 - Holdem no limit (15/30) - 2026/03/04 09:42:30 UTC
Table: 'Expresso Nitro(1072740935)#0' 3-max (real money) Seat #2 is the button
Seat 1: Canard.47838 (329)
Seat 2: MathisKcr (571)
*** ANTE/BLINDS ***
MathisKcr posts small blind 15
Canard.47838 posts big blind 30
Dealt to MathisKcr [9h 5s]
*** PRE-FLOP *** 
MathisKcr calls 15
Canard.47838 raises 30 to 60
MathisKcr calls 30
*** FLOP *** [7c 8s 8c]
Canard.47838 bets 269 and is all-in
MathisKcr folds
Canard.47838 collected 389 from pot
*** SUMMARY ***
Total pot 389 | No rake
Board: [7c 8s 8c]
Seat 1: Canard.47838 (big blind) won 389


Winamax Poker - Tournament "Expresso Nitro" buyIn: 0.93€ + 0.07€ level: 3 - HandId: #4607387232905461761-9-1772617366 - Holdem no limit (20/40) - 2026/03/04 09:42:46 UTC
Table: 'Expresso Nitro(1072740935)#0' 3-max (real money) Seat #1 is the button
Seat 1: Canard.47838 (389)
Seat 2: MathisKcr (511)
*** ANTE/BLINDS ***
Canard.47838 posts small blind 20
MathisKcr posts big blind 40
Dealt to MathisKcr [6c Ks]
*** PRE-FLOP *** 
Canard.47838 raises 40 to 80
MathisKcr calls 40
*** FLOP *** [5d 2d Jd]
MathisKcr checks
Canard.47838 bets 40
MathisKcr folds
Canard.47838 collected 200 from pot
*** SUMMARY ***
Total pot 200 | No rake
Board: [5d 2d Jd]
Seat 1: Canard.47838 (small blind) (button) won 200


Winamax Poker - Tournament "Expresso Nitro" buyIn: 0.93€ + 0.07€ level: 3 - HandId: #4607387232905461761-10-1772617380 - Holdem no limit (20/40) - 2026/03/04 09:43:00 UTC
Table: 'Expresso Nitro(1072740935)#0' 3-max (real money) Seat #2 is the button
Seat 1: Canard.47838 (469)
Seat 2: MathisKcr (431)
*** ANTE/BLINDS ***
MathisKcr posts small blind 20
Canard.47838 posts big blind 40
Dealt to MathisKcr [3h Ts]
*** PRE-FLOP *** 
MathisKcr calls 20
Canard.47838 checks
*** FLOP *** [5d 5h 4c]
Canard.47838 checks
MathisKcr checks
*** TURN *** [5d 5h 4c][As]
Canard.47838 checks
MathisKcr checks
*** RIVER *** [5d 5h 4c As][Kc]
Canard.47838 checks
MathisKcr bets 40
Canard.47838 folds
MathisKcr collected 120 from pot
*** SUMMARY ***
Total pot 120 | No rake
Board: [5d 5h 4c As Kc]
Seat 2: MathisKcr (small blind) (button) won 120


Winamax Poker - Tournament "Expresso Nitro" buyIn: 0.93€ + 0.07€ level: 3 - HandId: #4607387232905461761-11-1772617406 - Holdem no limit (20/40) - 2026/03/04 09:43:26 UTC
Table: 'Expresso Nitro(1072740935)#0' 3-max (real money) Seat #1 is the button
Seat 1: Canard.47838 (429)
Seat 2: MathisKcr (471)
*** ANTE/BLINDS ***
Canard.47838 posts small blind 20
MathisKcr posts big blind 40
Dealt to MathisKcr [Td 9c]
*** PRE-FLOP *** 
Canard.47838 raises 40 to 80
MathisKcr calls 40
*** FLOP *** [Jc As Kh]
MathisKcr checks
Canard.47838 bets 40
MathisKcr calls 40
*** TURN *** [Jc As Kh][2h]
MathisKcr checks
Canard.47838 bets 240
MathisKcr folds
Canard.47838 collected 480 from pot
*** SUMMARY ***
Total pot 480 | No rake
Board: [Jc As Kh 2h]
Seat 1: Canard.47838 (small blind) (button) won 480


Winamax Poker - Tournament "Expresso Nitro" buyIn: 0.93€ + 0.07€ level: 4 - HandId: #4607387232905461761-12-1772617428 - Holdem no limit (30/60) - 2026/03/04 09:43:48 UTC
Table: 'Expresso Nitro(1072740935)#0' 3-max (real money) Seat #2 is the button
Seat 1: Canard.47838 (549)
Seat 2: MathisKcr (351)
*** ANTE/BLINDS ***
MathisKcr posts small blind 30
Canard.47838 posts big blind 60
Dealt to MathisKcr [Kh Tc]
*** PRE-FLOP *** 
MathisKcr raises 291 to 351 and is all-in
Canard.47838 folds
MathisKcr collected 411 from pot
*** SUMMARY ***
Total pot 411 | No rake
Seat 2: MathisKcr (small blind) (button) won 411


Winamax Poker - Tournament "Expresso Nitro" buyIn: 0.93€ + 0.07€ level: 4 - HandId: #4607387232905461761-13-1772617444 - Holdem no limit (30/60) - 2026/03/04 09:44:04 UTC
Table: 'Expresso Nitro(1072740935)#0' 3-max (real money) Seat #1 is the button
Seat 1: Canard.47838 (489)
Seat 2: MathisKcr (411)
*** ANTE/BLINDS ***
Canard.47838 posts small blind 30
MathisKcr posts big blind 60
Dealt to MathisKcr [Ad 7d]
*** PRE-FLOP *** 
Canard.47838 folds
MathisKcr collected 90 from pot
*** SUMMARY ***
Total pot 90 | No rake
Seat 2: MathisKcr (big blind) won 90


Winamax Poker - Tournament "Expresso Nitro" buyIn: 0.93€ + 0.07€ level: 4 - HandId: #4607387232905461761-14-1772617450 - Holdem no limit (30/60) - 2026/03/04 09:44:10 UTC
Table: 'Expresso Nitro(1072740935)#0' 3-max (real money) Seat #2 is the button
Seat 1: Canard.47838 (459)
Seat 2: MathisKcr (441)
*** ANTE/BLINDS ***
MathisKcr posts small blind 30
Canard.47838 posts big blind 60
Dealt to MathisKcr [8d Td]
*** PRE-FLOP *** 
MathisKcr raises 381 to 441 and is all-in
Canard.47838 calls 381
*** FLOP *** [Qc 6d Jh]
*** TURN *** [Qc 6d Jh][Kc]
*** RIVER *** [Qc 6d Jh Kc][5h]
*** SHOW DOWN ***
MathisKcr shows [8d Td] (High card : King)
Canard.47838 shows [Qh Ah] (One pair : Queens)
Canard.47838 collected 882 from pot
*** SUMMARY ***
Total pot 882 | No rake
Board: [Qc 6d Jh Kc 5h]
Seat 1: Canard.47838 (big blind) showed [Qh Ah] and won 882 with One pair : Queens
Seat 2: MathisKcr (small blind) (button) showed [8d Td] and lost with High card : King


