Winamax Poker - Tournament "Expresso Nitro" buyIn: 0.93€ + 0.07€ level: 1 - HandId: #4559450669123108865-1-1770745073 - Holdem no limit (10/20) - 2026/02/10 17:37:53 UTC
Table: 'Expresso Nitro(1061579834)#0' 3-max (real money) Seat #1 is the button
Seat 1: MathisKcr (300)
Seat 2: boubou2773 (300)
Seat 3: lucifer132 (300)
*** ANTE/BLINDS ***
boubou2773 posts small blind 10
lucifer132 posts big blind 20
Dealt to MathisKcr [2h Qd]
*** PRE-FLOP *** 
MathisKcr raises 30 to 50
boubou2773 folds
lucifer132 calls 30
*** FLOP *** [8h 5c 4d]
lucifer132 bets 250 and is all-in
MathisKcr folds
lucifer132 collected 360 from pot
*** SUMMARY ***
Total pot 360 | No rake
Board: [8h 5c 4d]
Seat 3: lucifer132 (big blind) won 360


Winamax Poker - Tournament "Expresso Nitro" buyIn: 0.93€ + 0.07€ level: 1 - HandId: #4559450669123108865-2-1770745086 - Holdem no limit (10/20) - 2026/02/10 17:38:06 UTC
Table: 'Expresso Nitro(1061579834)#0' 3-max (real money) Seat #2 is the button
Seat 1: MathisKcr (250)
Seat 2: boubou2773 (290)
Seat 3: lucifer132 (360)
*** ANTE/BLINDS ***
lucifer132 posts small blind 10
MathisKcr posts big blind 20
Dealt to MathisKcr [9c 4c]
*** PRE-FLOP *** 
boubou2773 calls 20
lucifer132 calls 10
MathisKcr raises 30 to 50
boubou2773 calls 30
lucifer132 calls 30
*** FLOP *** [5d Js 6d]
lucifer132 checks
MathisKcr bets 60
boubou2773 calls 60
lucifer132 folds
*** TURN *** [5d Js 6d][Jc]
MathisKcr checks
boubou2773 checks
*** RIVER *** [5d Js 6d Jc][7s]
MathisKcr checks
boubou2773 checks
*** SHOW DOWN ***
MathisKcr shows [9c 4c] (One pair : Jacks)
boubou2773 shows [Ks 5s] (Two pairs : Jacks and 5)
boubou2773 collected 270 from pot
*** SUMMARY ***
Total pot 270 | No rake
Board: [5d Js 6d Jc 7s]
Seat 1: MathisKcr (big blind) showed [9c 4c] and lost with One pair : Jacks
Seat 2: boubou2773 (button) showed [Ks 5s] and won 270 with Two pairs : Jacks and 5


Winamax Poker - Tournament "Expresso Nitro" buyIn: 0.93€ + 0.07€ level: 1 - HandId: #4559450669123108865-3-1770745120 - Holdem no limit (10/20) - 2026/02/10 17:38:40 UTC
Table: 'Expresso Nitro(1061579834)#0' 3-max (real money) Seat #3 is the button
Seat 1: MathisKcr (140)
Seat 2: boubou2773 (450)
Seat 3: lucifer132 (310)
*** ANTE/BLINDS ***
MathisKcr posts small blind 10
boubou2773 posts big blind 20
Dealt to MathisKcr [Ac 3c]
*** PRE-FLOP *** 
lucifer132 folds
MathisKcr raises 120 to 140 and is all-in
boubou2773 folds
MathisKcr collected 160 from pot
*** SUMMARY ***
Total pot 160 | No rake
Seat 1: MathisKcr (small blind) won 160


Winamax Poker - Tournament "Expresso Nitro" buyIn: 0.93€ + 0.07€ level: 1 - HandId: #4559450669123108865-4-1770745129 - Holdem no limit (10/20) - 2026/02/10 17:38:49 UTC
Table: 'Expresso Nitro(1061579834)#0' 3-max (real money) Seat #1 is the button
Seat 1: MathisKcr (160)
Seat 2: boubou2773 (430)
Seat 3: lucifer132 (310)
*** ANTE/BLINDS ***
boubou2773 posts small blind 10
lucifer132 posts big blind 20
Dealt to MathisKcr [Js 2s]
*** PRE-FLOP *** 
MathisKcr raises 140 to 160 and is all-in
boubou2773 folds
lucifer132 raises 150 to 310 and is all-in
*** FLOP *** [2h 8s Jh]
*** TURN *** [2h 8s Jh][9c]
*** RIVER *** [2h 8s Jh 9c][2d]
*** SHOW DOWN ***
MathisKcr shows [Js 2s] (Full of 2 and Jacks)
lucifer132 shows [Ac 5s] (One pair : 2)
lucifer132 collected 150 from side pot 1
MathisKcr collected 330 from main pot
*** SUMMARY ***
Total pot 480 | No rake
Board: [2h 8s Jh 9c 2d]
Seat 1: MathisKcr (button) showed [Js 2s] and won 330 with Full of 2 and Jacks
Seat 3: lucifer132 (big blind) showed [Ac 5s] and won 150 with One pair : 2


Winamax Poker - Tournament "Expresso Nitro" buyIn: 0.93€ + 0.07€ level: 2 - HandId: #4559450669123108865-5-1770745143 - Holdem no limit (15/30) - 2026/02/10 17:39:03 UTC
Table: 'Expresso Nitro(1061579834)#0' 3-max (real money) Seat #2 is the button
Seat 1: MathisKcr (330)
Seat 2: boubou2773 (420)
Seat 3: lucifer132 (150)
*** ANTE/BLINDS ***
lucifer132 posts small blind 15
MathisKcr posts big blind 30
Dealt to MathisKcr [8h 9h]
*** PRE-FLOP *** 
boubou2773 folds
lucifer132 raises 120 to 150 and is all-in
MathisKcr calls 120
*** FLOP *** [8c Ks 4d]
*** TURN *** [8c Ks 4d][Ad]
*** RIVER *** [8c Ks 4d Ad][4c]
*** SHOW DOWN ***
MathisKcr shows [8h 9h] (Two pairs : 8 and 4)
lucifer132 shows [As 5c] (Two pairs : Aces and 4)
lucifer132 collected 300 from pot
*** SUMMARY ***
Total pot 300 | No rake
Board: [8c Ks 4d Ad 4c]
Seat 1: MathisKcr (big blind) showed [8h 9h] and lost with Two pairs : 8 and 4
Seat 3: lucifer132 (small blind) showed [As 5c] and won 300 with Two pairs : Aces and 4


Winamax Poker - Tournament "Expresso Nitro" buyIn: 0.93€ + 0.07€ level: 2 - HandId: #4559450669123108865-6-1770745157 - Holdem no limit (15/30) - 2026/02/10 17:39:17 UTC
Table: 'Expresso Nitro(1061579834)#0' 3-max (real money) Seat #3 is the button
Seat 1: MathisKcr (180)
Seat 2: boubou2773 (420)
Seat 3: lucifer132 (300)
*** ANTE/BLINDS ***
MathisKcr posts small blind 15
boubou2773 posts big blind 30
Dealt to MathisKcr [4h 5c]
*** PRE-FLOP *** 
lucifer132 folds
MathisKcr folds
boubou2773 collected 45 from pot
*** SUMMARY ***
Total pot 45 | No rake
Seat 2: boubou2773 (big blind) won 45


Winamax Poker - Tournament "Expresso Nitro" buyIn: 0.93€ + 0.07€ level: 2 - HandId: #4559450669123108865-7-1770745163 - Holdem no limit (15/30) - 2026/02/10 17:39:23 UTC
Table: 'Expresso Nitro(1061579834)#0' 3-max (real money) Seat #1 is the button
Seat 1: MathisKcr (165)
Seat 2: boubou2773 (435)
Seat 3: lucifer132 (300)
*** ANTE/BLINDS ***
boubou2773 posts small blind 15
lucifer132 posts big blind 30
Dealt to MathisKcr [9h 6h]
*** PRE-FLOP *** 
MathisKcr raises 30 to 60
boubou2773 calls 45
lucifer132 calls 30
*** FLOP *** [5h 8h 9d]
boubou2773 checks
lucifer132 checks
MathisKcr bets 105 and is all-in
boubou2773 folds
lucifer132 folds
MathisKcr collected 285 from pot
*** SUMMARY ***
Total pot 285 | No rake
Board: [5h 8h 9d]
Seat 1: MathisKcr (button) won 285


Winamax Poker - Tournament "Expresso Nitro" buyIn: 0.93€ + 0.07€ level: 3 - HandId: #4559450669123108865-8-1770745195 - Holdem no limit (20/40) - 2026/02/10 17:39:55 UTC
Table: 'Expresso Nitro(1061579834)#0' 3-max (real money) Seat #2 is the button
Seat 1: MathisKcr (285)
Seat 2: boubou2773 (375)
Seat 3: lucifer132 (240)
*** ANTE/BLINDS ***
lucifer132 posts small blind 20
MathisKcr posts big blind 40
Dealt to MathisKcr [6c 5h]
*** PRE-FLOP *** 
boubou2773 folds
lucifer132 calls 20
MathisKcr checks
*** FLOP *** [2s Kc 9c]
lucifer132 bets 200 and is all-in
MathisKcr folds
lucifer132 collected 280 from pot
*** SUMMARY ***
Total pot 280 | No rake
Board: [2s Kc 9c]
Seat 3: lucifer132 (small blind) won 280


Winamax Poker - Tournament "Expresso Nitro" buyIn: 0.93€ + 0.07€ level: 3 - HandId: #4559450669123108865-9-1770745209 - Holdem no limit (20/40) - 2026/02/10 17:40:09 UTC
Table: 'Expresso Nitro(1061579834)#0' 3-max (real money) Seat #3 is the button
Seat 1: MathisKcr (245)
Seat 2: boubou2773 (375)
Seat 3: lucifer132 (280)
*** ANTE/BLINDS ***
MathisKcr posts small blind 20
boubou2773 posts big blind 40
Dealt to MathisKcr [4c 6c]
*** PRE-FLOP *** 
lucifer132 calls 40
MathisKcr calls 20
boubou2773 checks
*** FLOP *** [5d Jh 6h]
MathisKcr bets 80
boubou2773 raises 255 to 335 and is all-in
lucifer132 folds
MathisKcr calls 125 and is all-in
*** TURN *** [5d Jh 6h][Qc]
*** RIVER *** [5d Jh 6h Qc][Ad]
*** SHOW DOWN ***
MathisKcr shows [4c 6c] (One pair : 6)
boubou2773 shows [2h Jd] (One pair : Jacks)
boubou2773 collected 660 from pot
*** SUMMARY ***
Total pot 660 | No rake
Board: [5d Jh 6h Qc Ad]
Seat 1: MathisKcr (small blind) showed [4c 6c] and lost with One pair : 6
Seat 2: boubou2773 (big blind) showed [2h Jd] and won 660 with One pair : Jacks


