Winamax Poker - Tournament "Expresso Nitro" buyIn: 0.93€ + 0.07€ level: 1 - HandId: #4666766598881673217-1-1774721262 - Holdem no limit (10/20) - 2026/03/28 18:07:42 UTC
Table: 'Expresso Nitro(1086566271)#0' 3-max (real money) Seat #3 is the button
Seat 1: Sodomator00 (300)
Seat 2: MathisKcr (300)
Seat 3: Chiot-143482 (300)
*** ANTE/BLINDS ***
Sodomator00 posts small blind 10
MathisKcr posts big blind 20
Dealt to MathisKcr [9c 7d]
*** PRE-FLOP *** 
Chiot-143482 folds
Sodomator00 calls 10
MathisKcr checks
*** FLOP *** [Th 9h 5h]
Sodomator00 checks
MathisKcr bets 40
Sodomator00 folds
MathisKcr collected 80 from pot
*** SUMMARY ***
Total pot 80 | No rake
Board: [Th 9h 5h]
Seat 2: MathisKcr (big blind) won 80


Winamax Poker - Tournament "Expresso Nitro" buyIn: 0.93€ + 0.07€ level: 1 - HandId: #4666766598881673217-2-1774721293 - Holdem no limit (10/20) - 2026/03/28 18:08:13 UTC
Table: 'Expresso Nitro(1086566271)#0' 3-max (real money) Seat #1 is the button
Seat 1: Sodomator00 (280)
Seat 2: MathisKcr (320)
Seat 3: Chiot-143482 (300)
*** ANTE/BLINDS ***
MathisKcr posts small blind 10
Chiot-143482 posts big blind 20
Dealt to MathisKcr [Qs As]
*** PRE-FLOP *** 
Sodomator00 calls 20
MathisKcr raises 300 to 320 and is all-in
Chiot-143482 folds
Sodomator00 folds
MathisKcr collected 360 from pot
*** SUMMARY ***
Total pot 360 | No rake
Seat 2: MathisKcr (small blind) won 360


Winamax Poker - Tournament "Expresso Nitro" buyIn: 0.93€ + 0.07€ level: 1 - HandId: #4666766598881673217-3-1774721309 - Holdem no limit (10/20) - 2026/03/28 18:08:29 UTC
Table: 'Expresso Nitro(1086566271)#0' 3-max (real money) Seat #2 is the button
Seat 1: Sodomator00 (260)
Seat 2: MathisKcr (360)
Seat 3: Chiot-143482 (280)
*** ANTE/BLINDS ***
Chiot-143482 posts small blind 10
Sodomator00 posts big blind 20
Dealt to MathisKcr [Jc 3s]
*** PRE-FLOP *** 
MathisKcr folds
Chiot-143482 calls 10
Sodomator00 checks
*** FLOP *** [4h Qh 8s]
Chiot-143482 bets 40
Sodomator00 folds
Chiot-143482 collected 80 from pot
*** SUMMARY ***
Total pot 80 | No rake
Board: [4h Qh 8s]
Seat 3: Chiot-143482 (small blind) won 80


Winamax Poker - Tournament "Expresso Nitro" buyIn: 0.93€ + 0.07€ level: 2 - HandId: #4666766598881673217-4-1774721335 - Holdem no limit (15/30) - 2026/03/28 18:08:55 UTC
Table: 'Expresso Nitro(1086566271)#0' 3-max (real money) Seat #3 is the button
Seat 1: Sodomator00 (240)
Seat 2: MathisKcr (360)
Seat 3: Chiot-143482 (300)
*** ANTE/BLINDS ***
Sodomator00 posts small blind 15
MathisKcr posts big blind 30
Dealt to MathisKcr [8s Td]
*** PRE-FLOP *** 
Chiot-143482 folds
Sodomator00 calls 15
MathisKcr checks
*** FLOP *** [4s 9s Kc]
Sodomator00 checks
MathisKcr checks
*** TURN *** [4s 9s Kc][Ah]
Sodomator00 checks
MathisKcr checks
*** RIVER *** [4s 9s Kc Ah][Ac]
Sodomator00 checks
MathisKcr checks
*** SHOW DOWN ***
MathisKcr shows [8s Td] (One pair : Aces)
Sodomator00 shows [Kd 3d] (Two pairs : Aces and Kings)
Sodomator00 collected 60 from pot
*** SUMMARY ***
Total pot 60 | No rake
Board: [4s 9s Kc Ah Ac]
Seat 1: Sodomator00 (small blind) showed [Kd 3d] and won 60 with Two pairs : Aces and Kings
Seat 2: MathisKcr (big blind) showed [8s Td] and lost with One pair : Aces


Winamax Poker - Tournament "Expresso Nitro" buyIn: 0.93€ + 0.07€ level: 2 - HandId: #4666766598881673217-5-1774721364 - Holdem no limit (15/30) - 2026/03/28 18:09:24 UTC
Table: 'Expresso Nitro(1086566271)#0' 3-max (real money) Seat #1 is the button
Seat 1: Sodomator00 (270)
Seat 2: MathisKcr (330)
Seat 3: Chiot-143482 (300)
*** ANTE/BLINDS ***
MathisKcr posts small blind 15
Chiot-143482 posts big blind 30
Dealt to MathisKcr [8c 6c]
*** PRE-FLOP *** 
Sodomator00 folds
MathisKcr folds
Chiot-143482 collected 45 from pot
*** SUMMARY ***
Total pot 45 | No rake
Seat 3: Chiot-143482 (big blind) won 45


Winamax Poker - Tournament "Expresso Nitro" buyIn: 0.93€ + 0.07€ level: 2 - HandId: #4666766598881673217-6-1774721370 - Holdem no limit (15/30) - 2026/03/28 18:09:30 UTC
Table: 'Expresso Nitro(1086566271)#0' 3-max (real money) Seat #2 is the button
Seat 1: Sodomator00 (270)
Seat 2: MathisKcr (315)
Seat 3: Chiot-143482 (315)
*** ANTE/BLINDS ***
Chiot-143482 posts small blind 15
Sodomator00 posts big blind 30
Dealt to MathisKcr [4h Ac]
*** PRE-FLOP *** 
MathisKcr raises 285 to 315 and is all-in
Chiot-143482 folds
Sodomator00 calls 240 and is all-in
*** FLOP *** [Kh Th 8d]
*** TURN *** [Kh Th 8d][Ks]
*** RIVER *** [Kh Th 8d Ks][Ad]
*** SHOW DOWN ***
Sodomator00 shows [5c 5d] (Two pairs : Kings and 5)
MathisKcr shows [4h Ac] (Two pairs : Aces and Kings)
MathisKcr collected 600 from pot
*** SUMMARY ***
Total pot 600 | No rake
Board: [Kh Th 8d Ks Ad]
Seat 1: Sodomator00 (big blind) showed [5c 5d] and lost with Two pairs : Kings and 5
Seat 2: MathisKcr (button) showed [4h Ac] and won 600 with Two pairs : Aces and Kings


Winamax Poker - Tournament "Expresso Nitro" buyIn: 0.93€ + 0.07€ level: 3 - HandId: #4666766598881673217-7-1774721386 - Holdem no limit (20/40) - 2026/03/28 18:09:46 UTC
Table: 'Expresso Nitro(1086566271)#0' 3-max (real money) Seat #2 is the button
Seat 2: MathisKcr (600)
Seat 3: Chiot-143482 (300)
*** ANTE/BLINDS ***
MathisKcr posts small blind 20
Chiot-143482 posts big blind 40
Dealt to MathisKcr [8s 3d]
*** PRE-FLOP *** 
MathisKcr folds
Chiot-143482 collected 60 from pot
*** SUMMARY ***
Total pot 60 | No rake
Seat 3: Chiot-143482 (big blind) won 60


Winamax Poker - Tournament "Expresso Nitro" buyIn: 0.93€ + 0.07€ level: 3 - HandId: #4666766598881673217-8-1774721390 - Holdem no limit (20/40) - 2026/03/28 18:09:50 UTC
Table: 'Expresso Nitro(1086566271)#0' 3-max (real money) Seat #3 is the button
Seat 2: MathisKcr (580)
Seat 3: Chiot-143482 (320)
*** ANTE/BLINDS ***
Chiot-143482 posts small blind 20
MathisKcr posts big blind 40
Dealt to MathisKcr [7h As]
*** PRE-FLOP *** 
Chiot-143482 calls 20
MathisKcr raises 540 to 580 and is all-in
Chiot-143482 folds
MathisKcr collected 620 from pot
*** SUMMARY ***
Total pot 620 | No rake
Seat 2: MathisKcr (big blind) won 620


Winamax Poker - Tournament "Expresso Nitro" buyIn: 0.93€ + 0.07€ level: 3 - HandId: #4666766598881673217-9-1774721398 - Holdem no limit (20/40) - 2026/03/28 18:09:58 UTC
Table: 'Expresso Nitro(1086566271)#0' 3-max (real money) Seat #2 is the button
Seat 2: MathisKcr (620)
Seat 3: Chiot-143482 (280)
*** ANTE/BLINDS ***
MathisKcr posts small blind 20
Chiot-143482 posts big blind 40
Dealt to MathisKcr [6c Kc]
*** PRE-FLOP *** 
MathisKcr raises 580 to 620 and is all-in
Chiot-143482 folds
MathisKcr collected 660 from pot
*** SUMMARY ***
Total pot 660 | No rake
Seat 2: MathisKcr (small blind) (button) won 660


Winamax Poker - Tournament "Expresso Nitro" buyIn: 0.93€ + 0.07€ level: 3 - HandId: #4666766598881673217-10-1774721403 - Holdem no limit (20/40) - 2026/03/28 18:10:03 UTC
Table: 'Expresso Nitro(1086566271)#0' 3-max (real money) Seat #3 is the button
Seat 2: MathisKcr (660)
Seat 3: Chiot-143482 (240)
*** ANTE/BLINDS ***
Chiot-143482 posts small blind 20
MathisKcr posts big blind 40
Dealt to MathisKcr [Ad 7s]
*** PRE-FLOP *** 
Chiot-143482 calls 20
MathisKcr raises 620 to 660 and is all-in
Chiot-143482 calls 200 and is all-in
*** FLOP *** [Kh 2s Ac]
*** TURN *** [Kh 2s Ac][7d]
*** RIVER *** [Kh 2s Ac 7d][9s]
*** SHOW DOWN ***
Chiot-143482 shows [4d 6d] (High card : Ace)
MathisKcr shows [Ad 7s] (Two pairs : Aces and 7)
MathisKcr collected 900 from pot
*** SUMMARY ***
Total pot 900 | No rake
Board: [Kh 2s Ac 7d 9s]
Seat 2: MathisKcr (big blind) showed [Ad 7s] and won 900 with Two pairs : Aces and 7
Seat 3: Chiot-143482 (small blind) (button) showed [4d 6d] and lost with High card : Ace


