Winamax Poker - Tournament "Expresso Nitro" buyIn: 0.93€ + 0.07€ level: 1 - HandId: #4604992032723697665-1-1772525415 - Holdem no limit (10/20) - 2026/03/03 08:10:15 UTC
Table: 'Expresso Nitro(1072183259)#0' 3-max (real money) Seat #3 is the button
Seat 1: MathisKcr (300)
Seat 2: Civil_396814 (300)
Seat 3: Karkkamo (300)
*** ANTE/BLINDS ***
MathisKcr posts small blind 10
Civil_396814 posts big blind 20
Dealt to MathisKcr [5h Jc]
*** PRE-FLOP *** 
Karkkamo calls 20
MathisKcr calls 10
Civil_396814 checks
*** FLOP *** [Td 6s 8d]
MathisKcr checks
Civil_396814 checks
Karkkamo bets 20
MathisKcr folds
Civil_396814 calls 20
*** TURN *** [Td 6s 8d][Kd]
Civil_396814 checks
Karkkamo bets 100
Civil_396814 calls 100
*** RIVER *** [Td 6s 8d Kd][2d]
Civil_396814 checks
Karkkamo bets 160 and is all-in
Civil_396814 calls 160 and is all-in
*** SHOW DOWN ***
Civil_396814 shows [Ac 7d] (Flush King high)
Karkkamo shows [6d Ad] (Flush Ace high)
Karkkamo collected 620 from pot
*** SUMMARY ***
Total pot 620 | No rake
Board: [Td 6s 8d Kd 2d]
Seat 2: Civil_396814 (big blind) showed [Ac 7d] and lost with Flush King high
Seat 3: Karkkamo (button) showed [6d Ad] and won 620 with Flush Ace high


Winamax Poker - Tournament "Expresso Nitro" buyIn: 0.93€ + 0.07€ level: 1 - HandId: #4604992032723697665-2-1772525450 - Holdem no limit (10/20) - 2026/03/03 08:10:50 UTC
Table: 'Expresso Nitro(1072183259)#0' 3-max (real money) Seat #3 is the button
Seat 1: MathisKcr (280)
Seat 3: Karkkamo (620)
*** ANTE/BLINDS ***
Karkkamo posts small blind 10
MathisKcr posts big blind 20
Dealt to MathisKcr [4d 9h]
*** PRE-FLOP *** 
Karkkamo calls 10
MathisKcr checks
*** FLOP *** [Qc Jc 8d]
MathisKcr checks
Karkkamo checks
*** TURN *** [Qc Jc 8d][Ks]
MathisKcr checks
Karkkamo checks
*** RIVER *** [Qc Jc 8d Ks][Td]
MathisKcr checks
Karkkamo bets 40
MathisKcr folds
Karkkamo collected 80 from pot
*** SUMMARY ***
Total pot 80 | No rake
Board: [Qc Jc 8d Ks Td]
Seat 3: Karkkamo (small blind) (button) won 80


Winamax Poker - Tournament "Expresso Nitro" buyIn: 0.93€ + 0.07€ level: 2 - HandId: #4604992032723697665-3-1772525492 - Holdem no limit (15/30) - 2026/03/03 08:11:32 UTC
Table: 'Expresso Nitro(1072183259)#0' 3-max (real money) Seat #1 is the button
Seat 1: MathisKcr (260)
Seat 3: Karkkamo (640)
*** ANTE/BLINDS ***
MathisKcr posts small blind 15
Karkkamo posts big blind 30
Dealt to MathisKcr [Tc 5d]
*** PRE-FLOP *** 
MathisKcr folds
Karkkamo collected 45 from pot
*** SUMMARY ***
Total pot 45 | No rake
Seat 3: Karkkamo (big blind) won 45


Winamax Poker - Tournament "Expresso Nitro" buyIn: 0.93€ + 0.07€ level: 2 - HandId: #4604992032723697665-4-1772525500 - Holdem no limit (15/30) - 2026/03/03 08:11:40 UTC
Table: 'Expresso Nitro(1072183259)#0' 3-max (real money) Seat #3 is the button
Seat 1: MathisKcr (245)
Seat 3: Karkkamo (655)
*** ANTE/BLINDS ***
Karkkamo posts small blind 15
MathisKcr posts big blind 30
Dealt to MathisKcr [5c 4d]
*** PRE-FLOP *** 
Karkkamo calls 15
MathisKcr checks
*** FLOP *** [Jh 3s 9h]
MathisKcr checks
Karkkamo checks
*** TURN *** [Jh 3s 9h][3c]
MathisKcr checks
Karkkamo checks
*** RIVER *** [Jh 3s 9h 3c][6h]
MathisKcr checks
Karkkamo checks
*** SHOW DOWN ***
MathisKcr shows [5c 4d] (One pair : 3)
Karkkamo shows [Kc 8s] (One pair : 3)
Karkkamo collected 60 from pot
*** SUMMARY ***
Total pot 60 | No rake
Board: [Jh 3s 9h 3c 6h]
Seat 1: MathisKcr (big blind) showed [5c 4d] and lost with One pair : 3
Seat 3: Karkkamo (small blind) (button) showed [Kc 8s] and won 60 with One pair : 3


Winamax Poker - Tournament "Expresso Nitro" buyIn: 0.93€ + 0.07€ level: 2 - HandId: #4604992032723697665-5-1772525517 - Holdem no limit (15/30) - 2026/03/03 08:11:57 UTC
Table: 'Expresso Nitro(1072183259)#0' 3-max (real money) Seat #1 is the button
Seat 1: MathisKcr (215)
Seat 3: Karkkamo (685)
*** ANTE/BLINDS ***
MathisKcr posts small blind 15
Karkkamo posts big blind 30
Dealt to MathisKcr [Jc Ah]
*** PRE-FLOP *** 
MathisKcr raises 185 to 215 and is all-in
Karkkamo folds
MathisKcr collected 245 from pot
*** SUMMARY ***
Total pot 245 | No rake
Seat 1: MathisKcr (small blind) (button) won 245


Winamax Poker - Tournament "Expresso Nitro" buyIn: 0.93€ + 0.07€ level: 2 - HandId: #4604992032723697665-6-1772525524 - Holdem no limit (15/30) - 2026/03/03 08:12:04 UTC
Table: 'Expresso Nitro(1072183259)#0' 3-max (real money) Seat #3 is the button
Seat 1: MathisKcr (245)
Seat 3: Karkkamo (655)
*** ANTE/BLINDS ***
Karkkamo posts small blind 15
MathisKcr posts big blind 30
Dealt to MathisKcr [9h 4h]
*** PRE-FLOP *** 
Karkkamo calls 15
MathisKcr checks
*** FLOP *** [7s Kd Ks]
MathisKcr checks
Karkkamo checks
*** TURN *** [7s Kd Ks][Js]
MathisKcr checks
Karkkamo checks
*** RIVER *** [7s Kd Ks Js][3d]
MathisKcr checks
Karkkamo checks
*** SHOW DOWN ***
MathisKcr shows [9h 4h] (One pair : Kings)
Karkkamo shows [Tc 8h] (One pair : Kings)
Karkkamo collected 60 from pot
*** SUMMARY ***
Total pot 60 | No rake
Board: [7s Kd Ks Js 3d]
Seat 1: MathisKcr (big blind) showed [9h 4h] and lost with One pair : Kings
Seat 3: Karkkamo (small blind) (button) showed [Tc 8h] and won 60 with One pair : Kings


Winamax Poker - Tournament "Expresso Nitro" buyIn: 0.93€ + 0.07€ level: 3 - HandId: #4604992032723697665-7-1772525538 - Holdem no limit (20/40) - 2026/03/03 08:12:18 UTC
Table: 'Expresso Nitro(1072183259)#0' 3-max (real money) Seat #1 is the button
Seat 1: MathisKcr (215)
Seat 3: Karkkamo (685)
*** ANTE/BLINDS ***
MathisKcr posts small blind 20
Karkkamo posts big blind 40
Dealt to MathisKcr [2d Jh]
*** PRE-FLOP *** 
MathisKcr raises 175 to 215 and is all-in
Karkkamo calls 175
*** FLOP *** [5c Kc 9d]
*** TURN *** [5c Kc 9d][4s]
*** RIVER *** [5c Kc 9d 4s][3s]
*** SHOW DOWN ***
MathisKcr shows [2d Jh] (High card : King)
Karkkamo shows [Ac 2s] (Straight 5 high)
Karkkamo collected 430 from pot
*** SUMMARY ***
Total pot 430 | No rake
Board: [5c Kc 9d 4s 3s]
Seat 1: MathisKcr (small blind) (button) showed [2d Jh] and lost with High card : King
Seat 3: Karkkamo (big blind) showed [Ac 2s] and won 430 with Straight 5 high


