Winamax Poker - Tournament "Expresso Nitro" buyIn: 0.93€ + 0.07€ level: 1 - HandId: #4698447226844741633-1-1775914665 - Holdem no limit (10/20) - 2026/04/11 13:37:45 UTC
Table: 'Expresso Nitro(1093942492)#0' 3-max (real money) Seat #1 is the button
Seat 1: MathisKcr (300)
Seat 2: Oranoutang (300)
Seat 3: TiIltCrusHer (300)
*** ANTE/BLINDS ***
Oranoutang posts small blind 10
TiIltCrusHer posts big blind 20
Dealt to MathisKcr [4d 9d]
*** PRE-FLOP *** 
MathisKcr folds
Oranoutang raises 20 to 40
TiIltCrusHer calls 20
*** FLOP *** [8h As Td]
Oranoutang bets 28
TiIltCrusHer folds
Oranoutang collected 108 from pot
*** SUMMARY ***
Total pot 108 | No rake
Board: [8h As Td]
Seat 2: Oranoutang (small blind) won 108


Winamax Poker - Tournament "Expresso Nitro" buyIn: 0.93€ + 0.07€ level: 1 - HandId: #4698447226844741633-2-1775914688 - Holdem no limit (10/20) - 2026/04/11 13:38:08 UTC
Table: 'Expresso Nitro(1093942492)#0' 3-max (real money) Seat #2 is the button
Seat 1: MathisKcr (300)
Seat 2: Oranoutang (340)
Seat 3: TiIltCrusHer (260)
*** ANTE/BLINDS ***
TiIltCrusHer posts small blind 10
MathisKcr posts big blind 20
Dealt to MathisKcr [7c Tc]
*** PRE-FLOP *** 
Oranoutang raises 20 to 40
TiIltCrusHer raises 220 to 260 and is all-in
MathisKcr folds
Oranoutang folds
TiIltCrusHer collected 320 from pot
*** SUMMARY ***
Total pot 320 | No rake
Seat 3: TiIltCrusHer (small blind) won 320


Winamax Poker - Tournament "Expresso Nitro" buyIn: 0.93€ + 0.07€ level: 1 - HandId: #4698447226844741633-3-1775914702 - Holdem no limit (10/20) - 2026/04/11 13:38:22 UTC
Table: 'Expresso Nitro(1093942492)#0' 3-max (real money) Seat #3 is the button
Seat 1: MathisKcr (280)
Seat 2: Oranoutang (300)
Seat 3: TiIltCrusHer (320)
*** ANTE/BLINDS ***
MathisKcr posts small blind 10
Oranoutang posts big blind 20
Dealt to MathisKcr [2c 5c]
*** PRE-FLOP *** 
TiIltCrusHer folds
MathisKcr folds
Oranoutang collected 30 from pot
*** SUMMARY ***
Total pot 30 | No rake
Seat 2: Oranoutang (big blind) won 30


Winamax Poker - Tournament "Expresso Nitro" buyIn: 0.93€ + 0.07€ level: 1 - HandId: #4698447226844741633-4-1775914708 - Holdem no limit (10/20) - 2026/04/11 13:38:28 UTC
Table: 'Expresso Nitro(1093942492)#0' 3-max (real money) Seat #1 is the button
Seat 1: MathisKcr (270)
Seat 2: Oranoutang (310)
Seat 3: TiIltCrusHer (320)
*** ANTE/BLINDS ***
Oranoutang posts small blind 10
TiIltCrusHer posts big blind 20
Dealt to MathisKcr [5h Tc]
*** PRE-FLOP *** 
MathisKcr folds
Oranoutang folds
TiIltCrusHer collected 30 from pot
*** SUMMARY ***
Total pot 30 | No rake
Seat 3: TiIltCrusHer (big blind) won 30


Winamax Poker - Tournament "Expresso Nitro" buyIn: 0.93€ + 0.07€ level: 1 - HandId: #4698447226844741633-5-1775914714 - Holdem no limit (10/20) - 2026/04/11 13:38:34 UTC
Table: 'Expresso Nitro(1093942492)#0' 3-max (real money) Seat #2 is the button
Seat 1: MathisKcr (270)
Seat 2: Oranoutang (300)
Seat 3: TiIltCrusHer (330)
*** ANTE/BLINDS ***
TiIltCrusHer posts small blind 10
MathisKcr posts big blind 20
Dealt to MathisKcr [5c Td]
*** PRE-FLOP *** 
Oranoutang raises 280 to 300 and is all-in
TiIltCrusHer folds
MathisKcr folds
Oranoutang collected 330 from pot
*** SUMMARY ***
Total pot 330 | No rake
Seat 2: Oranoutang (button) won 330


Winamax Poker - Tournament "Expresso Nitro" buyIn: 0.93€ + 0.07€ level: 1 - HandId: #4698447226844741633-6-1775914722 - Holdem no limit (10/20) - 2026/04/11 13:38:42 UTC
Table: 'Expresso Nitro(1093942492)#0' 3-max (real money) Seat #3 is the button
Seat 1: MathisKcr (250)
Seat 2: Oranoutang (330)
Seat 3: TiIltCrusHer (320)
*** ANTE/BLINDS ***
MathisKcr posts small blind 10
Oranoutang posts big blind 20
Dealt to MathisKcr [7d 3h]
*** PRE-FLOP *** 
TiIltCrusHer folds
MathisKcr folds
Oranoutang collected 30 from pot
*** SUMMARY ***
Total pot 30 | No rake
Seat 2: Oranoutang (big blind) won 30


Winamax Poker - Tournament "Expresso Nitro" buyIn: 0.93€ + 0.07€ level: 2 - HandId: #4698447226844741633-7-1775914731 - Holdem no limit (15/30) - 2026/04/11 13:38:51 UTC
Table: 'Expresso Nitro(1093942492)#0' 3-max (real money) Seat #1 is the button
Seat 1: MathisKcr (240)
Seat 2: Oranoutang (340)
Seat 3: TiIltCrusHer (320)
*** ANTE/BLINDS ***
Oranoutang posts small blind 15
TiIltCrusHer posts big blind 30
Dealt to MathisKcr [Ah 6s]
*** PRE-FLOP *** 
MathisKcr raises 30 to 60
Oranoutang folds
TiIltCrusHer calls 30
*** FLOP *** [Th 8h 4h]
TiIltCrusHer checks
MathisKcr bets 47
TiIltCrusHer calls 47
*** TURN *** [Th 8h 4h][4d]
TiIltCrusHer checks
MathisKcr bets 133 and is all-in
TiIltCrusHer calls 133
*** RIVER *** [Th 8h 4h 4d][3d]
*** SHOW DOWN ***
MathisKcr shows [Ah 6s] (One pair : 4)
TiIltCrusHer shows [Tc 8s] (Two pairs : Tens and 8)
TiIltCrusHer collected 495 from pot
*** SUMMARY ***
Total pot 495 | No rake
Board: [Th 8h 4h 4d 3d]
Seat 1: MathisKcr (button) showed [Ah 6s] and lost with One pair : 4
Seat 3: TiIltCrusHer (big blind) showed [Tc 8s] and won 495 with Two pairs : Tens and 8


