Winamax Poker - Tournament "Expresso Nitro" buyIn: 0.93€ + 0.07€ level: 1 - HandId: #4667965255534510081-1-1774774767 - Holdem no limit (10/20) - 2026/03/29 08:59:27 UTC
Table: 'Expresso Nitro(1086845355)#0' 3-max (real money) Seat #1 is the button
Seat 1: Yorunner (300)
Seat 2: MathisKcr (300)
Seat 3: Nadia-13310 (300)
*** ANTE/BLINDS ***
MathisKcr posts small blind 10
Nadia-13310 posts big blind 20
Dealt to MathisKcr [5d 8d]
*** PRE-FLOP *** 
Yorunner folds
MathisKcr folds
Nadia-13310 collected 30 from pot
*** SUMMARY ***
Total pot 30 | No rake
Seat 3: Nadia-13310 (big blind) won 30


Winamax Poker - Tournament "Expresso Nitro" buyIn: 0.93€ + 0.07€ level: 1 - HandId: #4667965255534510081-2-1774774778 - Holdem no limit (10/20) - 2026/03/29 08:59:38 UTC
Table: 'Expresso Nitro(1086845355)#0' 3-max (real money) Seat #2 is the button
Seat 1: Yorunner (300)
Seat 2: MathisKcr (290)
Seat 3: Nadia-13310 (310)
*** ANTE/BLINDS ***
Nadia-13310 posts small blind 10
Yorunner posts big blind 20
Dealt to MathisKcr [5s 8s]
*** PRE-FLOP *** 
MathisKcr folds
Nadia-13310 calls 10
Yorunner raises 280 to 300 and is all-in
Nadia-13310 folds
Yorunner collected 320 from pot
*** SUMMARY ***
Total pot 320 | No rake
Seat 1: Yorunner (big blind) won 320


Winamax Poker - Tournament "Expresso Nitro" buyIn: 0.93€ + 0.07€ level: 1 - HandId: #4667965255534510081-3-1774774790 - Holdem no limit (10/20) - 2026/03/29 08:59:50 UTC
Table: 'Expresso Nitro(1086845355)#0' 3-max (real money) Seat #3 is the button
Seat 1: Yorunner (320)
Seat 2: MathisKcr (290)
Seat 3: Nadia-13310 (290)
*** ANTE/BLINDS ***
Yorunner posts small blind 10
MathisKcr posts big blind 20
Dealt to MathisKcr [2d 4h]
*** PRE-FLOP *** 
Nadia-13310 calls 20
Yorunner calls 10
MathisKcr checks
*** FLOP *** [7c 2h 7h]
Yorunner checks
MathisKcr bets 30
Nadia-13310 folds
Yorunner folds
MathisKcr collected 90 from pot
*** SUMMARY ***
Total pot 90 | No rake
Board: [7c 2h 7h]
Seat 2: MathisKcr (big blind) won 90


Winamax Poker - Tournament "Expresso Nitro" buyIn: 0.93€ + 0.07€ level: 1 - HandId: #4667965255534510081-4-1774774808 - Holdem no limit (10/20) - 2026/03/29 09:00:08 UTC
Table: 'Expresso Nitro(1086845355)#0' 3-max (real money) Seat #1 is the button
Seat 1: Yorunner (300)
Seat 2: MathisKcr (330)
Seat 3: Nadia-13310 (270)
*** ANTE/BLINDS ***
MathisKcr posts small blind 10
Nadia-13310 posts big blind 20
Dealt to MathisKcr [Jh 3h]
*** PRE-FLOP *** 
Yorunner folds
MathisKcr folds
Nadia-13310 collected 30 from pot
*** SUMMARY ***
Total pot 30 | No rake
Seat 3: Nadia-13310 (big blind) won 30


Winamax Poker - Tournament "Expresso Nitro" buyIn: 0.93€ + 0.07€ level: 1 - HandId: #4667965255534510081-5-1774774816 - Holdem no limit (10/20) - 2026/03/29 09:00:16 UTC
Table: 'Expresso Nitro(1086845355)#0' 3-max (real money) Seat #2 is the button
Seat 1: Yorunner (300)
Seat 2: MathisKcr (320)
Seat 3: Nadia-13310 (280)
*** ANTE/BLINDS ***
Nadia-13310 posts small blind 10
Yorunner posts big blind 20
Dealt to MathisKcr [Qh 8h]
*** PRE-FLOP *** 
MathisKcr raises 20 to 40
Nadia-13310 folds
Yorunner folds
MathisKcr collected 70 from pot
*** SUMMARY ***
Total pot 70 | No rake
Seat 2: MathisKcr (button) won 70


Winamax Poker - Tournament "Expresso Nitro" buyIn: 0.93€ + 0.07€ level: 1 - HandId: #4667965255534510081-6-1774774824 - Holdem no limit (10/20) - 2026/03/29 09:00:24 UTC
Table: 'Expresso Nitro(1086845355)#0' 3-max (real money) Seat #3 is the button
Seat 1: Yorunner (280)
Seat 2: MathisKcr (350)
Seat 3: Nadia-13310 (270)
*** ANTE/BLINDS ***
Yorunner posts small blind 10
MathisKcr posts big blind 20
Dealt to MathisKcr [Ks 6s]
*** PRE-FLOP *** 
Nadia-13310 raises 250 to 270 and is all-in
Yorunner folds
MathisKcr folds
Nadia-13310 collected 300 from pot
*** SUMMARY ***
Total pot 300 | No rake
Seat 3: Nadia-13310 (button) won 300


Winamax Poker - Tournament "Expresso Nitro" buyIn: 0.93€ + 0.07€ level: 2 - HandId: #4667965255534510081-7-1774774834 - Holdem no limit (15/30) - 2026/03/29 09:00:34 UTC
Table: 'Expresso Nitro(1086845355)#0' 3-max (real money) Seat #1 is the button
Seat 1: Yorunner (270)
Seat 2: MathisKcr (330)
Seat 3: Nadia-13310 (300)
*** ANTE/BLINDS ***
MathisKcr posts small blind 15
Nadia-13310 posts big blind 30
Dealt to MathisKcr [3s 7s]
*** PRE-FLOP *** 
Yorunner raises 240 to 270 and is all-in
MathisKcr folds
Nadia-13310 folds
Yorunner collected 315 from pot
*** SUMMARY ***
Total pot 315 | No rake
Seat 1: Yorunner (button) won 315


Winamax Poker - Tournament "Expresso Nitro" buyIn: 0.93€ + 0.07€ level: 2 - HandId: #4667965255534510081-8-1774774844 - Holdem no limit (15/30) - 2026/03/29 09:00:44 UTC
Table: 'Expresso Nitro(1086845355)#0' 3-max (real money) Seat #2 is the button
Seat 1: Yorunner (315)
Seat 2: MathisKcr (315)
Seat 3: Nadia-13310 (270)
*** ANTE/BLINDS ***
Nadia-13310 posts small blind 15
Yorunner posts big blind 30
Dealt to MathisKcr [4s Jd]
*** PRE-FLOP *** 
MathisKcr folds
Nadia-13310 raises 240 to 270 and is all-in
Yorunner raises 45 to 315 and is all-in
*** FLOP *** [2h Qs Js]
*** TURN *** [2h Qs Js][7d]
*** RIVER *** [2h Qs Js 7d][8s]
*** SHOW DOWN ***
Yorunner shows [As 5c] (High card : Ace)
Nadia-13310 shows [8d 8c] (Trips of 8)
Nadia-13310 collected 540 from main pot
Yorunner collected 45 from side pot 1
*** SUMMARY ***
Total pot 585 | No rake
Board: [2h Qs Js 7d 8s]
Seat 1: Yorunner (big blind) showed [As 5c] and won 45 with High card : Ace
Seat 3: Nadia-13310 (small blind) showed [8d 8c] and won 540 with Trips of 8


Winamax Poker - Tournament "Expresso Nitro" buyIn: 0.93€ + 0.07€ level: 2 - HandId: #4667965255534510081-9-1774774859 - Holdem no limit (15/30) - 2026/03/29 09:00:59 UTC
Table: 'Expresso Nitro(1086845355)#0' 3-max (real money) Seat #3 is the button
Seat 1: Yorunner (45)
Seat 2: MathisKcr (315)
Seat 3: Nadia-13310 (540)
*** ANTE/BLINDS ***
Yorunner posts small blind 15
MathisKcr posts big blind 30
Dealt to MathisKcr [Ac 8d]
*** PRE-FLOP *** 
Nadia-13310 folds
Yorunner raises 15 to 45 and is all-in
MathisKcr calls 15
*** FLOP *** [Th 9h 2d]
*** TURN *** [Th 9h 2d][5h]
*** RIVER *** [Th 9h 2d 5h][3d]
*** SHOW DOWN ***
MathisKcr shows [Ac 8d] (High card : Ace)
Yorunner shows [2c Kc] (One pair : 2)
Yorunner collected 90 from pot
*** SUMMARY ***
Total pot 90 | No rake
Board: [Th 9h 2d 5h 3d]
Seat 1: Yorunner (small blind) showed [2c Kc] and won 90 with One pair : 2
Seat 2: MathisKcr (big blind) showed [Ac 8d] and lost with High card : Ace


Winamax Poker - Tournament "Expresso Nitro" buyIn: 0.93€ + 0.07€ level: 2 - HandId: #4667965255534510081-10-1774774875 - Holdem no limit (15/30) - 2026/03/29 09:01:15 UTC
Table: 'Expresso Nitro(1086845355)#0' 3-max (real money) Seat #1 is the button
Seat 1: Yorunner (90)
Seat 2: MathisKcr (270)
Seat 3: Nadia-13310 (540)
*** ANTE/BLINDS ***
MathisKcr posts small blind 15
Nadia-13310 posts big blind 30
Dealt to MathisKcr [9d Qd]
*** PRE-FLOP *** 
Yorunner folds
MathisKcr raises 240 to 270 and is all-in
Nadia-13310 folds
MathisKcr collected 300 from pot
*** SUMMARY ***
Total pot 300 | No rake
Seat 2: MathisKcr (small blind) won 300


Winamax Poker - Tournament "Expresso Nitro" buyIn: 0.93€ + 0.07€ level: 3 - HandId: #4667965255534510081-11-1774774885 - Holdem no limit (20/40) - 2026/03/29 09:01:25 UTC
Table: 'Expresso Nitro(1086845355)#0' 3-max (real money) Seat #2 is the button
Seat 1: Yorunner (90)
Seat 2: MathisKcr (300)
Seat 3: Nadia-13310 (510)
*** ANTE/BLINDS ***
Nadia-13310 posts small blind 20
Yorunner posts big blind 40
Dealt to MathisKcr [Kh 3s]
*** PRE-FLOP *** 
MathisKcr raises 40 to 80
Nadia-13310 folds
Yorunner raises 10 to 90 and is all-in
MathisKcr calls 10
*** FLOP *** [8d 6c 5h]
*** TURN *** [8d 6c 5h][9h]
*** RIVER *** [8d 6c 5h 9h][Ad]
*** SHOW DOWN ***
MathisKcr shows [Kh 3s] (High card : Ace)
Yorunner shows [8h 7h] (Straight 9 high)
Yorunner collected 200 from pot
*** SUMMARY ***
Total pot 200 | No rake
Board: [8d 6c 5h 9h Ad]
Seat 1: Yorunner (big blind) showed [8h 7h] and won 200 with Straight 9 high
Seat 2: MathisKcr (button) showed [Kh 3s] and lost with High card : Ace


Winamax Poker - Tournament "Expresso Nitro" buyIn: 0.93€ + 0.07€ level: 3 - HandId: #4667965255534510081-12-1774774904 - Holdem no limit (20/40) - 2026/03/29 09:01:44 UTC
Table: 'Expresso Nitro(1086845355)#0' 3-max (real money) Seat #3 is the button
Seat 1: Yorunner (200)
Seat 2: MathisKcr (210)
Seat 3: Nadia-13310 (490)
*** ANTE/BLINDS ***
Yorunner posts small blind 20
MathisKcr posts big blind 40
Dealt to MathisKcr [5s Ah]
*** PRE-FLOP *** 
Nadia-13310 folds
Yorunner folds
MathisKcr collected 60 from pot
*** SUMMARY ***
Total pot 60 | No rake
Seat 2: MathisKcr (big blind) won 60


Winamax Poker - Tournament "Expresso Nitro" buyIn: 0.93€ + 0.07€ level: 3 - HandId: #4667965255534510081-13-1774774911 - Holdem no limit (20/40) - 2026/03/29 09:01:51 UTC
Table: 'Expresso Nitro(1086845355)#0' 3-max (real money) Seat #1 is the button
Seat 1: Yorunner (180)
Seat 2: MathisKcr (230)
Seat 3: Nadia-13310 (490)
*** ANTE/BLINDS ***
MathisKcr posts small blind 20
Nadia-13310 posts big blind 40
Dealt to MathisKcr [3d 2h]
*** PRE-FLOP *** 
Yorunner folds
MathisKcr folds
Nadia-13310 collected 60 from pot
*** SUMMARY ***
Total pot 60 | No rake
Seat 3: Nadia-13310 (big blind) won 60


Winamax Poker - Tournament "Expresso Nitro" buyIn: 0.93€ + 0.07€ level: 3 - HandId: #4667965255534510081-14-1774774916 - Holdem no limit (20/40) - 2026/03/29 09:01:56 UTC
Table: 'Expresso Nitro(1086845355)#0' 3-max (real money) Seat #2 is the button
Seat 1: Yorunner (180)
Seat 2: MathisKcr (210)
Seat 3: Nadia-13310 (510)
*** ANTE/BLINDS ***
Nadia-13310 posts small blind 20
Yorunner posts big blind 40
Dealt to MathisKcr [6s Jd]
*** PRE-FLOP *** 
MathisKcr folds
Nadia-13310 folds
Yorunner collected 60 from pot
*** SUMMARY ***
Total pot 60 | No rake
Seat 1: Yorunner (big blind) won 60


Winamax Poker - Tournament "Expresso Nitro" buyIn: 0.93€ + 0.07€ level: 3 - HandId: #4667965255534510081-15-1774774927 - Holdem no limit (20/40) - 2026/03/29 09:02:07 UTC
Table: 'Expresso Nitro(1086845355)#0' 3-max (real money) Seat #3 is the button
Seat 1: Yorunner (200)
Seat 2: MathisKcr (210)
Seat 3: Nadia-13310 (490)
*** ANTE/BLINDS ***
Yorunner posts small blind 20
MathisKcr posts big blind 40
Dealt to MathisKcr [4s 7c]
*** PRE-FLOP *** 
Nadia-13310 calls 40
Yorunner calls 20
MathisKcr checks
*** FLOP *** [7d 9d Ac]
Yorunner checks
MathisKcr checks
Nadia-13310 checks
*** TURN *** [7d 9d Ac][2d]
Yorunner bets 40
MathisKcr calls 40
Nadia-13310 folds
*** RIVER *** [7d 9d Ac 2d][4h]
Yorunner checks
MathisKcr bets 130 and is all-in
Yorunner folds
MathisKcr collected 330 from pot
*** SUMMARY ***
Total pot 330 | No rake
Board: [7d 9d Ac 2d 4h]
Seat 2: MathisKcr (big blind) won 330


Winamax Poker - Tournament "Expresso Nitro" buyIn: 0.93€ + 0.07€ level: 4 - HandId: #4667965255534510081-16-1774774958 - Holdem no limit (30/60) - 2026/03/29 09:02:38 UTC
Table: 'Expresso Nitro(1086845355)#0' 3-max (real money) Seat #1 is the button
Seat 1: Yorunner (120)
Seat 2: MathisKcr (330)
Seat 3: Nadia-13310 (450)
*** ANTE/BLINDS ***
MathisKcr posts small blind 30
Nadia-13310 posts big blind 60
Dealt to MathisKcr [Qc Th]
*** PRE-FLOP *** 
Yorunner folds
MathisKcr raises 270 to 330 and is all-in
Nadia-13310 folds
MathisKcr collected 390 from pot
*** SUMMARY ***
Total pot 390 | No rake
Seat 2: MathisKcr (small blind) won 390


Winamax Poker - Tournament "Expresso Nitro" buyIn: 0.93€ + 0.07€ level: 4 - HandId: #4667965255534510081-17-1774774968 - Holdem no limit (30/60) - 2026/03/29 09:02:48 UTC
Table: 'Expresso Nitro(1086845355)#0' 3-max (real money) Seat #2 is the button
Seat 1: Yorunner (120)
Seat 2: MathisKcr (390)
Seat 3: Nadia-13310 (390)
*** ANTE/BLINDS ***
Nadia-13310 posts small blind 30
Yorunner posts big blind 60
Dealt to MathisKcr [6d 5h]
*** PRE-FLOP *** 
MathisKcr folds
Nadia-13310 calls 30
Yorunner raises 60 to 120 and is all-in
Nadia-13310 calls 60
*** FLOP *** [Jh 5c 3c]
*** TURN *** [Jh 5c 3c][6h]
*** RIVER *** [Jh 5c 3c 6h][Kh]
*** SHOW DOWN ***
Nadia-13310 shows [7c Td] (High card : King)
Yorunner shows [3d 3h] (Trips of 3)
Yorunner collected 240 from pot
*** SUMMARY ***
Total pot 240 | No rake
Board: [Jh 5c 3c 6h Kh]
Seat 1: Yorunner (big blind) showed [3d 3h] and won 240 with Trips of 3
Seat 3: Nadia-13310 (small blind) showed [7c Td] and lost with High card : King


Winamax Poker - Tournament "Expresso Nitro" buyIn: 0.93€ + 0.07€ level: 4 - HandId: #4667965255534510081-18-1774774984 - Holdem no limit (30/60) - 2026/03/29 09:03:04 UTC
Table: 'Expresso Nitro(1086845355)#0' 3-max (real money) Seat #3 is the button
Seat 1: Yorunner (240)
Seat 2: MathisKcr (390)
Seat 3: Nadia-13310 (270)
*** ANTE/BLINDS ***
Yorunner posts small blind 30
MathisKcr posts big blind 60
Dealt to MathisKcr [Td 2h]
*** PRE-FLOP *** 
Nadia-13310 folds
Yorunner raises 180 to 240 and is all-in
MathisKcr folds
Yorunner collected 300 from pot
*** SUMMARY ***
Total pot 300 | No rake
Seat 1: Yorunner (small blind) won 300


Winamax Poker - Tournament "Expresso Nitro" buyIn: 0.93€ + 0.07€ level: 4 - HandId: #4667965255534510081-19-1774774993 - Holdem no limit (30/60) - 2026/03/29 09:03:13 UTC
Table: 'Expresso Nitro(1086845355)#0' 3-max (real money) Seat #1 is the button
Seat 1: Yorunner (300)
Seat 2: MathisKcr (330)
Seat 3: Nadia-13310 (270)
*** ANTE/BLINDS ***
MathisKcr posts small blind 30
Nadia-13310 posts big blind 60
Dealt to MathisKcr [Js 7d]
*** PRE-FLOP *** 
Yorunner raises 240 to 300 and is all-in
MathisKcr folds
Nadia-13310 calls 210 and is all-in
*** FLOP *** [Td 3c 2h]
*** TURN *** [Td 3c 2h][9s]
*** RIVER *** [Td 3c 2h 9s][4h]
*** SHOW DOWN ***
Yorunner shows [6s 7s] (High card : Ten)
Nadia-13310 shows [Jd Kc] (High card : King)
Nadia-13310 collected 570 from main pot
Yorunner collected 30 from side pot 1
*** SUMMARY ***
Total pot 600 | No rake
Board: [Td 3c 2h 9s 4h]
Seat 1: Yorunner (button) showed [6s 7s] and won 30 with High card : Ten
Seat 3: Nadia-13310 (big blind) showed [Jd Kc] and won 570 with High card : King


Winamax Poker - Tournament "Expresso Nitro" buyIn: 0.93€ + 0.07€ level: 5 - HandId: #4667965255534510081-20-1774775007 - Holdem no limit (40/80) - 2026/03/29 09:03:27 UTC
Table: 'Expresso Nitro(1086845355)#0' 3-max (real money) Seat #2 is the button
Seat 1: Yorunner (30)
Seat 2: MathisKcr (300)
Seat 3: Nadia-13310 (570)
*** ANTE/BLINDS ***
Nadia-13310 posts small blind 40
Yorunner posts big blind 30 and is all-in
Dealt to MathisKcr [3c Jh]
*** PRE-FLOP *** 
MathisKcr folds
*** FLOP *** [9h Ac 7c]
*** TURN *** [9h Ac 7c][4s]
*** RIVER *** [9h Ac 7c 4s][As]
*** SHOW DOWN ***
Yorunner shows [Qd Jc] (One pair : Aces)
Nadia-13310 shows [Jd Kd] (One pair : Aces)
Nadia-13310 collected 70 from pot
*** SUMMARY ***
Total pot 70 | No rake
Board: [9h Ac 7c 4s As]
Seat 1: Yorunner (big blind) showed [Qd Jc] and lost with One pair : Aces
Seat 3: Nadia-13310 (small blind) showed [Jd Kd] and won 70 with One pair : Aces


Winamax Poker - Tournament "Expresso Nitro" buyIn: 0.93€ + 0.07€ level: 5 - HandId: #4667965255534510081-21-1774775019 - Holdem no limit (40/80) - 2026/03/29 09:03:39 UTC
Table: 'Expresso Nitro(1086845355)#0' 3-max (real money) Seat #2 is the button
Seat 2: MathisKcr (300)
Seat 3: Nadia-13310 (600)
*** ANTE/BLINDS ***
MathisKcr posts small blind 40
Nadia-13310 posts big blind 80
Dealt to MathisKcr [Js Jh]
*** PRE-FLOP *** 
MathisKcr raises 220 to 300 and is all-in
Nadia-13310 calls 220
*** FLOP *** [9s 3d 7d]
*** TURN *** [9s 3d 7d][Ac]
*** RIVER *** [9s 3d 7d Ac][6s]
*** SHOW DOWN ***
Nadia-13310 shows [Kh 9c] (One pair : 9)
MathisKcr shows [Js Jh] (One pair : Jacks)
MathisKcr collected 600 from pot
*** SUMMARY ***
Total pot 600 | No rake
Board: [9s 3d 7d Ac 6s]
Seat 2: MathisKcr (small blind) (button) showed [Js Jh] and won 600 with One pair : Jacks
Seat 3: Nadia-13310 (big blind) showed [Kh 9c] and lost with One pair : 9


Winamax Poker - Tournament "Expresso Nitro" buyIn: 0.93€ + 0.07€ level: 5 - HandId: #4667965255534510081-22-1774775031 - Holdem no limit (40/80) - 2026/03/29 09:03:51 UTC
Table: 'Expresso Nitro(1086845355)#0' 3-max (real money) Seat #3 is the button
Seat 2: MathisKcr (600)
Seat 3: Nadia-13310 (300)
*** ANTE/BLINDS ***
Nadia-13310 posts small blind 40
MathisKcr posts big blind 80
Dealt to MathisKcr [Kh Td]
*** PRE-FLOP *** 
Nadia-13310 raises 220 to 300 and is all-in
MathisKcr calls 220
*** FLOP *** [4c 2s 8s]
*** TURN *** [4c 2s 8s][3d]
*** RIVER *** [4c 2s 8s 3d][4s]
*** SHOW DOWN ***
MathisKcr shows [Kh Td] (One pair : 4)
Nadia-13310 shows [Qd Kd] (One pair : 4)
Nadia-13310 collected 600 from pot
*** SUMMARY ***
Total pot 600 | No rake
Board: [4c 2s 8s 3d 4s]
Seat 2: MathisKcr (big blind) showed [Kh Td] and lost with One pair : 4
Seat 3: Nadia-13310 (small blind) (button) showed [Qd Kd] and won 600 with One pair : 4


Winamax Poker - Tournament "Expresso Nitro" buyIn: 0.93€ + 0.07€ level: 5 - HandId: #4667965255534510081-23-1774775043 - Holdem no limit (40/80) - 2026/03/29 09:04:03 UTC
Table: 'Expresso Nitro(1086845355)#0' 3-max (real money) Seat #2 is the button
Seat 2: MathisKcr (300)
Seat 3: Nadia-13310 (600)
*** ANTE/BLINDS ***
MathisKcr posts small blind 40
Nadia-13310 posts big blind 80
Dealt to MathisKcr [Jc Jh]
*** PRE-FLOP *** 
MathisKcr raises 220 to 300 and is all-in
Nadia-13310 calls 220
*** FLOP *** [Th Jd 8h]
*** TURN *** [Th Jd 8h][8d]
*** RIVER *** [Th Jd 8h 8d][6h]
*** SHOW DOWN ***
Nadia-13310 shows [Qh 5h] (Flush Queen high)
MathisKcr shows [Jc Jh] (Full of Jacks and 8)
MathisKcr collected 600 from pot
*** SUMMARY ***
Total pot 600 | No rake
Board: [Th Jd 8h 8d 6h]
Seat 2: MathisKcr (small blind) (button) showed [Jc Jh] and won 600 with Full of Jacks and 8
Seat 3: Nadia-13310 (big blind) showed [Qh 5h] and lost with Flush Queen high


Winamax Poker - Tournament "Expresso Nitro" buyIn: 0.93€ + 0.07€ level: 5 - HandId: #4667965255534510081-24-1774775055 - Holdem no limit (40/80) - 2026/03/29 09:04:15 UTC
Table: 'Expresso Nitro(1086845355)#0' 3-max (real money) Seat #3 is the button
Seat 2: MathisKcr (600)
Seat 3: Nadia-13310 (300)
*** ANTE/BLINDS ***
Nadia-13310 posts small blind 40
MathisKcr posts big blind 80
Dealt to MathisKcr [7d 8c]
*** PRE-FLOP *** 
Nadia-13310 raises 220 to 300 and is all-in
MathisKcr folds
Nadia-13310 collected 380 from pot
*** SUMMARY ***
Total pot 380 | No rake
Seat 3: Nadia-13310 (small blind) (button) won 380


Winamax Poker - Tournament "Expresso Nitro" buyIn: 0.93€ + 0.07€ level: 5 - HandId: #4667965255534510081-25-1774775061 - Holdem no limit (40/80) - 2026/03/29 09:04:21 UTC
Table: 'Expresso Nitro(1086845355)#0' 3-max (real money) Seat #2 is the button
Seat 2: MathisKcr (520)
Seat 3: Nadia-13310 (380)
*** ANTE/BLINDS ***
MathisKcr posts small blind 40
Nadia-13310 posts big blind 80
Dealt to MathisKcr [6s Jh]
*** PRE-FLOP *** 
MathisKcr raises 440 to 520 and is all-in
Nadia-13310 calls 300 and is all-in
*** FLOP *** [6h Kd Ts]
*** TURN *** [6h Kd Ts][Ac]
*** RIVER *** [6h Kd Ts Ac][8c]
*** SHOW DOWN ***
Nadia-13310 shows [Qc 5s] (High card : Ace)
MathisKcr shows [6s Jh] (One pair : 6)
MathisKcr collected 900 from pot
*** SUMMARY ***
Total pot 900 | No rake
Board: [6h Kd Ts Ac 8c]
Seat 2: MathisKcr (small blind) (button) showed [6s Jh] and won 900 with One pair : 6
Seat 3: Nadia-13310 (big blind) showed [Qc 5s] and lost with High card : Ace


