Winamax Poker - Tournament "Expresso Nitro" buyIn: 0.93€ + 0.07€ level: 1 - HandId: #4666448221545955329-1-1774710945 - Holdem no limit (10/20) - 2026/03/28 15:15:45 UTC
Table: 'Expresso Nitro(1086492143)#0' 3-max (real money) Seat #2 is the button
Seat 1: MathisKcr (300)
Seat 2: SuCk my FisH (300)
Seat 3: SGNaoned4449 (300)
*** ANTE/BLINDS ***
SGNaoned4449 posts small blind 10
MathisKcr posts big blind 20
Dealt to MathisKcr [8d Qd]
*** PRE-FLOP *** 
SuCk my FisH folds
SGNaoned4449 calls 10
MathisKcr checks
*** FLOP *** [8c 8s 2d]
SGNaoned4449 checks
MathisKcr bets 20
SGNaoned4449 calls 20
*** TURN *** [8c 8s 2d][Tc]
SGNaoned4449 checks
MathisKcr bets 40
SGNaoned4449 calls 40
*** RIVER *** [8c 8s 2d Tc][4h]
SGNaoned4449 checks
MathisKcr bets 220 and is all-in
SGNaoned4449 folds
MathisKcr collected 380 from pot
*** SUMMARY ***
Total pot 380 | No rake
Board: [8c 8s 2d Tc 4h]
Seat 1: MathisKcr (big blind) won 380


Winamax Poker - Tournament "Expresso Nitro" buyIn: 0.93€ + 0.07€ level: 1 - HandId: #4666448221545955329-2-1774710999 - Holdem no limit (10/20) - 2026/03/28 15:16:39 UTC
Table: 'Expresso Nitro(1086492143)#0' 3-max (real money) Seat #3 is the button
Seat 1: MathisKcr (380)
Seat 2: SuCk my FisH (300)
Seat 3: SGNaoned4449 (220)
*** ANTE/BLINDS ***
MathisKcr posts small blind 10
SuCk my FisH posts big blind 20
Dealt to MathisKcr [6s 6h]
*** PRE-FLOP *** 
SGNaoned4449 folds
MathisKcr raises 360 to 380 and is all-in
SuCk my FisH folds
MathisKcr collected 400 from pot
*** SUMMARY ***
Total pot 400 | No rake
Seat 1: MathisKcr (small blind) won 400


Winamax Poker - Tournament "Expresso Nitro" buyIn: 0.93€ + 0.07€ level: 2 - HandId: #4666448221545955329-3-1774711009 - Holdem no limit (15/30) - 2026/03/28 15:16:49 UTC
Table: 'Expresso Nitro(1086492143)#0' 3-max (real money) Seat #1 is the button
Seat 1: MathisKcr (400)
Seat 2: SuCk my FisH (280)
Seat 3: SGNaoned4449 (220)
*** ANTE/BLINDS ***
SuCk my FisH posts small blind 15
SGNaoned4449 posts big blind 30
Dealt to MathisKcr [6c 7c]
*** PRE-FLOP *** 
MathisKcr folds
SuCk my FisH calls 15
SGNaoned4449 checks
*** FLOP *** [3c 4h 6d]
SuCk my FisH checks
SGNaoned4449 bets 30
SuCk my FisH folds
SGNaoned4449 collected 90 from pot
*** SUMMARY ***
Total pot 90 | No rake
Board: [3c 4h 6d]
Seat 3: SGNaoned4449 (big blind) won 90


Winamax Poker - Tournament "Expresso Nitro" buyIn: 0.93€ + 0.07€ level: 2 - HandId: #4666448221545955329-4-1774711030 - Holdem no limit (15/30) - 2026/03/28 15:17:10 UTC
Table: 'Expresso Nitro(1086492143)#0' 3-max (real money) Seat #2 is the button
Seat 1: MathisKcr (400)
Seat 2: SuCk my FisH (250)
Seat 3: SGNaoned4449 (250)
*** ANTE/BLINDS ***
SGNaoned4449 posts small blind 15
MathisKcr posts big blind 30
Dealt to MathisKcr [2d 7d]
*** PRE-FLOP *** 
SuCk my FisH folds
SGNaoned4449 calls 15
MathisKcr checks
*** FLOP *** [7h Jd Ac]
SGNaoned4449 checks
MathisKcr checks
*** TURN *** [7h Jd Ac][7c]
SGNaoned4449 checks
MathisKcr bets 60
SGNaoned4449 calls 60
*** RIVER *** [7h Jd Ac 7c][4d]
SGNaoned4449 bets 160 and is all-in
MathisKcr folds
SGNaoned4449 collected 340 from pot
*** SUMMARY ***
Total pot 340 | No rake
Board: [7h Jd Ac 7c 4d]
Seat 3: SGNaoned4449 (small blind) won 340


Winamax Poker - Tournament "Expresso Nitro" buyIn: 0.93€ + 0.07€ level: 2 - HandId: #4666448221545955329-5-1774711062 - Holdem no limit (15/30) - 2026/03/28 15:17:42 UTC
Table: 'Expresso Nitro(1086492143)#0' 3-max (real money) Seat #3 is the button
Seat 1: MathisKcr (310)
Seat 2: SuCk my FisH (250)
Seat 3: SGNaoned4449 (340)
*** ANTE/BLINDS ***
MathisKcr posts small blind 15
SuCk my FisH posts big blind 30
Dealt to MathisKcr [9c 4d]
*** PRE-FLOP *** 
SGNaoned4449 calls 30
MathisKcr folds
SuCk my FisH checks
*** FLOP *** [3s Th Qc]
SuCk my FisH checks
SGNaoned4449 checks
*** TURN *** [3s Th Qc][6h]
SuCk my FisH checks
SGNaoned4449 checks
*** RIVER *** [3s Th Qc 6h][6d]
SuCk my FisH checks
SGNaoned4449 bets 49
SuCk my FisH folds
SGNaoned4449 collected 124 from pot
*** SUMMARY ***
Total pot 124 | No rake
Board: [3s Th Qc 6h 6d]
Seat 3: SGNaoned4449 (button) won 124


Winamax Poker - Tournament "Expresso Nitro" buyIn: 0.93€ + 0.07€ level: 3 - HandId: #4666448221545955329-6-1774711093 - Holdem no limit (20/40) - 2026/03/28 15:18:13 UTC
Table: 'Expresso Nitro(1086492143)#0' 3-max (real money) Seat #1 is the button
Seat 1: MathisKcr (295)
Seat 2: SuCk my FisH (220)
Seat 3: SGNaoned4449 (385)
*** ANTE/BLINDS ***
SuCk my FisH posts small blind 20
SGNaoned4449 posts big blind 40
Dealt to MathisKcr [5c 7h]
*** PRE-FLOP *** 
MathisKcr folds
SuCk my FisH raises 60 to 100
SGNaoned4449 calls 60
*** FLOP *** [6c Kh 8d]
SuCk my FisH checks
SGNaoned4449 checks
*** TURN *** [6c Kh 8d][9s]
SuCk my FisH bets 120 and is all-in
SGNaoned4449 folds
SuCk my FisH collected 320 from pot
*** SUMMARY ***
Total pot 320 | No rake
Board: [6c Kh 8d 9s]
Seat 2: SuCk my FisH (small blind) won 320


Winamax Poker - Tournament "Expresso Nitro" buyIn: 0.93€ + 0.07€ level: 3 - HandId: #4666448221545955329-7-1774711119 - Holdem no limit (20/40) - 2026/03/28 15:18:39 UTC
Table: 'Expresso Nitro(1086492143)#0' 3-max (real money) Seat #2 is the button
Seat 1: MathisKcr (295)
Seat 2: SuCk my FisH (320)
Seat 3: SGNaoned4449 (285)
*** ANTE/BLINDS ***
SGNaoned4449 posts small blind 20
MathisKcr posts big blind 40
Dealt to MathisKcr [6d Ah]
*** PRE-FLOP *** 
SuCk my FisH raises 100 to 140
SGNaoned4449 folds
MathisKcr raises 155 to 295 and is all-in
SuCk my FisH calls 155
*** FLOP *** [Jh Ks Th]
*** TURN *** [Jh Ks Th][9s]
*** RIVER *** [Jh Ks Th 9s][3h]
*** SHOW DOWN ***
MathisKcr shows [6d Ah] (High card : Ace)
SuCk my FisH shows [8h 9c] (One pair : 9)
SuCk my FisH collected 610 from pot
*** SUMMARY ***
Total pot 610 | No rake
Board: [Jh Ks Th 9s 3h]
Seat 1: MathisKcr (big blind) showed [6d Ah] and lost with High card : Ace
Seat 2: SuCk my FisH (button) showed [8h 9c] and won 610 with One pair : 9


