Winamax Poker - Tournament "Expresso Nitro" buyIn: 0.93€ + 0.07€ level: 1 - HandId: #4666838681317801985-1-1774723656 - Holdem no limit (10/20) - 2026/03/28 18:47:36 UTC
Table: 'Expresso Nitro(1086583054)#0' 3-max (real money) Seat #2 is the button
Seat 1: Sweet-Life35 (300)
Seat 2: MD Padrino48 (300)
Seat 3: MathisKcr (300)
*** ANTE/BLINDS ***
MathisKcr posts small blind 10
Sweet-Life35 posts big blind 20
Dealt to MathisKcr [2c Ks]
*** PRE-FLOP *** 
MD Padrino48 folds
MathisKcr raises 280 to 300 and is all-in
Sweet-Life35 folds
MathisKcr collected 320 from pot
*** SUMMARY ***
Total pot 320 | No rake
Seat 3: MathisKcr (small blind) won 320


Winamax Poker - Tournament "Expresso Nitro" buyIn: 0.93€ + 0.07€ level: 1 - HandId: #4666838681317801985-2-1774723666 - Holdem no limit (10/20) - 2026/03/28 18:47:46 UTC
Table: 'Expresso Nitro(1086583054)#0' 3-max (real money) Seat #3 is the button
Seat 1: Sweet-Life35 (280)
Seat 2: MD Padrino48 (300)
Seat 3: MathisKcr (320)
*** ANTE/BLINDS ***
Sweet-Life35 posts small blind 10
MD Padrino48 posts big blind 20
Dealt to MathisKcr [Jc 3s]
*** PRE-FLOP *** 
MathisKcr folds
Sweet-Life35 raises 20 to 40
MD Padrino48 calls 20
*** FLOP *** [Jd 4d 4s]
Sweet-Life35 checks
MD Padrino48 checks
*** TURN *** [Jd 4d 4s][Kc]
Sweet-Life35 bets 28
MD Padrino48 calls 28
*** RIVER *** [Jd 4d 4s Kc][2h]
Sweet-Life35 checks
MD Padrino48 bets 48
Sweet-Life35 folds
MD Padrino48 collected 184 from pot
*** SUMMARY ***
Total pot 184 | No rake
Board: [Jd 4d 4s Kc 2h]
Seat 2: MD Padrino48 (big blind) won 184


Winamax Poker - Tournament "Expresso Nitro" buyIn: 0.93€ + 0.07€ level: 1 - HandId: #4666838681317801985-3-1774723690 - Holdem no limit (10/20) - 2026/03/28 18:48:10 UTC
Table: 'Expresso Nitro(1086583054)#0' 3-max (real money) Seat #1 is the button
Seat 1: Sweet-Life35 (212)
Seat 2: MD Padrino48 (368)
Seat 3: MathisKcr (320)
*** ANTE/BLINDS ***
MD Padrino48 posts small blind 10
MathisKcr posts big blind 20
Dealt to MathisKcr [6d Ts]
*** PRE-FLOP *** 
Sweet-Life35 raises 20 to 40
MD Padrino48 folds
MathisKcr folds
Sweet-Life35 collected 70 from pot
*** SUMMARY ***
Total pot 70 | No rake
Seat 1: Sweet-Life35 (button) won 70


Winamax Poker - Tournament "Expresso Nitro" buyIn: 0.93€ + 0.07€ level: 1 - HandId: #4666838681317801985-4-1774723700 - Holdem no limit (10/20) - 2026/03/28 18:48:20 UTC
Table: 'Expresso Nitro(1086583054)#0' 3-max (real money) Seat #2 is the button
Seat 1: Sweet-Life35 (242)
Seat 2: MD Padrino48 (358)
Seat 3: MathisKcr (300)
*** ANTE/BLINDS ***
MathisKcr posts small blind 10
Sweet-Life35 posts big blind 20
Dealt to MathisKcr [5h 8s]
*** PRE-FLOP *** 
MD Padrino48 calls 20
MathisKcr folds
Sweet-Life35 raises 222 to 242 and is all-in
MD Padrino48 folds
Sweet-Life35 collected 272 from pot
*** SUMMARY ***
Total pot 272 | No rake
Seat 1: Sweet-Life35 (big blind) won 272


Winamax Poker - Tournament "Expresso Nitro" buyIn: 0.93€ + 0.07€ level: 2 - HandId: #4666838681317801985-5-1774723715 - Holdem no limit (15/30) - 2026/03/28 18:48:35 UTC
Table: 'Expresso Nitro(1086583054)#0' 3-max (real money) Seat #3 is the button
Seat 1: Sweet-Life35 (272)
Seat 2: MD Padrino48 (338)
Seat 3: MathisKcr (290)
*** ANTE/BLINDS ***
Sweet-Life35 posts small blind 15
MD Padrino48 posts big blind 30
Dealt to MathisKcr [Js 8s]
*** PRE-FLOP *** 
MathisKcr raises 30 to 60
Sweet-Life35 folds
MD Padrino48 calls 30
*** FLOP *** [Jc 9c 2h]
MD Padrino48 checks
MathisKcr bets 47
MD Padrino48 folds
MathisKcr collected 182 from pot
*** SUMMARY ***
Total pot 182 | No rake
Board: [Jc 9c 2h]
Seat 3: MathisKcr (button) won 182


Winamax Poker - Tournament "Expresso Nitro" buyIn: 0.93€ + 0.07€ level: 2 - HandId: #4666838681317801985-6-1774723737 - Holdem no limit (15/30) - 2026/03/28 18:48:57 UTC
Table: 'Expresso Nitro(1086583054)#0' 3-max (real money) Seat #1 is the button
Seat 1: Sweet-Life35 (257)
Seat 2: MD Padrino48 (278)
Seat 3: MathisKcr (365)
*** ANTE/BLINDS ***
MD Padrino48 posts small blind 15
MathisKcr posts big blind 30
Dealt to MathisKcr [9s 4d]
*** PRE-FLOP *** 
Sweet-Life35 folds
MD Padrino48 calls 15
MathisKcr checks
*** FLOP *** [6s Kc Ad]
MD Padrino48 checks
MathisKcr checks
*** TURN *** [6s Kc Ad][5d]
MD Padrino48 checks
MathisKcr checks
*** RIVER *** [6s Kc Ad 5d][2h]
MD Padrino48 bets 60
MathisKcr folds
MD Padrino48 collected 120 from pot
*** SUMMARY ***
Total pot 120 | No rake
Board: [6s Kc Ad 5d 2h]
Seat 2: MD Padrino48 (small blind) won 120


Winamax Poker - Tournament "Expresso Nitro" buyIn: 0.93€ + 0.07€ level: 2 - HandId: #4666838681317801985-7-1774723765 - Holdem no limit (15/30) - 2026/03/28 18:49:25 UTC
Table: 'Expresso Nitro(1086583054)#0' 3-max (real money) Seat #2 is the button
Seat 1: Sweet-Life35 (257)
Seat 2: MD Padrino48 (308)
Seat 3: MathisKcr (335)
*** ANTE/BLINDS ***
MathisKcr posts small blind 15
Sweet-Life35 posts big blind 30
Dealt to MathisKcr [Ks Jc]
*** PRE-FLOP *** 
MD Padrino48 folds
MathisKcr raises 305 to 335 and is all-in
Sweet-Life35 folds
MathisKcr collected 365 from pot
*** SUMMARY ***
Total pot 365 | No rake
Seat 3: MathisKcr (small blind) won 365


Winamax Poker - Tournament "Expresso Nitro" buyIn: 0.93€ + 0.07€ level: 3 - HandId: #4666838681317801985-8-1774723775 - Holdem no limit (20/40) - 2026/03/28 18:49:35 UTC
Table: 'Expresso Nitro(1086583054)#0' 3-max (real money) Seat #3 is the button
Seat 1: Sweet-Life35 (227)
Seat 2: MD Padrino48 (308)
Seat 3: MathisKcr (365)
*** ANTE/BLINDS ***
Sweet-Life35 posts small blind 20
MD Padrino48 posts big blind 40
Dealt to MathisKcr [7s Jd]
*** PRE-FLOP *** 
MathisKcr folds
Sweet-Life35 folds
MD Padrino48 collected 60 from pot
*** SUMMARY ***
Total pot 60 | No rake
Seat 2: MD Padrino48 (big blind) won 60


Winamax Poker - Tournament "Expresso Nitro" buyIn: 0.93€ + 0.07€ level: 3 - HandId: #4666838681317801985-9-1774723784 - Holdem no limit (20/40) - 2026/03/28 18:49:44 UTC
Table: 'Expresso Nitro(1086583054)#0' 3-max (real money) Seat #1 is the button
Seat 1: Sweet-Life35 (207)
Seat 2: MD Padrino48 (328)
Seat 3: MathisKcr (365)
*** ANTE/BLINDS ***
MD Padrino48 posts small blind 20
MathisKcr posts big blind 40
Dealt to MathisKcr [Ks Ah]
*** PRE-FLOP *** 
Sweet-Life35 folds
MD Padrino48 calls 20
MathisKcr raises 325 to 365 and is all-in
MD Padrino48 folds
MathisKcr collected 405 from pot
*** SUMMARY ***
Total pot 405 | No rake
Seat 3: MathisKcr (big blind) won 405


Winamax Poker - Tournament "Expresso Nitro" buyIn: 0.93€ + 0.07€ level: 3 - HandId: #4666838681317801985-10-1774723795 - Holdem no limit (20/40) - 2026/03/28 18:49:55 UTC
Table: 'Expresso Nitro(1086583054)#0' 3-max (real money) Seat #2 is the button
Seat 1: Sweet-Life35 (207)
Seat 2: MD Padrino48 (288)
Seat 3: MathisKcr (405)
*** ANTE/BLINDS ***
MathisKcr posts small blind 20
Sweet-Life35 posts big blind 40
Dealt to MathisKcr [9h 7s]
*** PRE-FLOP *** 
MD Padrino48 raises 40 to 80
MathisKcr folds
Sweet-Life35 calls 40
*** FLOP *** [As 3s 3c]
Sweet-Life35 checks
MD Padrino48 checks
*** TURN *** [As 3s 3c][4h]
Sweet-Life35 checks
MD Padrino48 bets 117
Sweet-Life35 folds
MD Padrino48 collected 297 from pot
*** SUMMARY ***
Total pot 297 | No rake
Board: [As 3s 3c 4h]
Seat 2: MD Padrino48 (button) won 297


Winamax Poker - Tournament "Expresso Nitro" buyIn: 0.93€ + 0.07€ level: 3 - HandId: #4666838681317801985-11-1774723812 - Holdem no limit (20/40) - 2026/03/28 18:50:12 UTC
Table: 'Expresso Nitro(1086583054)#0' 3-max (real money) Seat #3 is the button
Seat 1: Sweet-Life35 (127)
Seat 2: MD Padrino48 (388)
Seat 3: MathisKcr (385)
*** ANTE/BLINDS ***
Sweet-Life35 posts small blind 20
MD Padrino48 posts big blind 40
Dealt to MathisKcr [6s 2d]
*** PRE-FLOP *** 
MathisKcr folds
Sweet-Life35 raises 87 to 127 and is all-in
MD Padrino48 folds
Sweet-Life35 collected 167 from pot
*** SUMMARY ***
Total pot 167 | No rake
Seat 1: Sweet-Life35 (small blind) won 167


Winamax Poker - Tournament "Expresso Nitro" buyIn: 0.93€ + 0.07€ level: 3 - HandId: #4666838681317801985-12-1774723820 - Holdem no limit (20/40) - 2026/03/28 18:50:20 UTC
Table: 'Expresso Nitro(1086583054)#0' 3-max (real money) Seat #1 is the button
Seat 1: Sweet-Life35 (167)
Seat 2: MD Padrino48 (348)
Seat 3: MathisKcr (385)
*** ANTE/BLINDS ***
MD Padrino48 posts small blind 20
MathisKcr posts big blind 40
Dealt to MathisKcr [4d Td]
*** PRE-FLOP *** 
Sweet-Life35 folds
MD Padrino48 calls 20
MathisKcr checks
*** FLOP *** [6d Kd 6s]
MD Padrino48 checks
MathisKcr bets 80
MD Padrino48 calls 80
*** TURN *** [6d Kd 6s][7c]
MD Padrino48 checks
MathisKcr checks
*** RIVER *** [6d Kd 6s 7c][Th]
MD Padrino48 bets 84
MathisKcr raises 181 to 265 and is all-in
MD Padrino48 folds
MathisKcr collected 589 from pot
*** SUMMARY ***
Total pot 589 | No rake
Board: [6d Kd 6s 7c Th]
Seat 3: MathisKcr (big blind) won 589


Winamax Poker - Tournament "Expresso Nitro" buyIn: 0.93€ + 0.07€ level: 4 - HandId: #4666838681317801985-13-1774723844 - Holdem no limit (30/60) - 2026/03/28 18:50:44 UTC
Table: 'Expresso Nitro(1086583054)#0' 3-max (real money) Seat #2 is the button
Seat 1: Sweet-Life35 (167)
Seat 2: MD Padrino48 (144)
Seat 3: MathisKcr (589)
*** ANTE/BLINDS ***
MathisKcr posts small blind 30
Sweet-Life35 posts big blind 60
Dealt to MathisKcr [Qh Qd]
*** PRE-FLOP *** 
MD Padrino48 raises 84 to 144 and is all-in
MathisKcr raises 445 to 589 and is all-in
Sweet-Life35 folds
*** FLOP *** [2s Jh 3s]
*** TURN *** [2s Jh 3s][5s]
*** RIVER *** [2s Jh 3s 5s][7h]
*** SHOW DOWN ***
MD Padrino48 shows [Qc 2c] (One pair : 2)
MathisKcr shows [Qh Qd] (One pair : Queens)
MathisKcr collected 793 from pot
*** SUMMARY ***
Total pot 793 | No rake
Board: [2s Jh 3s 5s 7h]
Seat 2: MD Padrino48 (button) showed [Qc 2c] and lost with One pair : 2
Seat 3: MathisKcr (small blind) showed [Qh Qd] and won 793 with One pair : Queens


Winamax Poker - Tournament "Expresso Nitro" buyIn: 0.93€ + 0.07€ level: 4 - HandId: #4666838681317801985-14-1774723862 - Holdem no limit (30/60) - 2026/03/28 18:51:02 UTC
Table: 'Expresso Nitro(1086583054)#0' 3-max (real money) Seat #1 is the button
Seat 1: Sweet-Life35 (107)
Seat 3: MathisKcr (793)
*** ANTE/BLINDS ***
Sweet-Life35 posts small blind 30
MathisKcr posts big blind 60
Dealt to MathisKcr [9c Jh]
*** PRE-FLOP *** 
Sweet-Life35 raises 47 to 107 and is all-in
MathisKcr calls 47
*** FLOP *** [Qc 5s 8d]
*** TURN *** [Qc 5s 8d][Jc]
*** RIVER *** [Qc 5s 8d Jc][Kh]
*** SHOW DOWN ***
MathisKcr shows [9c Jh] (One pair : Jacks)
Sweet-Life35 shows [5c Kc] (Two pairs : Kings and 5)
Sweet-Life35 collected 214 from pot
*** SUMMARY ***
Total pot 214 | No rake
Board: [Qc 5s 8d Jc Kh]
Seat 1: Sweet-Life35 (small blind) (button) showed [5c Kc] and won 214 with Two pairs : Kings and 5
Seat 3: MathisKcr (big blind) showed [9c Jh] and lost with One pair : Jacks


Winamax Poker - Tournament "Expresso Nitro" buyIn: 0.93€ + 0.07€ level: 4 - HandId: #4666838681317801985-15-1774723883 - Holdem no limit (30/60) - 2026/03/28 18:51:23 UTC
Table: 'Expresso Nitro(1086583054)#0' 3-max (real money) Seat #3 is the button
Seat 1: Sweet-Life35 (214)
Seat 3: MathisKcr (686)
*** ANTE/BLINDS ***
MathisKcr posts small blind 30
Sweet-Life35 posts big blind 60
Dealt to MathisKcr [Ts 8h]
*** PRE-FLOP *** 
MathisKcr folds
Sweet-Life35 collected 90 from pot
*** SUMMARY ***
Total pot 90 | No rake
Seat 1: Sweet-Life35 (big blind) won 90


Winamax Poker - Tournament "Expresso Nitro" buyIn: 0.93€ + 0.07€ level: 4 - HandId: #4666838681317801985-16-1774723889 - Holdem no limit (30/60) - 2026/03/28 18:51:29 UTC
Table: 'Expresso Nitro(1086583054)#0' 3-max (real money) Seat #1 is the button
Seat 1: Sweet-Life35 (244)
Seat 3: MathisKcr (656)
*** ANTE/BLINDS ***
Sweet-Life35 posts small blind 30
MathisKcr posts big blind 60
Dealt to MathisKcr [As 4s]
*** PRE-FLOP *** 
Sweet-Life35 raises 184 to 244 and is all-in
MathisKcr calls 184
*** FLOP *** [Kh 3h 3s]
*** TURN *** [Kh 3h 3s][4h]
*** RIVER *** [Kh 3h 3s 4h][2d]
*** SHOW DOWN ***
Sweet-Life35 shows [5c Qd] (One pair : 3)
MathisKcr shows [As 4s] (Two pairs : 4 and 3)
MathisKcr collected 488 from pot
*** SUMMARY ***
Total pot 488 | No rake
Board: [Kh 3h 3s 4h 2d]
Seat 1: Sweet-Life35 (small blind) (button) showed [5c Qd] and lost with One pair : 3
Seat 3: MathisKcr (big blind) showed [As 4s] and won 488 with Two pairs : 4 and 3


