Winamax Poker - Tournament "Expresso Nitro" buyIn: 0.93€ + 0.07€ level: 1 - HandId: #4616016496512991233-1-1772974468 - Holdem no limit (10/20) - 2026/03/08 12:54:28 UTC
Table: 'Expresso Nitro(1074750092)#0' 3-max (real money) Seat #3 is the button
Seat 1: MathisKcr (300)
Seat 2: _Vermar_ (300)
Seat 3: CoupDeBoule (300)
*** ANTE/BLINDS ***
MathisKcr posts small blind 10
_Vermar_ posts big blind 20
Dealt to MathisKcr [2c As]
*** PRE-FLOP *** 
CoupDeBoule folds
MathisKcr raises 40 to 60
_Vermar_ raises 240 to 300 and is all-in
MathisKcr folds
_Vermar_ collected 360 from pot
*** SUMMARY ***
Total pot 360 | No rake
Seat 2: _Vermar_ (big blind) won 360


Winamax Poker - Tournament "Expresso Nitro" buyIn: 0.93€ + 0.07€ level: 1 - HandId: #4616016496512991233-2-1772974488 - Holdem no limit (10/20) - 2026/03/08 12:54:48 UTC
Table: 'Expresso Nitro(1074750092)#0' 3-max (real money) Seat #1 is the button
Seat 1: MathisKcr (240)
Seat 2: _Vermar_ (360)
Seat 3: CoupDeBoule (300)
*** ANTE/BLINDS ***
_Vermar_ posts small blind 10
CoupDeBoule posts big blind 20
Dealt to MathisKcr [7c 8d]
*** PRE-FLOP *** 
MathisKcr folds
_Vermar_ raises 20 to 40
CoupDeBoule raises 260 to 300 and is all-in
_Vermar_ calls 260
*** FLOP *** [3h 6h Qs]
*** TURN *** [3h 6h Qs][Js]
*** RIVER *** [3h 6h Qs Js][Jc]
*** SHOW DOWN ***
_Vermar_ shows [8h 9s] (One pair : Jacks)
CoupDeBoule shows [Ah Qc] (Two pairs : Queens and Jacks)
CoupDeBoule collected 600 from pot
*** SUMMARY ***
Total pot 600 | No rake
Board: [3h 6h Qs Js Jc]
Seat 2: _Vermar_ (small blind) showed [8h 9s] and lost with One pair : Jacks
Seat 3: CoupDeBoule (big blind) showed [Ah Qc] and won 600 with Two pairs : Queens and Jacks


Winamax Poker - Tournament "Expresso Nitro" buyIn: 0.93€ + 0.07€ level: 1 - HandId: #4616016496512991233-3-1772974507 - Holdem no limit (10/20) - 2026/03/08 12:55:07 UTC
Table: 'Expresso Nitro(1074750092)#0' 3-max (real money) Seat #2 is the button
Seat 1: MathisKcr (240)
Seat 2: _Vermar_ (60)
Seat 3: CoupDeBoule (600)
*** ANTE/BLINDS ***
CoupDeBoule posts small blind 10
MathisKcr posts big blind 20
Dealt to MathisKcr [3h 4c]
*** PRE-FLOP *** 
_Vermar_ folds
CoupDeBoule raises 580 to 600 and is all-in
MathisKcr folds
CoupDeBoule collected 620 from pot
*** SUMMARY ***
Total pot 620 | No rake
Seat 3: CoupDeBoule (small blind) won 620


Winamax Poker - Tournament "Expresso Nitro" buyIn: 0.93€ + 0.07€ level: 1 - HandId: #4616016496512991233-4-1772974513 - Holdem no limit (10/20) - 2026/03/08 12:55:13 UTC
Table: 'Expresso Nitro(1074750092)#0' 3-max (real money) Seat #3 is the button
Seat 1: MathisKcr (220)
Seat 2: _Vermar_ (60)
Seat 3: CoupDeBoule (620)
*** ANTE/BLINDS ***
MathisKcr posts small blind 10
_Vermar_ posts big blind 20
Dealt to MathisKcr [8d 9c]
*** PRE-FLOP *** 
CoupDeBoule folds
MathisKcr calls 10
_Vermar_ checks
*** FLOP *** [Ts 7d Th]
MathisKcr bets 200 and is all-in
_Vermar_ folds
MathisKcr collected 240 from pot
*** SUMMARY ***
Total pot 240 | No rake
Board: [Ts 7d Th]
Seat 1: MathisKcr (small blind) won 240


Winamax Poker - Tournament "Expresso Nitro" buyIn: 0.93€ + 0.07€ level: 2 - HandId: #4616016496512991233-5-1772974534 - Holdem no limit (15/30) - 2026/03/08 12:55:34 UTC
Table: 'Expresso Nitro(1074750092)#0' 3-max (real money) Seat #1 is the button
Seat 1: MathisKcr (240)
Seat 2: _Vermar_ (40)
Seat 3: CoupDeBoule (620)
*** ANTE/BLINDS ***
_Vermar_ posts small blind 15
CoupDeBoule posts big blind 30
Dealt to MathisKcr [2s Jc]
*** PRE-FLOP *** 
MathisKcr calls 30
_Vermar_ raises 10 to 40 and is all-in
CoupDeBoule raises 580 to 620 and is all-in
MathisKcr folds
*** FLOP *** [4s 7c 4h]
*** TURN *** [4s 7c 4h][5h]
*** RIVER *** [4s 7c 4h 5h][8s]
*** SHOW DOWN ***
_Vermar_ shows [8d 3c] (Two pairs : 8 and 4)
CoupDeBoule shows [6d 6h] (Straight 8 high)
CoupDeBoule collected 690 from pot
*** SUMMARY ***
Total pot 690 | No rake
Board: [4s 7c 4h 5h 8s]
Seat 2: _Vermar_ (small blind) showed [8d 3c] and lost with Two pairs : 8 and 4
Seat 3: CoupDeBoule (big blind) showed [6d 6h] and won 690 with Straight 8 high


Winamax Poker - Tournament "Expresso Nitro" buyIn: 0.93€ + 0.07€ level: 2 - HandId: #4616016496512991233-6-1772974551 - Holdem no limit (15/30) - 2026/03/08 12:55:51 UTC
Table: 'Expresso Nitro(1074750092)#0' 3-max (real money) Seat #3 is the button
Seat 1: MathisKcr (210)
Seat 3: CoupDeBoule (690)
*** ANTE/BLINDS ***
CoupDeBoule posts small blind 15
MathisKcr posts big blind 30
Dealt to MathisKcr [8d 5s]
*** PRE-FLOP *** 
CoupDeBoule raises 660 to 690 and is all-in
MathisKcr folds
CoupDeBoule collected 720 from pot
*** SUMMARY ***
Total pot 720 | No rake
Seat 3: CoupDeBoule (small blind) (button) won 720


Winamax Poker - Tournament "Expresso Nitro" buyIn: 0.93€ + 0.07€ level: 2 - HandId: #4616016496512991233-7-1772974557 - Holdem no limit (15/30) - 2026/03/08 12:55:57 UTC
Table: 'Expresso Nitro(1074750092)#0' 3-max (real money) Seat #1 is the button
Seat 1: MathisKcr (180)
Seat 3: CoupDeBoule (720)
*** ANTE/BLINDS ***
MathisKcr posts small blind 15
CoupDeBoule posts big blind 30
Dealt to MathisKcr [Qs Ks]
*** PRE-FLOP *** 
MathisKcr raises 150 to 180 and is all-in
CoupDeBoule raises 540 to 720 and is all-in
*** FLOP *** [9c 2d 7s]
*** TURN *** [9c 2d 7s][Jc]
*** RIVER *** [9c 2d 7s Jc][3h]
*** SHOW DOWN ***
MathisKcr shows [Qs Ks] (High card : King)
CoupDeBoule shows [5h Ad] (High card : Ace)
CoupDeBoule collected 900 from pot
*** SUMMARY ***
Total pot 900 | No rake
Board: [9c 2d 7s Jc 3h]
Seat 1: MathisKcr (small blind) (button) showed [Qs Ks] and lost with High card : King
Seat 3: CoupDeBoule (big blind) showed [5h Ad] and won 900 with High card : Ace


