Winamax Poker - Tournament "Expresso Nitro" buyIn: 0.93€ + 0.07€ level: 1 - HandId: #4563791532439633921-1-1770895433 - Holdem no limit (10/20) - 2026/02/12 11:23:53 UTC
Table: 'Expresso Nitro(1062590520)#0' 3-max (real money) Seat #3 is the button
Seat 1: LufaS (300)
Seat 2: MathisKcr (300)
Seat 3: KAIRKAIRON (300)
*** ANTE/BLINDS ***
LufaS posts small blind 10
MathisKcr posts big blind 20
Dealt to MathisKcr [8d 4s]
*** PRE-FLOP *** 
KAIRKAIRON raises 40 to 60
LufaS raises 240 to 300 and is all-in
MathisKcr folds
KAIRKAIRON calls 240 and is all-in
*** FLOP *** [Js 8h 6c]
*** TURN *** [Js 8h 6c][8s]
*** RIVER *** [Js 8h 6c 8s][Jh]
*** SHOW DOWN ***
KAIRKAIRON shows [Qc Tc] (Two pairs : Jacks and 8)
LufaS shows [Th Ad] (Two pairs : Jacks and 8)
LufaS collected 620 from pot
*** SUMMARY ***
Total pot 620 | No rake
Board: [Js 8h 6c 8s Jh]
Seat 1: LufaS (small blind) showed [Th Ad] and won 620 with Two pairs : Jacks and 8
Seat 3: KAIRKAIRON (button) showed [Qc Tc] and lost with Two pairs : Jacks and 8


Winamax Poker - Tournament "Expresso Nitro" buyIn: 0.93€ + 0.07€ level: 1 - HandId: #4563791532439633921-2-1770895456 - Holdem no limit (10/20) - 2026/02/12 11:24:16 UTC
Table: 'Expresso Nitro(1062590520)#0' 3-max (real money) Seat #2 is the button
Seat 1: LufaS (620)
Seat 2: MathisKcr (280)
*** ANTE/BLINDS ***
MathisKcr posts small blind 10
LufaS posts big blind 20
Dealt to MathisKcr [3d 7c]
*** PRE-FLOP *** 
MathisKcr folds
LufaS collected 30 from pot
*** SUMMARY ***
Total pot 30 | No rake
Seat 1: LufaS (big blind) won 30


Winamax Poker - Tournament "Expresso Nitro" buyIn: 0.93€ + 0.07€ level: 1 - HandId: #4563791532439633921-3-1770895462 - Holdem no limit (10/20) - 2026/02/12 11:24:22 UTC
Table: 'Expresso Nitro(1062590520)#0' 3-max (real money) Seat #1 is the button
Seat 1: LufaS (630)
Seat 2: MathisKcr (270)
*** ANTE/BLINDS ***
LufaS posts small blind 10
MathisKcr posts big blind 20
Dealt to MathisKcr [3d 7c]
*** PRE-FLOP *** 
LufaS folds
MathisKcr collected 30 from pot
*** SUMMARY ***
Total pot 30 | No rake
Seat 2: MathisKcr (big blind) won 30


Winamax Poker - Tournament "Expresso Nitro" buyIn: 0.93€ + 0.07€ level: 1 - HandId: #4563791532439633921-4-1770895470 - Holdem no limit (10/20) - 2026/02/12 11:24:30 UTC
Table: 'Expresso Nitro(1062590520)#0' 3-max (real money) Seat #2 is the button
Seat 1: LufaS (620)
Seat 2: MathisKcr (280)
*** ANTE/BLINDS ***
MathisKcr posts small blind 10
LufaS posts big blind 20
Dealt to MathisKcr [Qh 4d]
*** PRE-FLOP *** 
MathisKcr raises 30 to 50
LufaS raises 570 to 620 and is all-in
MathisKcr folds
LufaS collected 670 from pot
*** SUMMARY ***
Total pot 670 | No rake
Seat 1: LufaS (big blind) won 670


Winamax Poker - Tournament "Expresso Nitro" buyIn: 0.93€ + 0.07€ level: 1 - HandId: #4563791532439633921-5-1770895481 - Holdem no limit (10/20) - 2026/02/12 11:24:41 UTC
Table: 'Expresso Nitro(1062590520)#0' 3-max (real money) Seat #1 is the button
Seat 1: LufaS (670)
Seat 2: MathisKcr (230)
*** ANTE/BLINDS ***
LufaS posts small blind 10
MathisKcr posts big blind 20
Dealt to MathisKcr [Tc 6s]
*** PRE-FLOP *** 
LufaS raises 650 to 670 and is all-in
MathisKcr folds
LufaS collected 690 from pot
*** SUMMARY ***
Total pot 690 | No rake
Seat 1: LufaS (small blind) (button) won 690


Winamax Poker - Tournament "Expresso Nitro" buyIn: 0.93€ + 0.07€ level: 1 - HandId: #4563791532439633921-6-1770895489 - Holdem no limit (10/20) - 2026/02/12 11:24:49 UTC
Table: 'Expresso Nitro(1062590520)#0' 3-max (real money) Seat #2 is the button
Seat 1: LufaS (690)
Seat 2: MathisKcr (210)
*** ANTE/BLINDS ***
MathisKcr posts small blind 10
LufaS posts big blind 20
Dealt to MathisKcr [Qs 6d]
*** PRE-FLOP *** 
MathisKcr raises 190 to 210 and is all-in
LufaS folds
MathisKcr collected 230 from pot
*** SUMMARY ***
Total pot 230 | No rake
Seat 2: MathisKcr (small blind) (button) won 230


Winamax Poker - Tournament "Expresso Nitro" buyIn: 0.93€ + 0.07€ level: 2 - HandId: #4563791532439633921-7-1770895499 - Holdem no limit (15/30) - 2026/02/12 11:24:59 UTC
Table: 'Expresso Nitro(1062590520)#0' 3-max (real money) Seat #1 is the button
Seat 1: LufaS (670)
Seat 2: MathisKcr (230)
*** ANTE/BLINDS ***
LufaS posts small blind 15
MathisKcr posts big blind 30
Dealt to MathisKcr [8c 4d]
*** PRE-FLOP *** 
LufaS folds
MathisKcr collected 45 from pot
*** SUMMARY ***
Total pot 45 | No rake
Seat 2: MathisKcr (big blind) won 45


Winamax Poker - Tournament "Expresso Nitro" buyIn: 0.93€ + 0.07€ level: 2 - HandId: #4563791532439633921-8-1770895505 - Holdem no limit (15/30) - 2026/02/12 11:25:05 UTC
Table: 'Expresso Nitro(1062590520)#0' 3-max (real money) Seat #2 is the button
Seat 1: LufaS (655)
Seat 2: MathisKcr (245)
*** ANTE/BLINDS ***
MathisKcr posts small blind 15
LufaS posts big blind 30
Dealt to MathisKcr [2c 4h]
*** PRE-FLOP *** 
MathisKcr folds
LufaS collected 45 from pot
*** SUMMARY ***
Total pot 45 | No rake
Seat 1: LufaS (big blind) won 45


Winamax Poker - Tournament "Expresso Nitro" buyIn: 0.93€ + 0.07€ level: 2 - HandId: #4563791532439633921-9-1770895510 - Holdem no limit (15/30) - 2026/02/12 11:25:10 UTC
Table: 'Expresso Nitro(1062590520)#0' 3-max (real money) Seat #1 is the button
Seat 1: LufaS (670)
Seat 2: MathisKcr (230)
*** ANTE/BLINDS ***
LufaS posts small blind 15
MathisKcr posts big blind 30
Dealt to MathisKcr [4h 5s]
*** PRE-FLOP *** 
LufaS raises 640 to 670 and is all-in
MathisKcr folds
LufaS collected 700 from pot
*** SUMMARY ***
Total pot 700 | No rake
Seat 1: LufaS (small blind) (button) won 700


Winamax Poker - Tournament "Expresso Nitro" buyIn: 0.93€ + 0.07€ level: 2 - HandId: #4563791532439633921-10-1770895523 - Holdem no limit (15/30) - 2026/02/12 11:25:23 UTC
Table: 'Expresso Nitro(1062590520)#0' 3-max (real money) Seat #2 is the button
Seat 1: LufaS (700)
Seat 2: MathisKcr (200)
*** ANTE/BLINDS ***
MathisKcr posts small blind 15
LufaS posts big blind 30
Dealt to MathisKcr [Qc 2d]
*** PRE-FLOP *** 
MathisKcr raises 30 to 60
LufaS folds
MathisKcr collected 90 from pot
*** SUMMARY ***
Total pot 90 | No rake
Seat 2: MathisKcr (small blind) (button) won 90


Winamax Poker - Tournament "Expresso Nitro" buyIn: 0.93€ + 0.07€ level: 2 - HandId: #4563791532439633921-11-1770895540 - Holdem no limit (15/30) - 2026/02/12 11:25:40 UTC
Table: 'Expresso Nitro(1062590520)#0' 3-max (real money) Seat #1 is the button
Seat 1: LufaS (670)
Seat 2: MathisKcr (230)
*** ANTE/BLINDS ***
LufaS posts small blind 15
MathisKcr posts big blind 30
Dealt to MathisKcr [Tc Td]
*** PRE-FLOP *** 
LufaS raises 640 to 670 and is all-in
MathisKcr calls 200 and is all-in
*** FLOP *** [5c 6h Kd]
*** TURN *** [5c 6h Kd][2d]
*** RIVER *** [5c 6h Kd 2d][3s]
*** SHOW DOWN ***
MathisKcr shows [Tc Td] (One pair : Tens)
LufaS shows [4c Ah] (Straight 6 high)
LufaS collected 900 from pot
*** SUMMARY ***
Total pot 900 | No rake
Board: [5c 6h Kd 2d 3s]
Seat 1: LufaS (small blind) (button) showed [4c Ah] and won 900 with Straight 6 high
Seat 2: MathisKcr (big blind) showed [Tc Td] and lost with One pair : Tens


