Winamax Poker - Tournament "Expresso Nitro" buyIn: 0.93€ + 0.07€ level: 1 - HandId: #4668033506859810817-1-1774777671 - Holdem no limit (10/20) - 2026/03/29 09:47:51 UTC
Table: 'Expresso Nitro(1086861246)#0' 3-max (real money) Seat #3 is the button
Seat 1: malkoas (300)
Seat 2: MathisKcr (300)
Seat 3: NohaKing350 (300)
*** ANTE/BLINDS ***
malkoas posts small blind 10
MathisKcr posts big blind 20
Dealt to MathisKcr [7h 8c]
*** PRE-FLOP *** 
NohaKing350 folds
malkoas folds
MathisKcr collected 30 from pot
*** SUMMARY ***
Total pot 30 | No rake
Seat 2: MathisKcr (big blind) won 30


Winamax Poker - Tournament "Expresso Nitro" buyIn: 0.93€ + 0.07€ level: 1 - HandId: #4668033506859810817-2-1774777676 - Holdem no limit (10/20) - 2026/03/29 09:47:56 UTC
Table: 'Expresso Nitro(1086861246)#0' 3-max (real money) Seat #1 is the button
Seat 1: malkoas (290)
Seat 2: MathisKcr (310)
Seat 3: NohaKing350 (300)
*** ANTE/BLINDS ***
MathisKcr posts small blind 10
NohaKing350 posts big blind 20
Dealt to MathisKcr [6h Jc]
*** PRE-FLOP *** 
malkoas folds
MathisKcr folds
NohaKing350 collected 30 from pot
*** SUMMARY ***
Total pot 30 | No rake
Seat 3: NohaKing350 (big blind) won 30


Winamax Poker - Tournament "Expresso Nitro" buyIn: 0.93€ + 0.07€ level: 1 - HandId: #4668033506859810817-3-1774777685 - Holdem no limit (10/20) - 2026/03/29 09:48:05 UTC
Table: 'Expresso Nitro(1086861246)#0' 3-max (real money) Seat #2 is the button
Seat 1: malkoas (290)
Seat 2: MathisKcr (300)
Seat 3: NohaKing350 (310)
*** ANTE/BLINDS ***
NohaKing350 posts small blind 10
malkoas posts big blind 20
Dealt to MathisKcr [7c 7s]
*** PRE-FLOP *** 
MathisKcr raises 280 to 300 and is all-in
NohaKing350 folds
malkoas folds
MathisKcr collected 330 from pot
*** SUMMARY ***
Total pot 330 | No rake
Seat 2: MathisKcr (button) won 330


Winamax Poker - Tournament "Expresso Nitro" buyIn: 0.93€ + 0.07€ level: 1 - HandId: #4668033506859810817-4-1774777698 - Holdem no limit (10/20) - 2026/03/29 09:48:18 UTC
Table: 'Expresso Nitro(1086861246)#0' 3-max (real money) Seat #3 is the button
Seat 1: malkoas (270)
Seat 2: MathisKcr (330)
Seat 3: NohaKing350 (300)
*** ANTE/BLINDS ***
malkoas posts small blind 10
MathisKcr posts big blind 20
Dealt to MathisKcr [4s 8s]
*** PRE-FLOP *** 
NohaKing350 folds
malkoas folds
MathisKcr collected 30 from pot
*** SUMMARY ***
Total pot 30 | No rake
Seat 2: MathisKcr (big blind) won 30


Winamax Poker - Tournament "Expresso Nitro" buyIn: 0.93€ + 0.07€ level: 1 - HandId: #4668033506859810817-5-1774777708 - Holdem no limit (10/20) - 2026/03/29 09:48:28 UTC
Table: 'Expresso Nitro(1086861246)#0' 3-max (real money) Seat #1 is the button
Seat 1: malkoas (260)
Seat 2: MathisKcr (340)
Seat 3: NohaKing350 (300)
*** ANTE/BLINDS ***
MathisKcr posts small blind 10
NohaKing350 posts big blind 20
Dealt to MathisKcr [Th 4s]
*** PRE-FLOP *** 
malkoas folds
MathisKcr folds
NohaKing350 collected 30 from pot
*** SUMMARY ***
Total pot 30 | No rake
Seat 3: NohaKing350 (big blind) won 30


Winamax Poker - Tournament "Expresso Nitro" buyIn: 0.93€ + 0.07€ level: 1 - HandId: #4668033506859810817-6-1774777718 - Holdem no limit (10/20) - 2026/03/29 09:48:38 UTC
Table: 'Expresso Nitro(1086861246)#0' 3-max (real money) Seat #2 is the button
Seat 1: malkoas (260)
Seat 2: MathisKcr (330)
Seat 3: NohaKing350 (310)
*** ANTE/BLINDS ***
NohaKing350 posts small blind 10
malkoas posts big blind 20
Dealt to MathisKcr [7d 6s]
*** PRE-FLOP *** 
MathisKcr folds
NohaKing350 calls 10
malkoas raises 240 to 260 and is all-in
NohaKing350 folds
malkoas collected 280 from pot
*** SUMMARY ***
Total pot 280 | No rake
Seat 1: malkoas (big blind) won 280


Winamax Poker - Tournament "Expresso Nitro" buyIn: 0.93€ + 0.07€ level: 2 - HandId: #4668033506859810817-7-1774777734 - Holdem no limit (15/30) - 2026/03/29 09:48:54 UTC
Table: 'Expresso Nitro(1086861246)#0' 3-max (real money) Seat #3 is the button
Seat 1: malkoas (280)
Seat 2: MathisKcr (330)
Seat 3: NohaKing350 (290)
*** ANTE/BLINDS ***
malkoas posts small blind 15
MathisKcr posts big blind 30
Dealt to MathisKcr [2d 8d]
*** PRE-FLOP *** 
NohaKing350 calls 30
malkoas folds
MathisKcr checks
*** FLOP *** [3c Kc 6h]
MathisKcr checks
NohaKing350 checks
*** TURN *** [3c Kc 6h][2h]
MathisKcr bets 60
NohaKing350 folds
MathisKcr collected 135 from pot
*** SUMMARY ***
Total pot 135 | No rake
Board: [3c Kc 6h 2h]
Seat 2: MathisKcr (big blind) won 135


Winamax Poker - Tournament "Expresso Nitro" buyIn: 0.93€ + 0.07€ level: 2 - HandId: #4668033506859810817-8-1774777762 - Holdem no limit (15/30) - 2026/03/29 09:49:22 UTC
Table: 'Expresso Nitro(1086861246)#0' 3-max (real money) Seat #1 is the button
Seat 1: malkoas (265)
Seat 2: MathisKcr (375)
Seat 3: NohaKing350 (260)
*** ANTE/BLINDS ***
MathisKcr posts small blind 15
NohaKing350 posts big blind 30
Dealt to MathisKcr [3d 7s]
*** PRE-FLOP *** 
malkoas folds
MathisKcr folds
NohaKing350 collected 45 from pot
*** SUMMARY ***
Total pot 45 | No rake
Seat 3: NohaKing350 (big blind) won 45


Winamax Poker - Tournament "Expresso Nitro" buyIn: 0.93€ + 0.07€ level: 2 - HandId: #4668033506859810817-9-1774777770 - Holdem no limit (15/30) - 2026/03/29 09:49:30 UTC
Table: 'Expresso Nitro(1086861246)#0' 3-max (real money) Seat #2 is the button
Seat 1: malkoas (265)
Seat 2: MathisKcr (360)
Seat 3: NohaKing350 (275)
*** ANTE/BLINDS ***
NohaKing350 posts small blind 15
malkoas posts big blind 30
Dealt to MathisKcr [2c 8h]
*** PRE-FLOP *** 
MathisKcr folds
NohaKing350 folds
malkoas collected 45 from pot
*** SUMMARY ***
Total pot 45 | No rake
Seat 1: malkoas (big blind) won 45


Winamax Poker - Tournament "Expresso Nitro" buyIn: 0.93€ + 0.07€ level: 2 - HandId: #4668033506859810817-10-1774777774 - Holdem no limit (15/30) - 2026/03/29 09:49:34 UTC
Table: 'Expresso Nitro(1086861246)#0' 3-max (real money) Seat #3 is the button
Seat 1: malkoas (280)
Seat 2: MathisKcr (360)
Seat 3: NohaKing350 (260)
*** ANTE/BLINDS ***
malkoas posts small blind 15
MathisKcr posts big blind 30
Dealt to MathisKcr [3c 5c]
*** PRE-FLOP *** 
NohaKing350 folds
malkoas raises 250 to 280 and is all-in
MathisKcr folds
malkoas collected 310 from pot
*** SUMMARY ***
Total pot 310 | No rake
Seat 1: malkoas (small blind) won 310


Winamax Poker - Tournament "Expresso Nitro" buyIn: 0.93€ + 0.07€ level: 2 - HandId: #4668033506859810817-11-1774777787 - Holdem no limit (15/30) - 2026/03/29 09:49:47 UTC
Table: 'Expresso Nitro(1086861246)#0' 3-max (real money) Seat #1 is the button
Seat 1: malkoas (310)
Seat 2: MathisKcr (330)
Seat 3: NohaKing350 (260)
*** ANTE/BLINDS ***
MathisKcr posts small blind 15
NohaKing350 posts big blind 30
Dealt to MathisKcr [4d 6h]
*** PRE-FLOP *** 
malkoas raises 280 to 310 and is all-in
MathisKcr folds
NohaKing350 folds
malkoas collected 355 from pot
*** SUMMARY ***
Total pot 355 | No rake
Seat 1: malkoas (button) won 355


Winamax Poker - Tournament "Expresso Nitro" buyIn: 0.93€ + 0.07€ level: 3 - HandId: #4668033506859810817-12-1774777795 - Holdem no limit (20/40) - 2026/03/29 09:49:55 UTC
Table: 'Expresso Nitro(1086861246)#0' 3-max (real money) Seat #2 is the button
Seat 1: malkoas (355)
Seat 2: MathisKcr (315)
Seat 3: NohaKing350 (230)
*** ANTE/BLINDS ***
NohaKing350 posts small blind 20
malkoas posts big blind 40
Dealt to MathisKcr [Ac 9d]
*** PRE-FLOP *** 
MathisKcr raises 275 to 315 and is all-in
NohaKing350 calls 210 and is all-in
malkoas raises 40 to 355 and is all-in
*** FLOP *** [4s Kh Ad]
*** TURN *** [4s Kh Ad][8h]
*** RIVER *** [4s Kh Ad 8h][Tc]
*** SHOW DOWN ***
NohaKing350 shows [Ts Qs] (One pair : Tens)
malkoas shows [7d 7s] (One pair : 7)
MathisKcr shows [Ac 9d] (One pair : Aces)
MathisKcr collected 860 from main pot
malkoas collected 40 from side pot 1
*** SUMMARY ***
Total pot 900 | No rake
Board: [4s Kh Ad 8h Tc]
Seat 1: malkoas (big blind) showed [7d 7s] and won 40 with One pair : 7
Seat 2: MathisKcr (button) showed [Ac 9d] and won 860 with One pair : Aces
Seat 3: NohaKing350 (small blind) showed [Ts Qs] and lost with One pair : Tens


Winamax Poker - Tournament "Expresso Nitro" buyIn: 0.93€ + 0.07€ level: 3 - HandId: #4668033506859810817-13-1774777815 - Holdem no limit (20/40) - 2026/03/29 09:50:15 UTC
Table: 'Expresso Nitro(1086861246)#0' 3-max (real money) Seat #1 is the button
Seat 1: malkoas (40)
Seat 2: MathisKcr (860)
*** ANTE/BLINDS ***
malkoas posts small blind 20
MathisKcr posts big blind 40
Dealt to MathisKcr [Kh 9c]
*** PRE-FLOP *** 
malkoas calls 20 and is all-in
*** FLOP *** [Js 4h Ks]
*** TURN *** [Js 4h Ks][Ac]
*** RIVER *** [Js 4h Ks Ac][5h]
*** SHOW DOWN ***
malkoas shows [4c Qs] (One pair : 4)
MathisKcr shows [Kh 9c] (One pair : Kings)
MathisKcr collected 80 from pot
*** SUMMARY ***
Total pot 80 | No rake
Board: [Js 4h Ks Ac 5h]
Seat 1: malkoas (small blind) (button) showed [4c Qs] and lost with One pair : 4
Seat 2: MathisKcr (big blind) showed [Kh 9c] and won 80 with One pair : Kings


