Winamax Poker - Tournament "Expresso Nitro" buyIn: 0.93€ + 0.07€ level: 1 - HandId: #4558438495655297025-1-1770716596 - Holdem no limit (10/20) - 2026/02/10 09:43:16 UTC
Table: 'Expresso Nitro(1061344169)#0' 3-max (real money) Seat #2 is the button
Seat 1: MathisKcr (300)
Seat 2: GF Crack1021 (300)
Seat 3: Zourite... (300)
*** ANTE/BLINDS ***
Zourite... posts small blind 10
MathisKcr posts big blind 20
Dealt to MathisKcr [Ks 7d]
*** PRE-FLOP *** 
GF Crack1021 calls 20
Zourite... calls 10
MathisKcr raises 30 to 50
GF Crack1021 calls 30
Zourite... folds
*** FLOP *** [5c Jc Qd]
MathisKcr checks
GF Crack1021 checks
*** TURN *** [5c Jc Qd][7c]
MathisKcr bets 42
GF Crack1021 calls 42
*** RIVER *** [5c Jc Qd 7c][Th]
MathisKcr checks
GF Crack1021 bets 133
MathisKcr calls 133
*** SHOW DOWN ***
GF Crack1021 shows [Ah 8s] (High card : Ace)
MathisKcr shows [Ks 7d] (One pair : 7)
MathisKcr collected 470 from pot
*** SUMMARY ***
Total pot 470 | No rake
Board: [5c Jc Qd 7c Th]
Seat 1: MathisKcr (big blind) showed [Ks 7d] and won 470 with One pair : 7
Seat 2: GF Crack1021 (button) showed [Ah 8s] and lost with High card : Ace


Winamax Poker - Tournament "Expresso Nitro" buyIn: 0.93€ + 0.07€ level: 1 - HandId: #4558438495655297025-2-1770716634 - Holdem no limit (10/20) - 2026/02/10 09:43:54 UTC
Table: 'Expresso Nitro(1061344169)#0' 3-max (real money) Seat #3 is the button
Seat 1: MathisKcr (545)
Seat 2: GF Crack1021 (75)
Seat 3: Zourite... (280)
*** ANTE/BLINDS ***
MathisKcr posts small blind 10
GF Crack1021 posts big blind 20
Dealt to MathisKcr [4h 9d]
*** PRE-FLOP *** 
Zourite... folds
MathisKcr raises 20 to 40
GF Crack1021 raises 35 to 75 and is all-in
MathisKcr calls 35
*** FLOP *** [Ah 7d 2d]
*** TURN *** [Ah 7d 2d][Ad]
*** RIVER *** [Ah 7d 2d Ad][9h]
*** SHOW DOWN ***
MathisKcr shows [4h 9d] (Two pairs : Aces and 9)
GF Crack1021 shows [7h Ac] (Full of Aces and 7)
GF Crack1021 collected 150 from pot
*** SUMMARY ***
Total pot 150 | No rake
Board: [Ah 7d 2d Ad 9h]
Seat 1: MathisKcr (small blind) showed [4h 9d] and lost with Two pairs : Aces and 9
Seat 2: GF Crack1021 (big blind) showed [7h Ac] and won 150 with Full of Aces and 7


Winamax Poker - Tournament "Expresso Nitro" buyIn: 0.93€ + 0.07€ level: 1 - HandId: #4558438495655297025-3-1770716648 - Holdem no limit (10/20) - 2026/02/10 09:44:08 UTC
Table: 'Expresso Nitro(1061344169)#0' 3-max (real money) Seat #1 is the button
Seat 1: MathisKcr (470)
Seat 2: GF Crack1021 (150)
Seat 3: Zourite... (280)
*** ANTE/BLINDS ***
GF Crack1021 posts small blind 10
Zourite... posts big blind 20
Dealt to MathisKcr [Td 2d]
*** PRE-FLOP *** 
MathisKcr folds
GF Crack1021 raises 130 to 150 and is all-in
Zourite... folds
GF Crack1021 collected 170 from pot
*** SUMMARY ***
Total pot 170 | No rake
Seat 2: GF Crack1021 (small blind) won 170


Winamax Poker - Tournament "Expresso Nitro" buyIn: 0.93€ + 0.07€ level: 2 - HandId: #4558438495655297025-4-1770716657 - Holdem no limit (15/30) - 2026/02/10 09:44:17 UTC
Table: 'Expresso Nitro(1061344169)#0' 3-max (real money) Seat #2 is the button
Seat 1: MathisKcr (470)
Seat 2: GF Crack1021 (170)
Seat 3: Zourite... (260)
*** ANTE/BLINDS ***
Zourite... posts small blind 15
MathisKcr posts big blind 30
Dealt to MathisKcr [8h Kh]
*** PRE-FLOP *** 
GF Crack1021 folds
Zourite... folds
MathisKcr collected 45 from pot
*** SUMMARY ***
Total pot 45 | No rake
Seat 1: MathisKcr (big blind) won 45


Winamax Poker - Tournament "Expresso Nitro" buyIn: 0.93€ + 0.07€ level: 2 - HandId: #4558438495655297025-5-1770716667 - Holdem no limit (15/30) - 2026/02/10 09:44:27 UTC
Table: 'Expresso Nitro(1061344169)#0' 3-max (real money) Seat #3 is the button
Seat 1: MathisKcr (485)
Seat 2: GF Crack1021 (170)
Seat 3: Zourite... (245)
*** ANTE/BLINDS ***
MathisKcr posts small blind 15
GF Crack1021 posts big blind 30
Dealt to MathisKcr [7h 8d]
*** PRE-FLOP *** 
Zourite... raises 215 to 245 and is all-in
MathisKcr folds
GF Crack1021 folds
Zourite... collected 290 from pot
*** SUMMARY ***
Total pot 290 | No rake
Seat 3: Zourite... (button) won 290


Winamax Poker - Tournament "Expresso Nitro" buyIn: 0.93€ + 0.07€ level: 2 - HandId: #4558438495655297025-6-1770716674 - Holdem no limit (15/30) - 2026/02/10 09:44:34 UTC
Table: 'Expresso Nitro(1061344169)#0' 3-max (real money) Seat #1 is the button
Seat 1: MathisKcr (470)
Seat 2: GF Crack1021 (140)
Seat 3: Zourite... (290)
*** ANTE/BLINDS ***
GF Crack1021 posts small blind 15
Zourite... posts big blind 30
Dealt to MathisKcr [Qs 5d]
*** PRE-FLOP *** 
MathisKcr raises 45 to 75
GF Crack1021 raises 65 to 140 and is all-in
Zourite... folds
MathisKcr calls 65
*** FLOP *** [8c Qc Ks]
*** TURN *** [8c Qc Ks][2s]
*** RIVER *** [8c Qc Ks 2s][8s]
*** SHOW DOWN ***
GF Crack1021 shows [Jc Jh] (Two pairs : Jacks and 8)
MathisKcr shows [Qs 5d] (Two pairs : Queens and 8)
MathisKcr collected 310 from pot
*** SUMMARY ***
Total pot 310 | No rake
Board: [8c Qc Ks 2s 8s]
Seat 1: MathisKcr (button) showed [Qs 5d] and won 310 with Two pairs : Queens and 8
Seat 2: GF Crack1021 (small blind) showed [Jc Jh] and lost with Two pairs : Jacks and 8


Winamax Poker - Tournament "Expresso Nitro" buyIn: 0.93€ + 0.07€ level: 2 - HandId: #4558438495655297025-7-1770716691 - Holdem no limit (15/30) - 2026/02/10 09:44:51 UTC
Table: 'Expresso Nitro(1061344169)#0' 3-max (real money) Seat #3 is the button
Seat 1: MathisKcr (640)
Seat 3: Zourite... (260)
*** ANTE/BLINDS ***
Zourite... posts small blind 15
MathisKcr posts big blind 30
Dealt to MathisKcr [6c 7c]
*** PRE-FLOP *** 
Zourite... raises 230 to 260 and is all-in
MathisKcr folds
Zourite... collected 290 from pot
*** SUMMARY ***
Total pot 290 | No rake
Seat 3: Zourite... (small blind) (button) won 290


Winamax Poker - Tournament "Expresso Nitro" buyIn: 0.93€ + 0.07€ level: 2 - HandId: #4558438495655297025-8-1770716698 - Holdem no limit (15/30) - 2026/02/10 09:44:58 UTC
Table: 'Expresso Nitro(1061344169)#0' 3-max (real money) Seat #1 is the button
Seat 1: MathisKcr (610)
Seat 3: Zourite... (290)
*** ANTE/BLINDS ***
MathisKcr posts small blind 15
Zourite... posts big blind 30
Dealt to MathisKcr [5s Ts]
*** PRE-FLOP *** 
MathisKcr raises 45 to 75
Zourite... folds
MathisKcr collected 105 from pot
*** SUMMARY ***
Total pot 105 | No rake
Seat 1: MathisKcr (small blind) (button) won 105


Winamax Poker - Tournament "Expresso Nitro" buyIn: 0.93€ + 0.07€ level: 2 - HandId: #4558438495655297025-9-1770716706 - Holdem no limit (15/30) - 2026/02/10 09:45:06 UTC
Table: 'Expresso Nitro(1061344169)#0' 3-max (real money) Seat #3 is the button
Seat 1: MathisKcr (640)
Seat 3: Zourite... (260)
*** ANTE/BLINDS ***
Zourite... posts small blind 15
MathisKcr posts big blind 30
Dealt to MathisKcr [Jc Jd]
*** PRE-FLOP *** 
Zourite... folds
MathisKcr collected 45 from pot
*** SUMMARY ***
Total pot 45 | No rake
Seat 1: MathisKcr (big blind) won 45


Winamax Poker - Tournament "Expresso Nitro" buyIn: 0.93€ + 0.07€ level: 2 - HandId: #4558438495655297025-10-1770716712 - Holdem no limit (15/30) - 2026/02/10 09:45:12 UTC
Table: 'Expresso Nitro(1061344169)#0' 3-max (real money) Seat #1 is the button
Seat 1: MathisKcr (655)
Seat 3: Zourite... (245)
*** ANTE/BLINDS ***
MathisKcr posts small blind 15
Zourite... posts big blind 30
Dealt to MathisKcr [7h 6c]
*** PRE-FLOP *** 
MathisKcr raises 45 to 75
Zourite... folds
MathisKcr collected 105 from pot
*** SUMMARY ***
Total pot 105 | No rake
Seat 1: MathisKcr (small blind) (button) won 105


Winamax Poker - Tournament "Expresso Nitro" buyIn: 0.93€ + 0.07€ level: 3 - HandId: #4558438495655297025-11-1770716721 - Holdem no limit (20/40) - 2026/02/10 09:45:21 UTC
Table: 'Expresso Nitro(1061344169)#0' 3-max (real money) Seat #3 is the button
Seat 1: MathisKcr (685)
Seat 3: Zourite... (215)
*** ANTE/BLINDS ***
Zourite... posts small blind 20
MathisKcr posts big blind 40
Dealt to MathisKcr [Jh 2c]
*** PRE-FLOP *** 
Zourite... raises 175 to 215 and is all-in
MathisKcr folds
Zourite... collected 255 from pot
*** SUMMARY ***
Total pot 255 | No rake
Seat 3: Zourite... (small blind) (button) won 255


Winamax Poker - Tournament "Expresso Nitro" buyIn: 0.93€ + 0.07€ level: 3 - HandId: #4558438495655297025-12-1770716727 - Holdem no limit (20/40) - 2026/02/10 09:45:27 UTC
Table: 'Expresso Nitro(1061344169)#0' 3-max (real money) Seat #1 is the button
Seat 1: MathisKcr (645)
Seat 3: Zourite... (255)
*** ANTE/BLINDS ***
MathisKcr posts small blind 20
Zourite... posts big blind 40
Dealt to MathisKcr [4c 3d]
*** PRE-FLOP *** 
MathisKcr folds
Zourite... collected 60 from pot
*** SUMMARY ***
Total pot 60 | No rake
Seat 3: Zourite... (big blind) won 60


Winamax Poker - Tournament "Expresso Nitro" buyIn: 0.93€ + 0.07€ level: 3 - HandId: #4558438495655297025-13-1770716731 - Holdem no limit (20/40) - 2026/02/10 09:45:31 UTC
Table: 'Expresso Nitro(1061344169)#0' 3-max (real money) Seat #3 is the button
Seat 1: MathisKcr (625)
Seat 3: Zourite... (275)
*** ANTE/BLINDS ***
Zourite... posts small blind 20
MathisKcr posts big blind 40
Dealt to MathisKcr [Ac 5d]
*** PRE-FLOP *** 
Zourite... folds
MathisKcr collected 60 from pot
*** SUMMARY ***
Total pot 60 | No rake
Seat 1: MathisKcr (big blind) won 60


Winamax Poker - Tournament "Expresso Nitro" buyIn: 0.93€ + 0.07€ level: 3 - HandId: #4558438495655297025-14-1770716737 - Holdem no limit (20/40) - 2026/02/10 09:45:37 UTC
Table: 'Expresso Nitro(1061344169)#0' 3-max (real money) Seat #1 is the button
Seat 1: MathisKcr (645)
Seat 3: Zourite... (255)
*** ANTE/BLINDS ***
MathisKcr posts small blind 20
Zourite... posts big blind 40
Dealt to MathisKcr [5s 7h]
*** PRE-FLOP *** 
MathisKcr calls 20
Zourite... raises 215 to 255 and is all-in
MathisKcr folds
Zourite... collected 295 from pot
*** SUMMARY ***
Total pot 295 | No rake
Seat 3: Zourite... (big blind) won 295


Winamax Poker - Tournament "Expresso Nitro" buyIn: 0.93€ + 0.07€ level: 3 - HandId: #4558438495655297025-15-1770716744 - Holdem no limit (20/40) - 2026/02/10 09:45:44 UTC
Table: 'Expresso Nitro(1061344169)#0' 3-max (real money) Seat #3 is the button
Seat 1: MathisKcr (605)
Seat 3: Zourite... (295)
*** ANTE/BLINDS ***
Zourite... posts small blind 20
MathisKcr posts big blind 40
Dealt to MathisKcr [3s Ac]
*** PRE-FLOP *** 
Zourite... folds
MathisKcr collected 60 from pot
*** SUMMARY ***
Total pot 60 | No rake
Seat 1: MathisKcr (big blind) won 60


Winamax Poker - Tournament "Expresso Nitro" buyIn: 0.93€ + 0.07€ level: 3 - HandId: #4558438495655297025-16-1770716749 - Holdem no limit (20/40) - 2026/02/10 09:45:49 UTC
Table: 'Expresso Nitro(1061344169)#0' 3-max (real money) Seat #1 is the button
Seat 1: MathisKcr (625)
Seat 3: Zourite... (275)
*** ANTE/BLINDS ***
MathisKcr posts small blind 20
Zourite... posts big blind 40
Dealt to MathisKcr [9d Ts]
*** PRE-FLOP *** 
MathisKcr raises 60 to 100
Zourite... folds
MathisKcr collected 140 from pot
*** SUMMARY ***
Total pot 140 | No rake
Seat 1: MathisKcr (small blind) (button) won 140


Winamax Poker - Tournament "Expresso Nitro" buyIn: 0.93€ + 0.07€ level: 3 - HandId: #4558438495655297025-17-1770716757 - Holdem no limit (20/40) - 2026/02/10 09:45:57 UTC
Table: 'Expresso Nitro(1061344169)#0' 3-max (real money) Seat #3 is the button
Seat 1: MathisKcr (665)
Seat 3: Zourite... (235)
*** ANTE/BLINDS ***
Zourite... posts small blind 20
MathisKcr posts big blind 40
Dealt to MathisKcr [7s Qc]
*** PRE-FLOP *** 
Zourite... folds
MathisKcr collected 60 from pot
*** SUMMARY ***
Total pot 60 | No rake
Seat 1: MathisKcr (big blind) won 60


Winamax Poker - Tournament "Expresso Nitro" buyIn: 0.93€ + 0.07€ level: 3 - HandId: #4558438495655297025-18-1770716761 - Holdem no limit (20/40) - 2026/02/10 09:46:01 UTC
Table: 'Expresso Nitro(1061344169)#0' 3-max (real money) Seat #1 is the button
Seat 1: MathisKcr (685)
Seat 3: Zourite... (215)
*** ANTE/BLINDS ***
MathisKcr posts small blind 20
Zourite... posts big blind 40
Dealt to MathisKcr [Kc 7s]
*** PRE-FLOP *** 
MathisKcr raises 60 to 100
Zourite... folds
MathisKcr collected 140 from pot
*** SUMMARY ***
Total pot 140 | No rake
Seat 1: MathisKcr (small blind) (button) won 140


Winamax Poker - Tournament "Expresso Nitro" buyIn: 0.93€ + 0.07€ level: 3 - HandId: #4558438495655297025-19-1770716769 - Holdem no limit (20/40) - 2026/02/10 09:46:09 UTC
Table: 'Expresso Nitro(1061344169)#0' 3-max (real money) Seat #3 is the button
Seat 1: MathisKcr (725)
Seat 3: Zourite... (175)
*** ANTE/BLINDS ***
Zourite... posts small blind 20
MathisKcr posts big blind 40
Dealt to MathisKcr [Js 2c]
*** PRE-FLOP *** 
Zourite... folds
MathisKcr collected 60 from pot
*** SUMMARY ***
Total pot 60 | No rake
Seat 1: MathisKcr (big blind) won 60


Winamax Poker - Tournament "Expresso Nitro" buyIn: 0.93€ + 0.07€ level: 4 - HandId: #4558438495655297025-20-1770716775 - Holdem no limit (30/60) - 2026/02/10 09:46:15 UTC
Table: 'Expresso Nitro(1061344169)#0' 3-max (real money) Seat #1 is the button
Seat 1: MathisKcr (745)
Seat 3: Zourite... (155)
*** ANTE/BLINDS ***
MathisKcr posts small blind 30
Zourite... posts big blind 60
Dealt to MathisKcr [Kh Td]
*** PRE-FLOP *** 
MathisKcr raises 90 to 150
Zourite... calls 90
*** FLOP *** [Tc 6d 2h]
Zourite... bets 5 and is all-in
MathisKcr calls 5
*** TURN *** [Tc 6d 2h][8h]
*** RIVER *** [Tc 6d 2h 8h][Ad]
*** SHOW DOWN ***
Zourite... shows [Qs 3c] (High card : Ace)
MathisKcr shows [Kh Td] (One pair : Tens)
MathisKcr collected 310 from pot
*** SUMMARY ***
Total pot 310 | No rake
Board: [Tc 6d 2h 8h Ad]
Seat 1: MathisKcr (small blind) (button) showed [Kh Td] and won 310 with One pair : Tens
Seat 3: Zourite... (big blind) showed [Qs 3c] and lost with High card : Ace


