Winamax Poker - Tournament "Expresso Nitro" buyIn: 0.93€ + 0.07€ level: 1 - HandId: #4618067592504934401-1-1773060451 - Holdem no limit (10/20) - 2026/03/09 12:47:31 UTC
Table: 'Expresso Nitro(1075227650)#0' 3-max (real money) Seat #1 is the button
Seat 1: sebosss (300)
Seat 2: MathisKcr (300)
Seat 3: Rickie02 (300)
*** ANTE/BLINDS ***
MathisKcr posts small blind 10
Rickie02 posts big blind 20
Dealt to MathisKcr [Kh 5c]
*** PRE-FLOP *** 
sebosss folds
MathisKcr raises 40 to 60
Rickie02 folds
MathisKcr collected 80 from pot
*** SUMMARY ***
Total pot 80 | No rake
Seat 2: MathisKcr (small blind) won 80


Winamax Poker - Tournament "Expresso Nitro" buyIn: 0.93€ + 0.07€ level: 1 - HandId: #4618067592504934401-2-1773060472 - Holdem no limit (10/20) - 2026/03/09 12:47:52 UTC
Table: 'Expresso Nitro(1075227650)#0' 3-max (real money) Seat #2 is the button
Seat 1: sebosss (300)
Seat 2: MathisKcr (320)
Seat 3: Rickie02 (280)
*** ANTE/BLINDS ***
Rickie02 posts small blind 10
sebosss posts big blind 20
Dealt to MathisKcr [8d Tc]
*** PRE-FLOP *** 
MathisKcr folds
Rickie02 folds
sebosss collected 30 from pot
*** SUMMARY ***
Total pot 30 | No rake
Seat 1: sebosss (big blind) won 30


Winamax Poker - Tournament "Expresso Nitro" buyIn: 0.93€ + 0.07€ level: 1 - HandId: #4618067592504934401-3-1773060486 - Holdem no limit (10/20) - 2026/03/09 12:48:06 UTC
Table: 'Expresso Nitro(1075227650)#0' 3-max (real money) Seat #3 is the button
Seat 1: sebosss (310)
Seat 2: MathisKcr (320)
Seat 3: Rickie02 (270)
*** ANTE/BLINDS ***
sebosss posts small blind 10
MathisKcr posts big blind 20
Dealt to MathisKcr [6s 5s]
*** PRE-FLOP *** 
Rickie02 calls 20
sebosss calls 10
MathisKcr checks
*** FLOP *** [8h Qh 4c]
sebosss checks
MathisKcr checks
Rickie02 checks
*** TURN *** [8h Qh 4c][6h]
sebosss checks
MathisKcr bets 40
Rickie02 folds
sebosss folds
MathisKcr collected 100 from pot
*** SUMMARY ***
Total pot 100 | No rake
Board: [8h Qh 4c 6h]
Seat 2: MathisKcr (big blind) won 100


Winamax Poker - Tournament "Expresso Nitro" buyIn: 0.93€ + 0.07€ level: 2 - HandId: #4618067592504934401-4-1773060534 - Holdem no limit (15/30) - 2026/03/09 12:48:54 UTC
Table: 'Expresso Nitro(1075227650)#0' 3-max (real money) Seat #1 is the button
Seat 1: sebosss (290)
Seat 2: MathisKcr (360)
Seat 3: Rickie02 (250)
*** ANTE/BLINDS ***
MathisKcr posts small blind 15
Rickie02 posts big blind 30
Dealt to MathisKcr [3d 4c]
*** PRE-FLOP *** 
sebosss raises 75 to 105
MathisKcr folds
Rickie02 folds
sebosss collected 150 from pot
*** SUMMARY ***
Total pot 150 | No rake
Seat 1: sebosss (button) won 150


Winamax Poker - Tournament "Expresso Nitro" buyIn: 0.93€ + 0.07€ level: 2 - HandId: #4618067592504934401-5-1773060546 - Holdem no limit (15/30) - 2026/03/09 12:49:06 UTC
Table: 'Expresso Nitro(1075227650)#0' 3-max (real money) Seat #2 is the button
Seat 1: sebosss (335)
Seat 2: MathisKcr (345)
Seat 3: Rickie02 (220)
*** ANTE/BLINDS ***
Rickie02 posts small blind 15
sebosss posts big blind 30
Dealt to MathisKcr [Ad Qs]
*** PRE-FLOP *** 
MathisKcr raises 315 to 345 and is all-in
Rickie02 folds
sebosss folds
MathisKcr collected 390 from pot
*** SUMMARY ***
Total pot 390 | No rake
Seat 2: MathisKcr (button) won 390


Winamax Poker - Tournament "Expresso Nitro" buyIn: 0.93€ + 0.07€ level: 2 - HandId: #4618067592504934401-6-1773060561 - Holdem no limit (15/30) - 2026/03/09 12:49:21 UTC
Table: 'Expresso Nitro(1075227650)#0' 3-max (real money) Seat #3 is the button
Seat 1: sebosss (305)
Seat 2: MathisKcr (390)
Seat 3: Rickie02 (205)
*** ANTE/BLINDS ***
sebosss posts small blind 15
MathisKcr posts big blind 30
Dealt to MathisKcr [Kc 8s]
*** PRE-FLOP *** 
Rickie02 folds
sebosss calls 15
MathisKcr raises 60 to 90
sebosss folds
MathisKcr collected 120 from pot
*** SUMMARY ***
Total pot 120 | No rake
Seat 2: MathisKcr (big blind) won 120


Winamax Poker - Tournament "Expresso Nitro" buyIn: 0.93€ + 0.07€ level: 3 - HandId: #4618067592504934401-7-1773060581 - Holdem no limit (20/40) - 2026/03/09 12:49:41 UTC
Table: 'Expresso Nitro(1075227650)#0' 3-max (real money) Seat #1 is the button
Seat 1: sebosss (275)
Seat 2: MathisKcr (420)
Seat 3: Rickie02 (205)
*** ANTE/BLINDS ***
MathisKcr posts small blind 20
Rickie02 posts big blind 40
Dealt to MathisKcr [9d As]
*** PRE-FLOP *** 
sebosss calls 40
MathisKcr raises 380 to 420 and is all-in
Rickie02 folds
sebosss folds
MathisKcr collected 500 from pot
*** SUMMARY ***
Total pot 500 | No rake
Seat 2: MathisKcr (small blind) won 500


Winamax Poker - Tournament "Expresso Nitro" buyIn: 0.93€ + 0.07€ level: 3 - HandId: #4618067592504934401-8-1773060599 - Holdem no limit (20/40) - 2026/03/09 12:49:59 UTC
Table: 'Expresso Nitro(1075227650)#0' 3-max (real money) Seat #2 is the button
Seat 1: sebosss (235)
Seat 2: MathisKcr (500)
Seat 3: Rickie02 (165)
*** ANTE/BLINDS ***
Rickie02 posts small blind 20
sebosss posts big blind 40
Dealt to MathisKcr [6s Qd]
*** PRE-FLOP *** 
MathisKcr folds
Rickie02 raises 125 to 165 and is all-in
sebosss folds
Rickie02 collected 205 from pot
*** SUMMARY ***
Total pot 205 | No rake
Seat 3: Rickie02 (small blind) won 205


Winamax Poker - Tournament "Expresso Nitro" buyIn: 0.93€ + 0.07€ level: 3 - HandId: #4618067592504934401-9-1773060610 - Holdem no limit (20/40) - 2026/03/09 12:50:10 UTC
Table: 'Expresso Nitro(1075227650)#0' 3-max (real money) Seat #3 is the button
Seat 1: sebosss (195)
Seat 2: MathisKcr (500)
Seat 3: Rickie02 (205)
*** ANTE/BLINDS ***
sebosss posts small blind 20
MathisKcr posts big blind 40
Dealt to MathisKcr [Ah 5h]
*** PRE-FLOP *** 
Rickie02 folds
sebosss raises 80 to 120
MathisKcr raises 380 to 500 and is all-in
sebosss folds
MathisKcr collected 620 from pot
*** SUMMARY ***
Total pot 620 | No rake
Seat 2: MathisKcr (big blind) won 620


Winamax Poker - Tournament "Expresso Nitro" buyIn: 0.93€ + 0.07€ level: 4 - HandId: #4618067592504934401-10-1773060631 - Holdem no limit (30/60) - 2026/03/09 12:50:31 UTC
Table: 'Expresso Nitro(1075227650)#0' 3-max (real money) Seat #1 is the button
Seat 1: sebosss (75)
Seat 2: MathisKcr (620)
Seat 3: Rickie02 (205)
*** ANTE/BLINDS ***
MathisKcr posts small blind 30
Rickie02 posts big blind 60
Dealt to MathisKcr [7s 2d]
*** PRE-FLOP *** 
sebosss raises 15 to 75 and is all-in
MathisKcr folds
Rickie02 raises 130 to 205 and is all-in
*** FLOP *** [9d 8d Ac]
*** TURN *** [9d 8d Ac][Ad]
*** RIVER *** [9d 8d Ac Ad][5h]
*** SHOW DOWN ***
sebosss shows [6c 9h] (Two pairs : Aces and 9)
Rickie02 shows [Jd As] (Trips of Aces)
Rickie02 collected 310 from pot
*** SUMMARY ***
Total pot 310 | No rake
Board: [9d 8d Ac Ad 5h]
Seat 1: sebosss (button) showed [6c 9h] and lost with Two pairs : Aces and 9
Seat 3: Rickie02 (big blind) showed [Jd As] and won 310 with Trips of Aces


Winamax Poker - Tournament "Expresso Nitro" buyIn: 0.93€ + 0.07€ level: 4 - HandId: #4618067592504934401-11-1773060645 - Holdem no limit (30/60) - 2026/03/09 12:50:45 UTC
Table: 'Expresso Nitro(1075227650)#0' 3-max (real money) Seat #3 is the button
Seat 2: MathisKcr (590)
Seat 3: Rickie02 (310)
*** ANTE/BLINDS ***
Rickie02 posts small blind 30
MathisKcr posts big blind 60
Dealt to MathisKcr [6c 7c]
*** PRE-FLOP *** 
Rickie02 folds
MathisKcr collected 90 from pot
*** SUMMARY ***
Total pot 90 | No rake
Seat 2: MathisKcr (big blind) won 90


Winamax Poker - Tournament "Expresso Nitro" buyIn: 0.93€ + 0.07€ level: 4 - HandId: #4618067592504934401-12-1773060652 - Holdem no limit (30/60) - 2026/03/09 12:50:52 UTC
Table: 'Expresso Nitro(1075227650)#0' 3-max (real money) Seat #2 is the button
Seat 2: MathisKcr (620)
Seat 3: Rickie02 (280)
*** ANTE/BLINDS ***
MathisKcr posts small blind 30
Rickie02 posts big blind 60
Dealt to MathisKcr [Qc Ac]
*** PRE-FLOP *** 
MathisKcr raises 560 to 620 and is all-in
Rickie02 calls 220 and is all-in
*** FLOP *** [3h Jh 6s]
*** TURN *** [3h Jh 6s][4h]
*** RIVER *** [3h Jh 6s 4h][5s]
*** SHOW DOWN ***
MathisKcr shows [Qc Ac] (High card : Ace)
Rickie02 shows [Jd Qs] (One pair : Jacks)
Rickie02 collected 560 from main pot
MathisKcr collected 340 from side pot 1
*** SUMMARY ***
Total pot 900 | No rake
Board: [3h Jh 6s 4h 5s]
Seat 2: MathisKcr (small blind) (button) showed [Qc Ac] and won 340 with High card : Ace
Seat 3: Rickie02 (big blind) showed [Jd Qs] and won 560 with One pair : Jacks


Winamax Poker - Tournament "Expresso Nitro" buyIn: 0.93€ + 0.07€ level: 4 - HandId: #4618067592504934401-13-1773060665 - Holdem no limit (30/60) - 2026/03/09 12:51:05 UTC
Table: 'Expresso Nitro(1075227650)#0' 3-max (real money) Seat #3 is the button
Seat 2: MathisKcr (340)
Seat 3: Rickie02 (560)
*** ANTE/BLINDS ***
Rickie02 posts small blind 30
MathisKcr posts big blind 60
Dealt to MathisKcr [3h Kc]
*** PRE-FLOP *** 
Rickie02 folds
MathisKcr collected 90 from pot
*** SUMMARY ***
Total pot 90 | No rake
Seat 2: MathisKcr (big blind) won 90


Winamax Poker - Tournament "Expresso Nitro" buyIn: 0.93€ + 0.07€ level: 4 - HandId: #4618067592504934401-14-1773060672 - Holdem no limit (30/60) - 2026/03/09 12:51:12 UTC
Table: 'Expresso Nitro(1075227650)#0' 3-max (real money) Seat #2 is the button
Seat 2: MathisKcr (370)
Seat 3: Rickie02 (530)
*** ANTE/BLINDS ***
MathisKcr posts small blind 30
Rickie02 posts big blind 60
Dealt to MathisKcr [9h Ts]
*** PRE-FLOP *** 
MathisKcr calls 30
Rickie02 checks
*** FLOP *** [Qs 9s Js]
Rickie02 checks
MathisKcr bets 310 and is all-in
Rickie02 folds
MathisKcr collected 430 from pot
*** SUMMARY ***
Total pot 430 | No rake
Board: [Qs 9s Js]
Seat 2: MathisKcr (small blind) (button) won 430


Winamax Poker - Tournament "Expresso Nitro" buyIn: 0.93€ + 0.07€ level: 4 - HandId: #4618067592504934401-15-1773060688 - Holdem no limit (30/60) - 2026/03/09 12:51:28 UTC
Table: 'Expresso Nitro(1075227650)#0' 3-max (real money) Seat #3 is the button
Seat 2: MathisKcr (430)
Seat 3: Rickie02 (470)
*** ANTE/BLINDS ***
Rickie02 posts small blind 30
MathisKcr posts big blind 60
Dealt to MathisKcr [As Qc]
*** PRE-FLOP *** 
Rickie02 folds
MathisKcr collected 90 from pot
*** SUMMARY ***
Total pot 90 | No rake
Seat 2: MathisKcr (big blind) won 90


Winamax Poker - Tournament "Expresso Nitro" buyIn: 0.93€ + 0.07€ level: 5 - HandId: #4618067592504934401-16-1773060693 - Holdem no limit (40/80) - 2026/03/09 12:51:33 UTC
Table: 'Expresso Nitro(1075227650)#0' 3-max (real money) Seat #2 is the button
Seat 2: MathisKcr (460)
Seat 3: Rickie02 (440)
*** ANTE/BLINDS ***
MathisKcr posts small blind 40
Rickie02 posts big blind 80
Dealt to MathisKcr [7h 7d]
*** PRE-FLOP *** 
MathisKcr raises 380 to 460 and is all-in
Rickie02 folds
MathisKcr collected 540 from pot
*** SUMMARY ***
Total pot 540 | No rake
Seat 2: MathisKcr (small blind) (button) won 540


Winamax Poker - Tournament "Expresso Nitro" buyIn: 0.93€ + 0.07€ level: 5 - HandId: #4618067592504934401-17-1773060701 - Holdem no limit (40/80) - 2026/03/09 12:51:41 UTC
Table: 'Expresso Nitro(1075227650)#0' 3-max (real money) Seat #3 is the button
Seat 2: MathisKcr (540)
Seat 3: Rickie02 (360)
*** ANTE/BLINDS ***
Rickie02 posts small blind 40
MathisKcr posts big blind 80
Dealt to MathisKcr [5d 3c]
*** PRE-FLOP *** 
Rickie02 folds
MathisKcr collected 120 from pot
*** SUMMARY ***
Total pot 120 | No rake
Seat 2: MathisKcr (big blind) won 120


Winamax Poker - Tournament "Expresso Nitro" buyIn: 0.93€ + 0.07€ level: 5 - HandId: #4618067592504934401-18-1773060707 - Holdem no limit (40/80) - 2026/03/09 12:51:47 UTC
Table: 'Expresso Nitro(1075227650)#0' 3-max (real money) Seat #2 is the button
Seat 2: MathisKcr (580)
Seat 3: Rickie02 (320)
*** ANTE/BLINDS ***
MathisKcr posts small blind 40
Rickie02 posts big blind 80
Dealt to MathisKcr [7c 6s]
*** PRE-FLOP *** 
MathisKcr calls 40
Rickie02 raises 240 to 320 and is all-in
MathisKcr folds
Rickie02 collected 400 from pot
*** SUMMARY ***
Total pot 400 | No rake
Seat 3: Rickie02 (big blind) won 400


Winamax Poker - Tournament "Expresso Nitro" buyIn: 0.93€ + 0.07€ level: 5 - HandId: #4618067592504934401-19-1773060722 - Holdem no limit (40/80) - 2026/03/09 12:52:02 UTC
Table: 'Expresso Nitro(1075227650)#0' 3-max (real money) Seat #3 is the button
Seat 2: MathisKcr (500)
Seat 3: Rickie02 (400)
*** ANTE/BLINDS ***
Rickie02 posts small blind 40
MathisKcr posts big blind 80
Dealt to MathisKcr [Ad 3c]
*** PRE-FLOP *** 
Rickie02 raises 320 to 400 and is all-in
MathisKcr raises 100 to 500 and is all-in
*** FLOP *** [7h Kh Jd]
*** TURN *** [7h Kh Jd][9c]
*** RIVER *** [7h Kh Jd 9c][5s]
*** SHOW DOWN ***
MathisKcr shows [Ad 3c] (High card : Ace)
Rickie02 shows [3d Ac] (High card : Ace)
Rickie02 collected 400 from main pot
MathisKcr collected 500 from side pot 1
*** SUMMARY ***
Total pot 900 | No rake
Board: [7h Kh Jd 9c 5s]
Seat 2: MathisKcr (big blind) showed [Ad 3c] and won 500 with High card : Ace
Seat 3: Rickie02 (small blind) (button) showed [3d Ac] and won 400 with High card : Ace


Winamax Poker - Tournament "Expresso Nitro" buyIn: 0.93€ + 0.07€ level: 5 - HandId: #4618067592504934401-20-1773060737 - Holdem no limit (40/80) - 2026/03/09 12:52:17 UTC
Table: 'Expresso Nitro(1075227650)#0' 3-max (real money) Seat #2 is the button
Seat 2: MathisKcr (500)
Seat 3: Rickie02 (400)
*** ANTE/BLINDS ***
MathisKcr posts small blind 40
Rickie02 posts big blind 80
Dealt to MathisKcr [Kh Th]
*** PRE-FLOP *** 
MathisKcr raises 420 to 500 and is all-in
Rickie02 folds
MathisKcr collected 580 from pot
*** SUMMARY ***
Total pot 580 | No rake
Seat 2: MathisKcr (small blind) (button) won 580


Winamax Poker - Tournament "Expresso Nitro" buyIn: 0.93€ + 0.07€ level: 6 - HandId: #4618067592504934401-21-1773060749 - Holdem no limit (50/100) - 2026/03/09 12:52:29 UTC
Table: 'Expresso Nitro(1075227650)#0' 3-max (real money) Seat #3 is the button
Seat 2: MathisKcr (580)
Seat 3: Rickie02 (320)
*** ANTE/BLINDS ***
Rickie02 posts small blind 50
MathisKcr posts big blind 100
Dealt to MathisKcr [Ts 3s]
*** PRE-FLOP *** 
Rickie02 raises 220 to 320 and is all-in
MathisKcr folds
Rickie02 collected 420 from pot
*** SUMMARY ***
Total pot 420 | No rake
Seat 3: Rickie02 (small blind) (button) won 420


Winamax Poker - Tournament "Expresso Nitro" buyIn: 0.93€ + 0.07€ level: 6 - HandId: #4618067592504934401-22-1773060762 - Holdem no limit (50/100) - 2026/03/09 12:52:42 UTC
Table: 'Expresso Nitro(1075227650)#0' 3-max (real money) Seat #2 is the button
Seat 2: MathisKcr (480)
Seat 3: Rickie02 (420)
*** ANTE/BLINDS ***
MathisKcr posts small blind 50
Rickie02 posts big blind 100
Dealt to MathisKcr [6h Kh]
*** PRE-FLOP *** 
MathisKcr raises 380 to 480 and is all-in
Rickie02 calls 320 and is all-in
*** FLOP *** [8d 2c Jd]
*** TURN *** [8d 2c Jd][2d]
*** RIVER *** [8d 2c Jd 2d][8s]
*** SHOW DOWN ***
Rickie02 shows [Qs 3s] (Two pairs : 8 and 2)
MathisKcr shows [6h Kh] (Two pairs : 8 and 2)
MathisKcr collected 900 from pot
*** SUMMARY ***
Total pot 900 | No rake
Board: [8d 2c Jd 2d 8s]
Seat 2: MathisKcr (small blind) (button) showed [6h Kh] and won 900 with Two pairs : 8 and 2
Seat 3: Rickie02 (big blind) showed [Qs 3s] and lost with Two pairs : 8 and 2


