Winamax Poker - Tournament "Expresso Nitro" buyIn: 0.46€ + 0.04€ level: 1 - HandId: #4540872968472887297-1-1770194442 - Holdem no limit (10/20) - 2026/02/04 08:40:42 UTC
Table: 'Expresso Nitro(1057254376)#0' 3-max (real money) Seat #1 is the button
Seat 1: MathisKcr (300)
Seat 2: Ninja-Okay2 (300)
Seat 3: BaToSHirO (300)
*** ANTE/BLINDS ***
Ninja-Okay2 posts small blind 10
BaToSHirO posts big blind 20
Dealt to MathisKcr [6c 4s]
*** PRE-FLOP *** 
MathisKcr folds
Ninja-Okay2 calls 10
BaToSHirO checks
*** FLOP *** [7h 4h Kd]
Ninja-Okay2 checks
BaToSHirO checks
*** TURN *** [7h 4h Kd][2h]
Ninja-Okay2 checks
BaToSHirO bets 280 and is all-in
Ninja-Okay2 calls 280 and is all-in
*** RIVER *** [7h 4h Kd 2h][5s]
*** SHOW DOWN ***
Ninja-Okay2 shows [Ac 9s] (High card : Ace)
BaToSHirO shows [7s Jd] (One pair : 7)
BaToSHirO collected 600 from pot
*** SUMMARY ***
Total pot 600 | No rake
Board: [7h 4h Kd 2h 5s]
Seat 2: Ninja-Okay2 (small blind) showed [Ac 9s] and lost with High card : Ace
Seat 3: BaToSHirO (big blind) showed [7s Jd] and won 600 with One pair : 7


Winamax Poker - Tournament "Expresso Nitro" buyIn: 0.46€ + 0.04€ level: 1 - HandId: #4540872968472887297-2-1770194491 - Holdem no limit (10/20) - 2026/02/04 08:41:31 UTC
Table: 'Expresso Nitro(1057254376)#0' 3-max (real money) Seat #3 is the button
Seat 1: MathisKcr (300)
Seat 3: BaToSHirO (600)
*** ANTE/BLINDS ***
BaToSHirO posts small blind 10
MathisKcr posts big blind 20
Dealt to MathisKcr [8s 9c]
*** PRE-FLOP *** 
BaToSHirO calls 10
MathisKcr checks
*** FLOP *** [Tc 9h Qs]
MathisKcr bets 280 and is all-in
BaToSHirO folds
MathisKcr collected 320 from pot
*** SUMMARY ***
Total pot 320 | No rake
Board: [Tc 9h Qs]
Seat 1: MathisKcr (big blind) won 320


Winamax Poker - Tournament "Expresso Nitro" buyIn: 0.46€ + 0.04€ level: 2 - HandId: #4540872968472887297-3-1770194518 - Holdem no limit (15/30) - 2026/02/04 08:41:58 UTC
Table: 'Expresso Nitro(1057254376)#0' 3-max (real money) Seat #1 is the button
Seat 1: MathisKcr (320)
Seat 3: BaToSHirO (580)
*** ANTE/BLINDS ***
MathisKcr posts small blind 15
BaToSHirO posts big blind 30
Dealt to MathisKcr [6d Ah]
*** PRE-FLOP *** 
MathisKcr raises 290 to 320 and is all-in
BaToSHirO folds
MathisKcr collected 350 from pot
*** SUMMARY ***
Total pot 350 | No rake
Seat 1: MathisKcr (small blind) (button) won 350


Winamax Poker - Tournament "Expresso Nitro" buyIn: 0.46€ + 0.04€ level: 2 - HandId: #4540872968472887297-4-1770194543 - Holdem no limit (15/30) - 2026/02/04 08:42:23 UTC
Table: 'Expresso Nitro(1057254376)#0' 3-max (real money) Seat #3 is the button
Seat 1: MathisKcr (350)
Seat 3: BaToSHirO (550)
*** ANTE/BLINDS ***
BaToSHirO posts small blind 15
MathisKcr posts big blind 30
Dealt to MathisKcr [4h 2c]
*** PRE-FLOP *** 
BaToSHirO calls 15
MathisKcr checks
*** FLOP *** [5s 2s Ts]
MathisKcr bets 105
BaToSHirO folds
MathisKcr collected 165 from pot
*** SUMMARY ***
Total pot 165 | No rake
Board: [5s 2s Ts]
Seat 1: MathisKcr (big blind) won 165


Winamax Poker - Tournament "Expresso Nitro" buyIn: 0.46€ + 0.04€ level: 3 - HandId: #4540872968472887297-5-1770194568 - Holdem no limit (20/40) - 2026/02/04 08:42:48 UTC
Table: 'Expresso Nitro(1057254376)#0' 3-max (real money) Seat #1 is the button
Seat 1: MathisKcr (380)
Seat 3: BaToSHirO (520)
*** ANTE/BLINDS ***
MathisKcr posts small blind 20
BaToSHirO posts big blind 40
Dealt to MathisKcr [Ad Kd]
*** PRE-FLOP *** 
MathisKcr raises 40 to 80
BaToSHirO folds
MathisKcr collected 120 from pot
*** SUMMARY ***
Total pot 120 | No rake
Seat 1: MathisKcr (small blind) (button) won 120


Winamax Poker - Tournament "Expresso Nitro" buyIn: 0.46€ + 0.04€ level: 3 - HandId: #4540872968472887297-6-1770194575 - Holdem no limit (20/40) - 2026/02/04 08:42:55 UTC
Table: 'Expresso Nitro(1057254376)#0' 3-max (real money) Seat #3 is the button
Seat 1: MathisKcr (420)
Seat 3: BaToSHirO (480)
*** ANTE/BLINDS ***
BaToSHirO posts small blind 20
MathisKcr posts big blind 40
Dealt to MathisKcr [5s 8h]
*** PRE-FLOP *** 
BaToSHirO folds
MathisKcr collected 60 from pot
*** SUMMARY ***
Total pot 60 | No rake
Seat 1: MathisKcr (big blind) won 60


Winamax Poker - Tournament "Expresso Nitro" buyIn: 0.46€ + 0.04€ level: 3 - HandId: #4540872968472887297-7-1770194589 - Holdem no limit (20/40) - 2026/02/04 08:43:09 UTC
Table: 'Expresso Nitro(1057254376)#0' 3-max (real money) Seat #1 is the button
Seat 1: MathisKcr (440)
Seat 3: BaToSHirO (460)
*** ANTE/BLINDS ***
MathisKcr posts small blind 20
BaToSHirO posts big blind 40
Dealt to MathisKcr [4c Ac]
*** PRE-FLOP *** 
MathisKcr raises 400 to 440 and is all-in
BaToSHirO folds
MathisKcr collected 480 from pot
*** SUMMARY ***
Total pot 480 | No rake
Seat 1: MathisKcr (small blind) (button) won 480


Winamax Poker - Tournament "Expresso Nitro" buyIn: 0.46€ + 0.04€ level: 3 - HandId: #4540872968472887297-8-1770194609 - Holdem no limit (20/40) - 2026/02/04 08:43:29 UTC
Table: 'Expresso Nitro(1057254376)#0' 3-max (real money) Seat #3 is the button
Seat 1: MathisKcr (480)
Seat 3: BaToSHirO (420)
*** ANTE/BLINDS ***
BaToSHirO posts small blind 20
MathisKcr posts big blind 40
Dealt to MathisKcr [8c Ks]
*** PRE-FLOP *** 
BaToSHirO raises 380 to 420 and is all-in
MathisKcr calls 380
*** FLOP *** [As Ah Th]
*** TURN *** [As Ah Th][5h]
*** RIVER *** [As Ah Th 5h][Qc]
*** SHOW DOWN ***
MathisKcr shows [8c Ks] (One pair : Aces)
BaToSHirO shows [Qh 8h] (Flush Ace high)
BaToSHirO collected 840 from pot
*** SUMMARY ***
Total pot 840 | No rake
Board: [As Ah Th 5h Qc]
Seat 1: MathisKcr (big blind) showed [8c Ks] and lost with One pair : Aces
Seat 3: BaToSHirO (small blind) (button) showed [Qh 8h] and won 840 with Flush Ace high


Winamax Poker - Tournament "Expresso Nitro" buyIn: 0.46€ + 0.04€ level: 4 - HandId: #4540872968472887297-9-1770194621 - Holdem no limit (30/60) - 2026/02/04 08:43:41 UTC
Table: 'Expresso Nitro(1057254376)#0' 3-max (real money) Seat #1 is the button
Seat 1: MathisKcr (60)
Seat 3: BaToSHirO (840)
*** ANTE/BLINDS ***
MathisKcr posts small blind 30
BaToSHirO posts big blind 60
Dealt to MathisKcr [Qh Kh]
*** PRE-FLOP *** 
MathisKcr calls 30 and is all-in
*** FLOP *** [5d 2c 4c]
*** TURN *** [5d 2c 4c][Qs]
*** RIVER *** [5d 2c 4c Qs][Jd]
*** SHOW DOWN ***
BaToSHirO shows [Ac Ts] (High card : Ace)
MathisKcr shows [Qh Kh] (One pair : Queens)
MathisKcr collected 120 from pot
*** SUMMARY ***
Total pot 120 | No rake
Board: [5d 2c 4c Qs Jd]
Seat 1: MathisKcr (small blind) (button) showed [Qh Kh] and won 120 with One pair : Queens
Seat 3: BaToSHirO (big blind) showed [Ac Ts] and lost with High card : Ace


Winamax Poker - Tournament "Expresso Nitro" buyIn: 0.46€ + 0.04€ level: 4 - HandId: #4540872968472887297-10-1770194631 - Holdem no limit (30/60) - 2026/02/04 08:43:51 UTC
Table: 'Expresso Nitro(1057254376)#0' 3-max (real money) Seat #3 is the button
Seat 1: MathisKcr (120)
Seat 3: BaToSHirO (780)
*** ANTE/BLINDS ***
BaToSHirO posts small blind 30
MathisKcr posts big blind 60
Dealt to MathisKcr [4d 2s]
*** PRE-FLOP *** 
BaToSHirO folds
MathisKcr collected 90 from pot
*** SUMMARY ***
Total pot 90 | No rake
Seat 1: MathisKcr (big blind) won 90


Winamax Poker - Tournament "Expresso Nitro" buyIn: 0.46€ + 0.04€ level: 4 - HandId: #4540872968472887297-11-1770194645 - Holdem no limit (30/60) - 2026/02/04 08:44:05 UTC
Table: 'Expresso Nitro(1057254376)#0' 3-max (real money) Seat #1 is the button
Seat 1: MathisKcr (150)
Seat 3: BaToSHirO (750)
*** ANTE/BLINDS ***
MathisKcr posts small blind 30
BaToSHirO posts big blind 60
Dealt to MathisKcr [4h 9h]
*** PRE-FLOP *** 
MathisKcr raises 90 to 150 and is all-in
BaToSHirO calls 90
*** FLOP *** [2c 5d 4d]
*** TURN *** [2c 5d 4d][7s]
*** RIVER *** [2c 5d 4d 7s][7d]
*** SHOW DOWN ***
BaToSHirO shows [Jc Th] (One pair : 7)
MathisKcr shows [4h 9h] (Two pairs : 7 and 4)
MathisKcr collected 300 from pot
*** SUMMARY ***
Total pot 300 | No rake
Board: [2c 5d 4d 7s 7d]
Seat 1: MathisKcr (small blind) (button) showed [4h 9h] and won 300 with Two pairs : 7 and 4
Seat 3: BaToSHirO (big blind) showed [Jc Th] and lost with One pair : 7


Winamax Poker - Tournament "Expresso Nitro" buyIn: 0.46€ + 0.04€ level: 4 - HandId: #4540872968472887297-12-1770194663 - Holdem no limit (30/60) - 2026/02/04 08:44:23 UTC
Table: 'Expresso Nitro(1057254376)#0' 3-max (real money) Seat #3 is the button
Seat 1: MathisKcr (300)
Seat 3: BaToSHirO (600)
*** ANTE/BLINDS ***
BaToSHirO posts small blind 30
MathisKcr posts big blind 60
Dealt to MathisKcr [Ac 6h]
*** PRE-FLOP *** 
BaToSHirO raises 540 to 600 and is all-in
MathisKcr calls 240 and is all-in
*** FLOP *** [Js 7d Qs]
*** TURN *** [Js 7d Qs][3h]
*** RIVER *** [Js 7d Qs 3h][5h]
*** SHOW DOWN ***
MathisKcr shows [Ac 6h] (High card : Ace)
BaToSHirO shows [5s Jd] (Two pairs : Jacks and 5)
BaToSHirO collected 900 from pot
*** SUMMARY ***
Total pot 900 | No rake
Board: [Js 7d Qs 3h 5h]
Seat 1: MathisKcr (big blind) showed [Ac 6h] and lost with High card : Ace
Seat 3: BaToSHirO (small blind) (button) showed [5s Jd] and won 900 with Two pairs : Jacks and 5


