Winamax Poker - Tournament "Expresso Nitro" buyIn: 9.30€ + 0.70€ level: 1 - HandId: #4494476433933991937-1-1768309706 - Holdem no limit (10/20) - 2026/01/13 13:08:26 UTC
Table: 'Expresso Nitro(1046451841)#0' 3-max (real money) Seat #3 is the button
Seat 1: delpyshg (300)
Seat 2: AriGoldwmx (300)
Seat 3: MathisKcr (300)
*** ANTE/BLINDS ***
delpyshg posts small blind 10
AriGoldwmx posts big blind 20
Dealt to MathisKcr [Th Td]
*** PRE-FLOP *** 
MathisKcr raises 280 to 300 and is all-in
delpyshg folds
AriGoldwmx folds
MathisKcr collected 330 from pot
*** SUMMARY ***
Total pot 330 | No rake
Seat 3: MathisKcr (button) won 330


Winamax Poker - Tournament "Expresso Nitro" buyIn: 9.30€ + 0.70€ level: 1 - HandId: #4494476433933991937-2-1768309719 - Holdem no limit (10/20) - 2026/01/13 13:08:39 UTC
Table: 'Expresso Nitro(1046451841)#0' 3-max (real money) Seat #1 is the button
Seat 1: delpyshg (290)
Seat 2: AriGoldwmx (280)
Seat 3: MathisKcr (330)
*** ANTE/BLINDS ***
AriGoldwmx posts small blind 10
MathisKcr posts big blind 20
Dealt to MathisKcr [9h 2h]
*** PRE-FLOP *** 
delpyshg calls 20
AriGoldwmx raises 260 to 280 and is all-in
MathisKcr folds
delpyshg calls 260
*** FLOP *** [Kc 2d Jd]
*** TURN *** [Kc 2d Jd][5h]
*** RIVER *** [Kc 2d Jd 5h][8c]
*** SHOW DOWN ***
AriGoldwmx shows [Qc As] (High card : Ace)
delpyshg shows [8d Ad] (One pair : 8)
delpyshg collected 580 from pot
*** SUMMARY ***
Total pot 580 | No rake
Board: [Kc 2d Jd 5h 8c]
Seat 1: delpyshg (button) showed [8d Ad] and won 580 with One pair : 8
Seat 2: AriGoldwmx (small blind) showed [Qc As] and lost with High card : Ace


Winamax Poker - Tournament "Expresso Nitro" buyIn: 9.30€ + 0.70€ level: 1 - HandId: #4494476433933991937-3-1768309738 - Holdem no limit (10/20) - 2026/01/13 13:08:58 UTC
Table: 'Expresso Nitro(1046451841)#0' 3-max (real money) Seat #3 is the button
Seat 1: delpyshg (590)
Seat 3: MathisKcr (310)
*** ANTE/BLINDS ***
MathisKcr posts small blind 10
delpyshg posts big blind 20
Dealt to MathisKcr [3d 2h]
*** PRE-FLOP *** 
MathisKcr folds
delpyshg collected 30 from pot
*** SUMMARY ***
Total pot 30 | No rake
Seat 1: delpyshg (big blind) won 30


Winamax Poker - Tournament "Expresso Nitro" buyIn: 9.30€ + 0.70€ level: 1 - HandId: #4494476433933991937-4-1768309745 - Holdem no limit (10/20) - 2026/01/13 13:09:05 UTC
Table: 'Expresso Nitro(1046451841)#0' 3-max (real money) Seat #1 is the button
Seat 1: delpyshg (600)
Seat 3: MathisKcr (300)
*** ANTE/BLINDS ***
delpyshg posts small blind 10
MathisKcr posts big blind 20
Dealt to MathisKcr [Js Ts]
*** PRE-FLOP *** 
delpyshg calls 10
MathisKcr raises 40 to 60
delpyshg calls 40
*** FLOP *** [Qs Jd 5h]
MathisKcr bets 60
delpyshg folds
MathisKcr collected 180 from pot
*** SUMMARY ***
Total pot 180 | No rake
Board: [Qs Jd 5h]
Seat 3: MathisKcr (big blind) won 180


Winamax Poker - Tournament "Expresso Nitro" buyIn: 9.30€ + 0.70€ level: 1 - HandId: #4494476433933991937-5-1768309762 - Holdem no limit (10/20) - 2026/01/13 13:09:22 UTC
Table: 'Expresso Nitro(1046451841)#0' 3-max (real money) Seat #3 is the button
Seat 1: delpyshg (540)
Seat 3: MathisKcr (360)
*** ANTE/BLINDS ***
MathisKcr posts small blind 10
delpyshg posts big blind 20
Dealt to MathisKcr [Ah Js]
*** PRE-FLOP *** 
MathisKcr raises 20 to 40
delpyshg calls 20
*** FLOP *** [Qh 4c 2c]
delpyshg bets 80
MathisKcr folds
delpyshg collected 160 from pot
*** SUMMARY ***
Total pot 160 | No rake
Board: [Qh 4c 2c]
Seat 1: delpyshg (big blind) won 160


Winamax Poker - Tournament "Expresso Nitro" buyIn: 9.30€ + 0.70€ level: 2 - HandId: #4494476433933991937-6-1768309776 - Holdem no limit (15/30) - 2026/01/13 13:09:36 UTC
Table: 'Expresso Nitro(1046451841)#0' 3-max (real money) Seat #1 is the button
Seat 1: delpyshg (580)
Seat 3: MathisKcr (320)
*** ANTE/BLINDS ***
delpyshg posts small blind 15
MathisKcr posts big blind 30
Dealt to MathisKcr [Tc 9c]
*** PRE-FLOP *** 
delpyshg folds
MathisKcr collected 45 from pot
*** SUMMARY ***
Total pot 45 | No rake
Seat 3: MathisKcr (big blind) won 45


Winamax Poker - Tournament "Expresso Nitro" buyIn: 9.30€ + 0.70€ level: 2 - HandId: #4494476433933991937-7-1768309783 - Holdem no limit (15/30) - 2026/01/13 13:09:43 UTC
Table: 'Expresso Nitro(1046451841)#0' 3-max (real money) Seat #3 is the button
Seat 1: delpyshg (565)
Seat 3: MathisKcr (335)
*** ANTE/BLINDS ***
MathisKcr posts small blind 15
delpyshg posts big blind 30
Dealt to MathisKcr [Qd 2h]
*** PRE-FLOP *** 
MathisKcr raises 30 to 60
delpyshg raises 90 to 150
MathisKcr folds
delpyshg collected 210 from pot
*** SUMMARY ***
Total pot 210 | No rake
Seat 1: delpyshg (big blind) won 210


Winamax Poker - Tournament "Expresso Nitro" buyIn: 9.30€ + 0.70€ level: 2 - HandId: #4494476433933991937-8-1768309793 - Holdem no limit (15/30) - 2026/01/13 13:09:53 UTC
Table: 'Expresso Nitro(1046451841)#0' 3-max (real money) Seat #1 is the button
Seat 1: delpyshg (625)
Seat 3: MathisKcr (275)
*** ANTE/BLINDS ***
delpyshg posts small blind 15
MathisKcr posts big blind 30
Dealt to MathisKcr [Ts Ah]
*** PRE-FLOP *** 
delpyshg raises 30 to 60
MathisKcr raises 215 to 275 and is all-in
delpyshg calls 215
*** FLOP *** [Jc Tc Js]
*** TURN *** [Jc Tc Js][Qh]
*** RIVER *** [Jc Tc Js Qh][5d]
*** SHOW DOWN ***
MathisKcr shows [Ts Ah] (Two pairs : Jacks and Tens)
delpyshg shows [Jh 3s] (Trips of Jacks)
delpyshg collected 550 from pot
*** SUMMARY ***
Total pot 550 | No rake
Board: [Jc Tc Js Qh 5d]
Seat 1: delpyshg (small blind) (button) showed [Jh 3s] and won 550 with Trips of Jacks
Seat 3: MathisKcr (big blind) showed [Ts Ah] and lost with Two pairs : Jacks and Tens


