Winamax Poker - Tournament "Expresso Nitro" buyIn: 0.93€ + 0.07€ level: 1 - HandId: #4653409997915422721-1-1774201050 - Holdem no limit (10/20) - 2026/03/22 17:37:30 UTC
Table: 'Expresso Nitro(1083456445)#0' 3-max (real money) Seat #1 is the button
Seat 1: MathisKcr (300)
Seat 2: Bosonaldo95 (300)
Seat 3: T-reg (300)
*** ANTE/BLINDS ***
Bosonaldo95 posts small blind 10
T-reg posts big blind 20
Dealt to MathisKcr [4h Kd]
*** PRE-FLOP *** 
MathisKcr raises 40 to 60
Bosonaldo95 calls 50
T-reg calls 40
*** FLOP *** [8d Jc 2c]
Bosonaldo95 bets 240 and is all-in
T-reg folds
MathisKcr folds
Bosonaldo95 collected 420 from pot
*** SUMMARY ***
Total pot 420 | No rake
Board: [8d Jc 2c]
Seat 2: Bosonaldo95 (small blind) won 420


Winamax Poker - Tournament "Expresso Nitro" buyIn: 0.93€ + 0.07€ level: 1 - HandId: #4653409997915422721-2-1774201073 - Holdem no limit (10/20) - 2026/03/22 17:37:53 UTC
Table: 'Expresso Nitro(1083456445)#0' 3-max (real money) Seat #2 is the button
Seat 1: MathisKcr (240)
Seat 2: Bosonaldo95 (420)
Seat 3: T-reg (240)
*** ANTE/BLINDS ***
T-reg posts small blind 10
MathisKcr posts big blind 20
Dealt to MathisKcr [Ts 7c]
*** PRE-FLOP *** 
Bosonaldo95 calls 20
T-reg folds
MathisKcr checks
*** FLOP *** [5c 2c 4c]
MathisKcr bets 50
Bosonaldo95 calls 50
*** TURN *** [5c 2c 4c][Tc]
MathisKcr bets 170 and is all-in
Bosonaldo95 calls 170
*** RIVER *** [5c 2c 4c Tc][6c]
*** SHOW DOWN ***
MathisKcr shows [Ts 7c] (Flush Ten high)
Bosonaldo95 shows [Ac 8d] (Flush Ace high)
Bosonaldo95 collected 490 from pot
*** SUMMARY ***
Total pot 490 | No rake
Board: [5c 2c 4c Tc 6c]
Seat 1: MathisKcr (big blind) showed [Ts 7c] and lost with Flush Ten high
Seat 2: Bosonaldo95 (button) showed [Ac 8d] and won 490 with Flush Ace high


