Winamax Poker - Tournament "Expresso Nitro" buyIn: 0.93€ + 0.07€ level: 1 - HandId: #4669995254647095297-1-1774858105 - Holdem no limit (10/20) - 2026/03/30 08:08:25 UTC
Table: 'Expresso Nitro(1087318001)#0' 3-max (real money) Seat #2 is the button
Seat 1: mael.pllss (300)
Seat 2: MathisKcr (300)
Seat 3: Monsim15 (300)
*** ANTE/BLINDS ***
Monsim15 posts small blind 10
mael.pllss posts big blind 20
Dealt to MathisKcr [6h 8s]
*** PRE-FLOP *** 
MathisKcr folds
Monsim15 calls 10
mael.pllss raises 30 to 50
Monsim15 calls 30
*** FLOP *** [Ad As Jh]
Monsim15 checks
mael.pllss bets 65
Monsim15 calls 65
*** TURN *** [Ad As Jh][8d]
Monsim15 checks
mael.pllss bets 20
Monsim15 calls 20
*** RIVER *** [Ad As Jh 8d][9d]
Monsim15 checks
mael.pllss bets 20
Monsim15 calls 20
*** SHOW DOWN ***
Monsim15 shows [Js 9h] (Two pairs : Aces and Jacks)
mael.pllss shows [Jc Ks] (Two pairs : Aces and Jacks)
mael.pllss collected 310 from pot
*** SUMMARY ***
Total pot 310 | No rake
Board: [Ad As Jh 8d 9d]
Seat 1: mael.pllss (big blind) showed [Jc Ks] and won 310 with Two pairs : Aces and Jacks
Seat 3: Monsim15 (small blind) showed [Js 9h] and lost with Two pairs : Aces and Jacks


Winamax Poker - Tournament "Expresso Nitro" buyIn: 0.93€ + 0.07€ level: 1 - HandId: #4669995254647095297-2-1774858129 - Holdem no limit (10/20) - 2026/03/30 08:08:49 UTC
Table: 'Expresso Nitro(1087318001)#0' 3-max (real money) Seat #3 is the button
Seat 1: mael.pllss (455)
Seat 2: MathisKcr (300)
Seat 3: Monsim15 (145)
*** ANTE/BLINDS ***
mael.pllss posts small blind 10
MathisKcr posts big blind 20
Dealt to MathisKcr [Qd Kc]
*** PRE-FLOP *** 
Monsim15 folds
mael.pllss calls 10
MathisKcr raises 280 to 300 and is all-in
mael.pllss folds
MathisKcr collected 320 from pot
*** SUMMARY ***
Total pot 320 | No rake
Seat 2: MathisKcr (big blind) won 320


Winamax Poker - Tournament "Expresso Nitro" buyIn: 0.93€ + 0.07€ level: 1 - HandId: #4669995254647095297-3-1774858142 - Holdem no limit (10/20) - 2026/03/30 08:09:02 UTC
Table: 'Expresso Nitro(1087318001)#0' 3-max (real money) Seat #1 is the button
Seat 1: mael.pllss (435)
Seat 2: MathisKcr (320)
Seat 3: Monsim15 (145)
*** ANTE/BLINDS ***
MathisKcr posts small blind 10
Monsim15 posts big blind 20
Dealt to MathisKcr [Td Ah]
*** PRE-FLOP *** 
mael.pllss folds
MathisKcr raises 300 to 320 and is all-in
Monsim15 folds
MathisKcr collected 340 from pot
*** SUMMARY ***
Total pot 340 | No rake
Seat 2: MathisKcr (small blind) won 340


Winamax Poker - Tournament "Expresso Nitro" buyIn: 0.93€ + 0.07€ level: 1 - HandId: #4669995254647095297-4-1774858151 - Holdem no limit (10/20) - 2026/03/30 08:09:11 UTC
Table: 'Expresso Nitro(1087318001)#0' 3-max (real money) Seat #2 is the button
Seat 1: mael.pllss (435)
Seat 2: MathisKcr (340)
Seat 3: Monsim15 (125)
*** ANTE/BLINDS ***
Monsim15 posts small blind 10
mael.pllss posts big blind 20
Dealt to MathisKcr [9d Qs]
*** PRE-FLOP *** 
MathisKcr raises 20 to 40
Monsim15 calls 30
mael.pllss calls 20
*** FLOP *** [4h 2s Jd]
Monsim15 bets 85 and is all-in
mael.pllss folds
MathisKcr folds
Monsim15 collected 205 from pot
*** SUMMARY ***
Total pot 205 | No rake
Board: [4h 2s Jd]
Seat 3: Monsim15 (small blind) won 205


Winamax Poker - Tournament "Expresso Nitro" buyIn: 0.93€ + 0.07€ level: 2 - HandId: #4669995254647095297-5-1774858168 - Holdem no limit (15/30) - 2026/03/30 08:09:28 UTC
Table: 'Expresso Nitro(1087318001)#0' 3-max (real money) Seat #3 is the button
Seat 1: mael.pllss (395)
Seat 2: MathisKcr (300)
Seat 3: Monsim15 (205)
*** ANTE/BLINDS ***
mael.pllss posts small blind 15
MathisKcr posts big blind 30
Dealt to MathisKcr [Ad Jc]
*** PRE-FLOP *** 
Monsim15 folds
mael.pllss calls 15
MathisKcr raises 270 to 300 and is all-in
mael.pllss folds
MathisKcr collected 330 from pot
*** SUMMARY ***
Total pot 330 | No rake
Seat 2: MathisKcr (big blind) won 330


Winamax Poker - Tournament "Expresso Nitro" buyIn: 0.93€ + 0.07€ level: 2 - HandId: #4669995254647095297-6-1774858183 - Holdem no limit (15/30) - 2026/03/30 08:09:43 UTC
Table: 'Expresso Nitro(1087318001)#0' 3-max (real money) Seat #1 is the button
Seat 1: mael.pllss (365)
Seat 2: MathisKcr (330)
Seat 3: Monsim15 (205)
*** ANTE/BLINDS ***
MathisKcr posts small blind 15
Monsim15 posts big blind 30
Dealt to MathisKcr [Kd Th]
*** PRE-FLOP *** 
mael.pllss calls 30
MathisKcr raises 300 to 330 and is all-in
Monsim15 folds
mael.pllss calls 300
*** FLOP *** [Ts 7c 2d]
*** TURN *** [Ts 7c 2d][9d]
*** RIVER *** [Ts 7c 2d 9d][4h]
*** SHOW DOWN ***
mael.pllss shows [6c 6h] (One pair : 6)
MathisKcr shows [Kd Th] (One pair : Tens)
MathisKcr collected 690 from pot
*** SUMMARY ***
Total pot 690 | No rake
Board: [Ts 7c 2d 9d 4h]
Seat 1: mael.pllss (button) showed [6c 6h] and lost with One pair : 6
Seat 2: MathisKcr (small blind) showed [Kd Th] and won 690 with One pair : Tens


Winamax Poker - Tournament "Expresso Nitro" buyIn: 0.93€ + 0.07€ level: 2 - HandId: #4669995254647095297-7-1774858198 - Holdem no limit (15/30) - 2026/03/30 08:09:58 UTC
Table: 'Expresso Nitro(1087318001)#0' 3-max (real money) Seat #2 is the button
Seat 1: mael.pllss (35)
Seat 2: MathisKcr (690)
Seat 3: Monsim15 (175)
*** ANTE/BLINDS ***
Monsim15 posts small blind 15
mael.pllss posts big blind 30
Dealt to MathisKcr [5h 6s]
*** PRE-FLOP *** 
MathisKcr folds
Monsim15 raises 145 to 175 and is all-in
mael.pllss calls 5 and is all-in
*** FLOP *** [5d 3s As]
*** TURN *** [5d 3s As][6d]
*** RIVER *** [5d 3s As 6d][Ks]
*** SHOW DOWN ***
mael.pllss shows [4d Ad] (One pair : Aces)
Monsim15 shows [Qd Th] (High card : Ace)
Monsim15 collected 140 from side pot 1
mael.pllss collected 70 from main pot
*** SUMMARY ***
Total pot 210 | No rake
Board: [5d 3s As 6d Ks]
Seat 1: mael.pllss (big blind) showed [4d Ad] and won 70 with One pair : Aces
Seat 3: Monsim15 (small blind) showed [Qd Th] and won 140 with High card : Ace


Winamax Poker - Tournament "Expresso Nitro" buyIn: 0.93€ + 0.07€ level: 2 - HandId: #4669995254647095297-8-1774858212 - Holdem no limit (15/30) - 2026/03/30 08:10:12 UTC
Table: 'Expresso Nitro(1087318001)#0' 3-max (real money) Seat #3 is the button
Seat 1: mael.pllss (70)
Seat 2: MathisKcr (690)
Seat 3: Monsim15 (140)
*** ANTE/BLINDS ***
mael.pllss posts small blind 15
MathisKcr posts big blind 30
Dealt to MathisKcr [2d 3h]
*** PRE-FLOP *** 
Monsim15 calls 30
mael.pllss calls 15
MathisKcr checks
*** FLOP *** [6s 7d Qh]
mael.pllss checks
MathisKcr checks
Monsim15 bets 30
mael.pllss folds
MathisKcr folds
Monsim15 collected 120 from pot
*** SUMMARY ***
Total pot 120 | No rake
Board: [6s 7d Qh]
Seat 3: Monsim15 (button) won 120


Winamax Poker - Tournament "Expresso Nitro" buyIn: 0.93€ + 0.07€ level: 3 - HandId: #4669995254647095297-9-1774858242 - Holdem no limit (20/40) - 2026/03/30 08:10:42 UTC
Table: 'Expresso Nitro(1087318001)#0' 3-max (real money) Seat #1 is the button
Seat 1: mael.pllss (40)
Seat 2: MathisKcr (660)
Seat 3: Monsim15 (200)
*** ANTE/BLINDS ***
MathisKcr posts small blind 20
Monsim15 posts big blind 40
Dealt to MathisKcr [Kh As]
*** PRE-FLOP *** 
mael.pllss calls 40 and is all-in
MathisKcr raises 620 to 660 and is all-in
Monsim15 folds
*** FLOP *** [5d 6d 4c]
*** TURN *** [5d 6d 4c][8s]
*** RIVER *** [5d 6d 4c 8s][4s]
*** SHOW DOWN ***
mael.pllss shows [Kd Tc] (One pair : 4)
MathisKcr shows [Kh As] (One pair : 4)
MathisKcr collected 740 from pot
*** SUMMARY ***
Total pot 740 | No rake
Board: [5d 6d 4c 8s 4s]
Seat 1: mael.pllss (button) showed [Kd Tc] and lost with One pair : 4
Seat 2: MathisKcr (small blind) showed [Kh As] and won 740 with One pair : 4


Winamax Poker - Tournament "Expresso Nitro" buyIn: 0.93€ + 0.07€ level: 3 - HandId: #4669995254647095297-10-1774858263 - Holdem no limit (20/40) - 2026/03/30 08:11:03 UTC
Table: 'Expresso Nitro(1087318001)#0' 3-max (real money) Seat #3 is the button
Seat 2: MathisKcr (740)
Seat 3: Monsim15 (160)
*** ANTE/BLINDS ***
Monsim15 posts small blind 20
MathisKcr posts big blind 40
Dealt to MathisKcr [Ac 2h]
*** PRE-FLOP *** 
Monsim15 folds
MathisKcr collected 60 from pot
*** SUMMARY ***
Total pot 60 | No rake
Seat 2: MathisKcr (big blind) won 60


Winamax Poker - Tournament "Expresso Nitro" buyIn: 0.93€ + 0.07€ level: 3 - HandId: #4669995254647095297-11-1774858269 - Holdem no limit (20/40) - 2026/03/30 08:11:09 UTC
Table: 'Expresso Nitro(1087318001)#0' 3-max (real money) Seat #2 is the button
Seat 2: MathisKcr (760)
Seat 3: Monsim15 (140)
*** ANTE/BLINDS ***
MathisKcr posts small blind 20
Monsim15 posts big blind 40
Dealt to MathisKcr [Th 6d]
*** PRE-FLOP *** 
MathisKcr folds
Monsim15 collected 60 from pot
*** SUMMARY ***
Total pot 60 | No rake
Seat 3: Monsim15 (big blind) won 60


Winamax Poker - Tournament "Expresso Nitro" buyIn: 0.93€ + 0.07€ level: 3 - HandId: #4669995254647095297-12-1774858273 - Holdem no limit (20/40) - 2026/03/30 08:11:13 UTC
Table: 'Expresso Nitro(1087318001)#0' 3-max (real money) Seat #3 is the button
Seat 2: MathisKcr (740)
Seat 3: Monsim15 (160)
*** ANTE/BLINDS ***
Monsim15 posts small blind 20
MathisKcr posts big blind 40
Dealt to MathisKcr [Ad 8d]
*** PRE-FLOP *** 
Monsim15 calls 20
MathisKcr raises 700 to 740 and is all-in
Monsim15 calls 120 and is all-in
*** FLOP *** [Qs 3c 4s]
*** TURN *** [Qs 3c 4s][9d]
*** RIVER *** [Qs 3c 4s 9d][Ts]
*** SHOW DOWN ***
MathisKcr shows [Ad 8d] (High card : Ace)
Monsim15 shows [9s 8s] (Flush Queen high)
Monsim15 collected 320 from main pot
MathisKcr collected 580 from side pot 1
*** SUMMARY ***
Total pot 900 | No rake
Board: [Qs 3c 4s 9d Ts]
Seat 2: MathisKcr (big blind) showed [Ad 8d] and won 580 with High card : Ace
Seat 3: Monsim15 (small blind) (button) showed [9s 8s] and won 320 with Flush Queen high


Winamax Poker - Tournament "Expresso Nitro" buyIn: 0.93€ + 0.07€ level: 4 - HandId: #4669995254647095297-13-1774858291 - Holdem no limit (30/60) - 2026/03/30 08:11:31 UTC
Table: 'Expresso Nitro(1087318001)#0' 3-max (real money) Seat #2 is the button
Seat 2: MathisKcr (580)
Seat 3: Monsim15 (320)
*** ANTE/BLINDS ***
MathisKcr posts small blind 30
Monsim15 posts big blind 60
Dealt to MathisKcr [Tc Td]
*** PRE-FLOP *** 
MathisKcr raises 520 to 580 and is all-in
Monsim15 folds
MathisKcr collected 640 from pot
*** SUMMARY ***
Total pot 640 | No rake
Seat 2: MathisKcr (small blind) (button) won 640


Winamax Poker - Tournament "Expresso Nitro" buyIn: 0.93€ + 0.07€ level: 4 - HandId: #4669995254647095297-14-1774858298 - Holdem no limit (30/60) - 2026/03/30 08:11:38 UTC
Table: 'Expresso Nitro(1087318001)#0' 3-max (real money) Seat #3 is the button
Seat 2: MathisKcr (640)
Seat 3: Monsim15 (260)
*** ANTE/BLINDS ***
Monsim15 posts small blind 30
MathisKcr posts big blind 60
Dealt to MathisKcr [4d 9c]
*** PRE-FLOP *** 
Monsim15 folds
MathisKcr collected 90 from pot
*** SUMMARY ***
Total pot 90 | No rake
Seat 2: MathisKcr (big blind) won 90


Winamax Poker - Tournament "Expresso Nitro" buyIn: 0.93€ + 0.07€ level: 4 - HandId: #4669995254647095297-15-1774858306 - Holdem no limit (30/60) - 2026/03/30 08:11:46 UTC
Table: 'Expresso Nitro(1087318001)#0' 3-max (real money) Seat #2 is the button
Seat 2: MathisKcr (670)
Seat 3: Monsim15 (230)
*** ANTE/BLINDS ***
MathisKcr posts small blind 30
Monsim15 posts big blind 60
Dealt to MathisKcr [5s 2s]
*** PRE-FLOP *** 
MathisKcr folds
Monsim15 collected 90 from pot
*** SUMMARY ***
Total pot 90 | No rake
Seat 3: Monsim15 (big blind) won 90


Winamax Poker - Tournament "Expresso Nitro" buyIn: 0.93€ + 0.07€ level: 4 - HandId: #4669995254647095297-16-1774858313 - Holdem no limit (30/60) - 2026/03/30 08:11:53 UTC
Table: 'Expresso Nitro(1087318001)#0' 3-max (real money) Seat #3 is the button
Seat 2: MathisKcr (640)
Seat 3: Monsim15 (260)
*** ANTE/BLINDS ***
Monsim15 posts small blind 30
MathisKcr posts big blind 60
Dealt to MathisKcr [7c 3s]
*** PRE-FLOP *** 
Monsim15 calls 30
MathisKcr checks
*** FLOP *** [Jc 7h Qc]
MathisKcr bets 60
Monsim15 calls 60
*** TURN *** [Jc 7h Qc][Qh]
MathisKcr bets 120
Monsim15 calls 120
*** RIVER *** [Jc 7h Qc Qh][Ad]
MathisKcr checks
Monsim15 checks
*** SHOW DOWN ***
Monsim15 shows [2c 2s] (Two pairs : Queens and 2)
MathisKcr shows [7c 3s] (Two pairs : Queens and 7)
MathisKcr collected 480 from pot
*** SUMMARY ***
Total pot 480 | No rake
Board: [Jc 7h Qc Qh Ad]
Seat 2: MathisKcr (big blind) showed [7c 3s] and won 480 with Two pairs : Queens and 7
Seat 3: Monsim15 (small blind) (button) showed [2c 2s] and lost with Two pairs : Queens and 2


Winamax Poker - Tournament "Expresso Nitro" buyIn: 0.93€ + 0.07€ level: 4 - HandId: #4669995254647095297-17-1774858341 - Holdem no limit (30/60) - 2026/03/30 08:12:21 UTC
Table: 'Expresso Nitro(1087318001)#0' 3-max (real money) Seat #2 is the button
Seat 2: MathisKcr (880)
Seat 3: Monsim15 (20)
*** ANTE/BLINDS ***
MathisKcr posts small blind 30
Monsim15 posts big blind 20 and is all-in
Dealt to MathisKcr [Jc 3c]
*** PRE-FLOP *** 
*** FLOP *** [Js Jh Ac]
*** TURN *** [Js Jh Ac][7c]
*** RIVER *** [Js Jh Ac 7c][8h]
*** SHOW DOWN ***
Monsim15 shows [4d 9s] (One pair : Jacks)
MathisKcr shows [Jc 3c] (Trips of Jacks)
MathisKcr collected 50 from pot
*** SUMMARY ***
Total pot 50 | No rake
Board: [Js Jh Ac 7c 8h]
Seat 2: MathisKcr (small blind) (button) showed [Jc 3c] and won 50 with Trips of Jacks
Seat 3: Monsim15 (big blind) showed [4d 9s] and lost with One pair : Jacks


