Winamax Poker - Tournament "Expresso Nitro" buyIn: 0.93€ + 0.07€ level: 1 - HandId: #4607584754156437505-1-1772625873 - Holdem no limit (10/20) - 2026/03/04 12:04:33 UTC
Table: 'Expresso Nitro(1072786924)#0' 3-max (real money) Seat #1 is the button
Seat 1: TheQuietFlop (300)
Seat 2: Xs-Rorqual41 (300)
Seat 3: MathisKcr (300)
*** ANTE/BLINDS ***
Xs-Rorqual41 posts small blind 10
MathisKcr posts big blind 20
Dealt to MathisKcr [Js Ks]
*** PRE-FLOP *** 
TheQuietFlop folds
Xs-Rorqual41 folds
MathisKcr collected 30 from pot
*** SUMMARY ***
Total pot 30 | No rake
Seat 3: MathisKcr (big blind) won 30


Winamax Poker - Tournament "Expresso Nitro" buyIn: 0.93€ + 0.07€ level: 1 - HandId: #4607584754156437505-2-1772625893 - Holdem no limit (10/20) - 2026/03/04 12:04:53 UTC
Table: 'Expresso Nitro(1072786924)#0' 3-max (real money) Seat #2 is the button
Seat 1: TheQuietFlop (300)
Seat 2: Xs-Rorqual41 (290)
Seat 3: MathisKcr (310)
*** ANTE/BLINDS ***
MathisKcr posts small blind 10
TheQuietFlop posts big blind 20
Dealt to MathisKcr [Js Th]
*** PRE-FLOP *** 
Xs-Rorqual41 folds
MathisKcr raises 20 to 40
TheQuietFlop calls 20
*** FLOP *** [9s 6d Kh]
MathisKcr bets 28
TheQuietFlop calls 28
*** TURN *** [9s 6d Kh][8c]
MathisKcr bets 48
TheQuietFlop calls 48
*** RIVER *** [9s 6d Kh 8c][Ah]
MathisKcr bets 194 and is all-in
TheQuietFlop calls 184 and is all-in
*** SHOW DOWN ***
TheQuietFlop shows [Tc Kc] (One pair : Kings)
MathisKcr shows [Js Th] (High card : Ace)
MathisKcr collected 10 from side pot 1
TheQuietFlop collected 600 from main pot
*** SUMMARY ***
Total pot 610 | No rake
Board: [9s 6d Kh 8c Ah]
Seat 1: TheQuietFlop (big blind) showed [Tc Kc] and won 600 with One pair : Kings
Seat 3: MathisKcr (small blind) showed [Js Th] and won 10 with High card : Ace


Winamax Poker - Tournament "Expresso Nitro" buyIn: 0.93€ + 0.07€ level: 2 - HandId: #4607584754156437505-3-1772625936 - Holdem no limit (15/30) - 2026/03/04 12:05:36 UTC
Table: 'Expresso Nitro(1072786924)#0' 3-max (real money) Seat #3 is the button
Seat 1: TheQuietFlop (600)
Seat 2: Xs-Rorqual41 (290)
Seat 3: MathisKcr (10)
*** ANTE/BLINDS ***
TheQuietFlop posts small blind 15
Xs-Rorqual41 posts big blind 30
Dealt to MathisKcr [As 3s]
*** PRE-FLOP *** 
MathisKcr calls 10 and is all-in
TheQuietFlop raises 570 to 600 and is all-in
Xs-Rorqual41 calls 260 and is all-in
*** FLOP *** [Js 4c 2d]
*** TURN *** [Js 4c 2d][3d]
*** RIVER *** [Js 4c 2d 3d][7h]
*** SHOW DOWN ***
Xs-Rorqual41 shows [6d Kc] (High card : King)
TheQuietFlop shows [Ad Ts] (High card : Ace)
MathisKcr shows [As 3s] (One pair : 3)
MathisKcr collected 30 from main pot
TheQuietFlop collected 870 from side pot 1
*** SUMMARY ***
Total pot 900 | No rake
Board: [Js 4c 2d 3d 7h]
Seat 1: TheQuietFlop (small blind) showed [Ad Ts] and won 870 with High card : Ace
Seat 2: Xs-Rorqual41 (big blind) showed [6d Kc] and lost with High card : King
Seat 3: MathisKcr (button) showed [As 3s] and won 30 with One pair : 3


Winamax Poker - Tournament "Expresso Nitro" buyIn: 0.93€ + 0.07€ level: 2 - HandId: #4607584754156437505-4-1772625951 - Holdem no limit (15/30) - 2026/03/04 12:05:51 UTC
Table: 'Expresso Nitro(1072786924)#0' 3-max (real money) Seat #3 is the button
Seat 1: TheQuietFlop (870)
Seat 3: MathisKcr (30)
*** ANTE/BLINDS ***
MathisKcr posts small blind 15
TheQuietFlop posts big blind 30
Dealt to MathisKcr [5s Jd]
*** PRE-FLOP *** 
MathisKcr calls 15 and is all-in
*** FLOP *** [Ad 8h Qc]
*** TURN *** [Ad 8h Qc][5c]
*** RIVER *** [Ad 8h Qc 5c][3s]
*** SHOW DOWN ***
TheQuietFlop shows [7c Kh] (High card : Ace)
MathisKcr shows [5s Jd] (One pair : 5)
MathisKcr collected 60 from pot
*** SUMMARY ***
Total pot 60 | No rake
Board: [Ad 8h Qc 5c 3s]
Seat 1: TheQuietFlop (big blind) showed [7c Kh] and lost with High card : Ace
Seat 3: MathisKcr (small blind) (button) showed [5s Jd] and won 60 with One pair : 5


Winamax Poker - Tournament "Expresso Nitro" buyIn: 0.93€ + 0.07€ level: 2 - HandId: #4607584754156437505-5-1772625964 - Holdem no limit (15/30) - 2026/03/04 12:06:04 UTC
Table: 'Expresso Nitro(1072786924)#0' 3-max (real money) Seat #1 is the button
Seat 1: TheQuietFlop (840)
Seat 3: MathisKcr (60)
*** ANTE/BLINDS ***
TheQuietFlop posts small blind 15
MathisKcr posts big blind 30
Dealt to MathisKcr [8h Ad]
*** PRE-FLOP *** 
TheQuietFlop calls 15
MathisKcr raises 30 to 60 and is all-in
TheQuietFlop calls 30
*** FLOP *** [2d 3s 6c]
*** TURN *** [2d 3s 6c][5d]
*** RIVER *** [2d 3s 6c 5d][6s]
*** SHOW DOWN ***
TheQuietFlop shows [8d Tc] (One pair : 6)
MathisKcr shows [8h Ad] (One pair : 6)
MathisKcr collected 120 from pot
*** SUMMARY ***
Total pot 120 | No rake
Board: [2d 3s 6c 5d 6s]
Seat 1: TheQuietFlop (small blind) (button) showed [8d Tc] and lost with One pair : 6
Seat 3: MathisKcr (big blind) showed [8h Ad] and won 120 with One pair : 6


Winamax Poker - Tournament "Expresso Nitro" buyIn: 0.93€ + 0.07€ level: 3 - HandId: #4607584754156437505-6-1772625992 - Holdem no limit (20/40) - 2026/03/04 12:06:32 UTC
Table: 'Expresso Nitro(1072786924)#0' 3-max (real money) Seat #3 is the button
Seat 1: TheQuietFlop (780)
Seat 3: MathisKcr (120)
*** ANTE/BLINDS ***
MathisKcr posts small blind 20
TheQuietFlop posts big blind 40
Dealt to MathisKcr [Ac 2s]
*** PRE-FLOP *** 
MathisKcr raises 80 to 120 and is all-in
TheQuietFlop calls 80
*** FLOP *** [2h 4c 3d]
*** TURN *** [2h 4c 3d][4h]
*** RIVER *** [2h 4c 3d 4h][9h]
*** SHOW DOWN ***
TheQuietFlop shows [5c Kc] (One pair : 4)
MathisKcr shows [Ac 2s] (Two pairs : 4 and 2)
MathisKcr collected 240 from pot
*** SUMMARY ***
Total pot 240 | No rake
Board: [2h 4c 3d 4h 9h]
Seat 1: TheQuietFlop (big blind) showed [5c Kc] and lost with One pair : 4
Seat 3: MathisKcr (small blind) (button) showed [Ac 2s] and won 240 with Two pairs : 4 and 2


Winamax Poker - Tournament "Expresso Nitro" buyIn: 0.93€ + 0.07€ level: 3 - HandId: #4607584754156437505-7-1772626004 - Holdem no limit (20/40) - 2026/03/04 12:06:44 UTC
Table: 'Expresso Nitro(1072786924)#0' 3-max (real money) Seat #1 is the button
Seat 1: TheQuietFlop (660)
Seat 3: MathisKcr (240)
*** ANTE/BLINDS ***
TheQuietFlop posts small blind 20
MathisKcr posts big blind 40
Dealt to MathisKcr [6d Jc]
*** PRE-FLOP *** 
TheQuietFlop folds
MathisKcr collected 60 from pot
*** SUMMARY ***
Total pot 60 | No rake
Seat 3: MathisKcr (big blind) won 60


Winamax Poker - Tournament "Expresso Nitro" buyIn: 0.93€ + 0.07€ level: 3 - HandId: #4607584754156437505-8-1772626011 - Holdem no limit (20/40) - 2026/03/04 12:06:51 UTC
Table: 'Expresso Nitro(1072786924)#0' 3-max (real money) Seat #3 is the button
Seat 1: TheQuietFlop (640)
Seat 3: MathisKcr (260)
*** ANTE/BLINDS ***
MathisKcr posts small blind 20
TheQuietFlop posts big blind 40
Dealt to MathisKcr [Ks 8d]
*** PRE-FLOP *** 
MathisKcr raises 220 to 260 and is all-in
TheQuietFlop folds
MathisKcr collected 300 from pot
*** SUMMARY ***
Total pot 300 | No rake
Seat 3: MathisKcr (small blind) (button) won 300


Winamax Poker - Tournament "Expresso Nitro" buyIn: 0.93€ + 0.07€ level: 3 - HandId: #4607584754156437505-9-1772626042 - Holdem no limit (20/40) - 2026/03/04 12:07:22 UTC
Table: 'Expresso Nitro(1072786924)#0' 3-max (real money) Seat #1 is the button
Seat 1: TheQuietFlop (600)
Seat 3: MathisKcr (300)
*** ANTE/BLINDS ***
TheQuietFlop posts small blind 20
MathisKcr posts big blind 40
Dealt to MathisKcr [8c 2h]
*** PRE-FLOP *** 
TheQuietFlop folds
MathisKcr collected 60 from pot
*** SUMMARY ***
Total pot 60 | No rake
Seat 3: MathisKcr (big blind) won 60


Winamax Poker - Tournament "Expresso Nitro" buyIn: 0.93€ + 0.07€ level: 4 - HandId: #4607584754156437505-10-1772626053 - Holdem no limit (30/60) - 2026/03/04 12:07:33 UTC
Table: 'Expresso Nitro(1072786924)#0' 3-max (real money) Seat #3 is the button
Seat 1: TheQuietFlop (580)
Seat 3: MathisKcr (320)
*** ANTE/BLINDS ***
MathisKcr posts small blind 30
TheQuietFlop posts big blind 60
Dealt to MathisKcr [Jh 7h]
*** PRE-FLOP *** 
MathisKcr raises 60 to 120
TheQuietFlop folds
MathisKcr collected 180 from pot
*** SUMMARY ***
Total pot 180 | No rake
Seat 3: MathisKcr (small blind) (button) won 180


Winamax Poker - Tournament "Expresso Nitro" buyIn: 0.93€ + 0.07€ level: 4 - HandId: #4607584754156437505-11-1772626064 - Holdem no limit (30/60) - 2026/03/04 12:07:44 UTC
Table: 'Expresso Nitro(1072786924)#0' 3-max (real money) Seat #1 is the button
Seat 1: TheQuietFlop (520)
Seat 3: MathisKcr (380)
*** ANTE/BLINDS ***
TheQuietFlop posts small blind 30
MathisKcr posts big blind 60
Dealt to MathisKcr [Tc Ad]
*** PRE-FLOP *** 
TheQuietFlop folds
MathisKcr collected 90 from pot
*** SUMMARY ***
Total pot 90 | No rake
Seat 3: MathisKcr (big blind) won 90


Winamax Poker - Tournament "Expresso Nitro" buyIn: 0.93€ + 0.07€ level: 4 - HandId: #4607584754156437505-12-1772626074 - Holdem no limit (30/60) - 2026/03/04 12:07:54 UTC
Table: 'Expresso Nitro(1072786924)#0' 3-max (real money) Seat #3 is the button
Seat 1: TheQuietFlop (490)
Seat 3: MathisKcr (410)
*** ANTE/BLINDS ***
MathisKcr posts small blind 30
TheQuietFlop posts big blind 60
Dealt to MathisKcr [8d Th]
*** PRE-FLOP *** 
MathisKcr calls 30
TheQuietFlop raises 430 to 490 and is all-in
MathisKcr folds
TheQuietFlop collected 550 from pot
*** SUMMARY ***
Total pot 550 | No rake
Seat 1: TheQuietFlop (big blind) won 550


Winamax Poker - Tournament "Expresso Nitro" buyIn: 0.93€ + 0.07€ level: 4 - HandId: #4607584754156437505-13-1772626084 - Holdem no limit (30/60) - 2026/03/04 12:08:04 UTC
Table: 'Expresso Nitro(1072786924)#0' 3-max (real money) Seat #1 is the button
Seat 1: TheQuietFlop (550)
Seat 3: MathisKcr (350)
*** ANTE/BLINDS ***
TheQuietFlop posts small blind 30
MathisKcr posts big blind 60
Dealt to MathisKcr [5d 9d]
*** PRE-FLOP *** 
TheQuietFlop raises 490 to 550 and is all-in
MathisKcr folds
TheQuietFlop collected 610 from pot
*** SUMMARY ***
Total pot 610 | No rake
Seat 1: TheQuietFlop (small blind) (button) won 610


Winamax Poker - Tournament "Expresso Nitro" buyIn: 0.93€ + 0.07€ level: 4 - HandId: #4607584754156437505-14-1772626089 - Holdem no limit (30/60) - 2026/03/04 12:08:09 UTC
Table: 'Expresso Nitro(1072786924)#0' 3-max (real money) Seat #3 is the button
Seat 1: TheQuietFlop (610)
Seat 3: MathisKcr (290)
*** ANTE/BLINDS ***
MathisKcr posts small blind 30
TheQuietFlop posts big blind 60
Dealt to MathisKcr [4h 7d]
*** PRE-FLOP *** 
MathisKcr folds
TheQuietFlop collected 90 from pot
*** SUMMARY ***
Total pot 90 | No rake
Seat 1: TheQuietFlop (big blind) won 90


Winamax Poker - Tournament "Expresso Nitro" buyIn: 0.93€ + 0.07€ level: 4 - HandId: #4607584754156437505-15-1772626094 - Holdem no limit (30/60) - 2026/03/04 12:08:14 UTC
Table: 'Expresso Nitro(1072786924)#0' 3-max (real money) Seat #1 is the button
Seat 1: TheQuietFlop (640)
Seat 3: MathisKcr (260)
*** ANTE/BLINDS ***
TheQuietFlop posts small blind 30
MathisKcr posts big blind 60
Dealt to MathisKcr [2h 9h]
*** PRE-FLOP *** 
TheQuietFlop raises 580 to 640 and is all-in
MathisKcr folds
TheQuietFlop collected 700 from pot
*** SUMMARY ***
Total pot 700 | No rake
Seat 1: TheQuietFlop (small blind) (button) won 700


Winamax Poker - Tournament "Expresso Nitro" buyIn: 0.93€ + 0.07€ level: 4 - HandId: #4607584754156437505-16-1772626098 - Holdem no limit (30/60) - 2026/03/04 12:08:18 UTC
Table: 'Expresso Nitro(1072786924)#0' 3-max (real money) Seat #3 is the button
Seat 1: TheQuietFlop (700)
Seat 3: MathisKcr (200)
*** ANTE/BLINDS ***
MathisKcr posts small blind 30
TheQuietFlop posts big blind 60
Dealt to MathisKcr [9s 6s]
*** PRE-FLOP *** 
MathisKcr folds
TheQuietFlop collected 90 from pot
*** SUMMARY ***
Total pot 90 | No rake
Seat 1: TheQuietFlop (big blind) won 90


Winamax Poker - Tournament "Expresso Nitro" buyIn: 0.93€ + 0.07€ level: 4 - HandId: #4607584754156437505-17-1772626106 - Holdem no limit (30/60) - 2026/03/04 12:08:26 UTC
Table: 'Expresso Nitro(1072786924)#0' 3-max (real money) Seat #1 is the button
Seat 1: TheQuietFlop (730)
Seat 3: MathisKcr (170)
*** ANTE/BLINDS ***
TheQuietFlop posts small blind 30
MathisKcr posts big blind 60
Dealt to MathisKcr [5s 8h]
*** PRE-FLOP *** 
TheQuietFlop raises 670 to 730 and is all-in
MathisKcr folds
TheQuietFlop collected 790 from pot
*** SUMMARY ***
Total pot 790 | No rake
Seat 1: TheQuietFlop (small blind) (button) won 790


Winamax Poker - Tournament "Expresso Nitro" buyIn: 0.93€ + 0.07€ level: 5 - HandId: #4607584754156437505-18-1772626111 - Holdem no limit (40/80) - 2026/03/04 12:08:31 UTC
Table: 'Expresso Nitro(1072786924)#0' 3-max (real money) Seat #3 is the button
Seat 1: TheQuietFlop (790)
Seat 3: MathisKcr (110)
*** ANTE/BLINDS ***
MathisKcr posts small blind 40
TheQuietFlop posts big blind 80
Dealt to MathisKcr [9s Th]
*** PRE-FLOP *** 
MathisKcr raises 30 to 110 and is all-in
TheQuietFlop calls 30
*** FLOP *** [4d Qd 9c]
*** TURN *** [4d Qd 9c][2c]
*** RIVER *** [4d Qd 9c 2c][Ts]
*** SHOW DOWN ***
TheQuietFlop shows [Ah 5s] (High card : Ace)
MathisKcr shows [9s Th] (Two pairs : Tens and 9)
MathisKcr collected 220 from pot
*** SUMMARY ***
Total pot 220 | No rake
Board: [4d Qd 9c 2c Ts]
Seat 1: TheQuietFlop (big blind) showed [Ah 5s] and lost with High card : Ace
Seat 3: MathisKcr (small blind) (button) showed [9s Th] and won 220 with Two pairs : Tens and 9


Winamax Poker - Tournament "Expresso Nitro" buyIn: 0.93€ + 0.07€ level: 5 - HandId: #4607584754156437505-19-1772626122 - Holdem no limit (40/80) - 2026/03/04 12:08:42 UTC
Table: 'Expresso Nitro(1072786924)#0' 3-max (real money) Seat #1 is the button
Seat 1: TheQuietFlop (680)
Seat 3: MathisKcr (220)
*** ANTE/BLINDS ***
TheQuietFlop posts small blind 40
MathisKcr posts big blind 80
Dealt to MathisKcr [Ts Jh]
*** PRE-FLOP *** 
TheQuietFlop folds
MathisKcr collected 120 from pot
*** SUMMARY ***
Total pot 120 | No rake
Seat 3: MathisKcr (big blind) won 120


Winamax Poker - Tournament "Expresso Nitro" buyIn: 0.93€ + 0.07€ level: 5 - HandId: #4607584754156437505-20-1772626128 - Holdem no limit (40/80) - 2026/03/04 12:08:48 UTC
Table: 'Expresso Nitro(1072786924)#0' 3-max (real money) Seat #3 is the button
Seat 1: TheQuietFlop (640)
Seat 3: MathisKcr (260)
*** ANTE/BLINDS ***
MathisKcr posts small blind 40
TheQuietFlop posts big blind 80
Dealt to MathisKcr [Ks 4c]
*** PRE-FLOP *** 
MathisKcr raises 180 to 260 and is all-in
TheQuietFlop raises 380 to 640 and is all-in
*** FLOP *** [4h 8d 9s]
*** TURN *** [4h 8d 9s][6h]
*** RIVER *** [4h 8d 9s 6h][7h]
*** SHOW DOWN ***
TheQuietFlop shows [Qd 2h] (High card : Queen)
MathisKcr shows [Ks 4c] (One pair : 4)
MathisKcr collected 520 from main pot
TheQuietFlop collected 380 from side pot 1
*** SUMMARY ***
Total pot 900 | No rake
Board: [4h 8d 9s 6h 7h]
Seat 1: TheQuietFlop (big blind) showed [Qd 2h] and won 380 with High card : Queen
Seat 3: MathisKcr (small blind) (button) showed [Ks 4c] and won 520 with One pair : 4


Winamax Poker - Tournament "Expresso Nitro" buyIn: 0.93€ + 0.07€ level: 5 - HandId: #4607584754156437505-21-1772626140 - Holdem no limit (40/80) - 2026/03/04 12:09:00 UTC
Table: 'Expresso Nitro(1072786924)#0' 3-max (real money) Seat #1 is the button
Seat 1: TheQuietFlop (380)
Seat 3: MathisKcr (520)
*** ANTE/BLINDS ***
TheQuietFlop posts small blind 40
MathisKcr posts big blind 80
Dealt to MathisKcr [9d 4c]
*** PRE-FLOP *** 
TheQuietFlop raises 300 to 380 and is all-in
MathisKcr folds
TheQuietFlop collected 460 from pot
*** SUMMARY ***
Total pot 460 | No rake
Seat 1: TheQuietFlop (small blind) (button) won 460


Winamax Poker - Tournament "Expresso Nitro" buyIn: 0.93€ + 0.07€ level: 5 - HandId: #4607584754156437505-22-1772626145 - Holdem no limit (40/80) - 2026/03/04 12:09:05 UTC
Table: 'Expresso Nitro(1072786924)#0' 3-max (real money) Seat #3 is the button
Seat 1: TheQuietFlop (460)
Seat 3: MathisKcr (440)
*** ANTE/BLINDS ***
MathisKcr posts small blind 40
TheQuietFlop posts big blind 80
Dealt to MathisKcr [Kh Jh]
*** PRE-FLOP *** 
MathisKcr raises 360 to 440 and is all-in
TheQuietFlop folds
MathisKcr collected 520 from pot
*** SUMMARY ***
Total pot 520 | No rake
Seat 3: MathisKcr (small blind) (button) won 520


Winamax Poker - Tournament "Expresso Nitro" buyIn: 0.93€ + 0.07€ level: 5 - HandId: #4607584754156437505-23-1772626154 - Holdem no limit (40/80) - 2026/03/04 12:09:14 UTC
Table: 'Expresso Nitro(1072786924)#0' 3-max (real money) Seat #1 is the button
Seat 1: TheQuietFlop (380)
Seat 3: MathisKcr (520)
*** ANTE/BLINDS ***
TheQuietFlop posts small blind 40
MathisKcr posts big blind 80
Dealt to MathisKcr [Ac Ad]
*** PRE-FLOP *** 
TheQuietFlop raises 300 to 380 and is all-in
MathisKcr calls 300
*** FLOP *** [3c 8c Kh]
*** TURN *** [3c 8c Kh][Qd]
*** RIVER *** [3c 8c Kh Qd][Jc]
*** SHOW DOWN ***
MathisKcr shows [Ac Ad] (One pair : Aces)
TheQuietFlop shows [Jh 3d] (Two pairs : Jacks and 3)
TheQuietFlop collected 760 from pot
*** SUMMARY ***
Total pot 760 | No rake
Board: [3c 8c Kh Qd Jc]
Seat 1: TheQuietFlop (small blind) (button) showed [Jh 3d] and won 760 with Two pairs : Jacks and 3
Seat 3: MathisKcr (big blind) showed [Ac Ad] and lost with One pair : Aces


Winamax Poker - Tournament "Expresso Nitro" buyIn: 0.93€ + 0.07€ level: 5 - HandId: #4607584754156437505-24-1772626165 - Holdem no limit (40/80) - 2026/03/04 12:09:25 UTC
Table: 'Expresso Nitro(1072786924)#0' 3-max (real money) Seat #3 is the button
Seat 1: TheQuietFlop (760)
Seat 3: MathisKcr (140)
*** ANTE/BLINDS ***
MathisKcr posts small blind 40
TheQuietFlop posts big blind 80
Dealt to MathisKcr [7s Jc]
*** PRE-FLOP *** 
MathisKcr raises 60 to 140 and is all-in
TheQuietFlop calls 60
*** FLOP *** [4s Th 2h]
*** TURN *** [4s Th 2h][5h]
*** RIVER *** [4s Th 2h 5h][8c]
*** SHOW DOWN ***
MathisKcr shows [7s Jc] (High card : Jack)
TheQuietFlop shows [Ah 9s] (High card : Ace)
TheQuietFlop collected 280 from pot
*** SUMMARY ***
Total pot 280 | No rake
Board: [4s Th 2h 5h 8c]
Seat 1: TheQuietFlop (big blind) showed [Ah 9s] and won 280 with High card : Ace
Seat 3: MathisKcr (small blind) (button) showed [7s Jc] and lost with High card : Jack


