Winamax Poker - Tournament "Expresso Nitro" buyIn: 0.93€ + 0.07€ level: 1 - HandId: #4557582959644770305-1-1770677944 - Holdem no limit (10/20) - 2026/02/09 22:59:04 UTC
Table: 'Expresso Nitro(1061144974)#0' 3-max (real money) Seat #3 is the button
Seat 1: MathisKcr (300)
Seat 2: Petit-Geant4 (300)
Seat 3: LAIN111 (300)
*** ANTE/BLINDS ***
MathisKcr posts small blind 10
Petit-Geant4 posts big blind 20
Dealt to MathisKcr [Jh 8h]
*** PRE-FLOP *** 
LAIN111 raises 280 to 300 and is all-in
MathisKcr calls 290 and is all-in
Petit-Geant4 folds
*** FLOP *** [6h Tc 9d]
*** TURN *** [6h Tc 9d][Qd]
*** RIVER *** [6h Tc 9d Qd][As]
*** SHOW DOWN ***
LAIN111 shows [2s Ad] (One pair : Aces)
MathisKcr shows [Jh 8h] (Straight Queen high)
MathisKcr collected 620 from pot
*** SUMMARY ***
Total pot 620 | No rake
Board: [6h Tc 9d Qd As]
Seat 1: MathisKcr (small blind) showed [Jh 8h] and won 620 with Straight Queen high
Seat 3: LAIN111 (button) showed [2s Ad] and lost with One pair : Aces


Winamax Poker - Tournament "Expresso Nitro" buyIn: 0.93€ + 0.07€ level: 1 - HandId: #4557582959644770305-2-1770677961 - Holdem no limit (10/20) - 2026/02/09 22:59:21 UTC
Table: 'Expresso Nitro(1061144974)#0' 3-max (real money) Seat #2 is the button
Seat 1: MathisKcr (620)
Seat 2: Petit-Geant4 (280)
*** ANTE/BLINDS ***
Petit-Geant4 posts small blind 10
MathisKcr posts big blind 20
Dealt to MathisKcr [4c Jd]
*** PRE-FLOP *** 
Petit-Geant4 raises 260 to 280 and is all-in
MathisKcr folds
Petit-Geant4 collected 300 from pot
*** SUMMARY ***
Total pot 300 | No rake
Seat 2: Petit-Geant4 (small blind) (button) won 300


Winamax Poker - Tournament "Expresso Nitro" buyIn: 0.93€ + 0.07€ level: 1 - HandId: #4557582959644770305-3-1770677966 - Holdem no limit (10/20) - 2026/02/09 22:59:26 UTC
Table: 'Expresso Nitro(1061144974)#0' 3-max (real money) Seat #1 is the button
Seat 1: MathisKcr (600)
Seat 2: Petit-Geant4 (300)
*** ANTE/BLINDS ***
MathisKcr posts small blind 10
Petit-Geant4 posts big blind 20
Dealt to MathisKcr [4c 7c]
*** PRE-FLOP *** 
MathisKcr raises 20 to 40
Petit-Geant4 calls 20
*** FLOP *** [7d Ah 4s]
Petit-Geant4 checks
MathisKcr bets 40
Petit-Geant4 calls 40
*** TURN *** [7d Ah 4s][Tc]
Petit-Geant4 checks
MathisKcr bets 60
Petit-Geant4 calls 60
*** RIVER *** [7d Ah 4s Tc][3h]
Petit-Geant4 checks
MathisKcr bets 160
Petit-Geant4 calls 160 and is all-in
*** SHOW DOWN ***
Petit-Geant4 shows [Ac 2h] (One pair : Aces)
MathisKcr shows [4c 7c] (Two pairs : 7 and 4)
MathisKcr collected 600 from pot
*** SUMMARY ***
Total pot 600 | No rake
Board: [7d Ah 4s Tc 3h]
Seat 1: MathisKcr (small blind) (button) showed [4c 7c] and won 600 with Two pairs : 7 and 4
Seat 2: Petit-Geant4 (big blind) showed [Ac 2h] and lost with One pair : Aces


