Winamax Poker - Tournament "Expresso Nitro" buyIn: 0.93€ + 0.07€ level: 1 - HandId: #4617583803093745665-1-1773044393 - Holdem no limit (10/20) - 2026/03/09 08:19:53 UTC
Table: 'Expresso Nitro(1075115009)#0' 3-max (real money) Seat #1 is the button
Seat 1: MathisKcr (300)
Seat 2: balatore (300)
Seat 3: Kalaye95330 (300)
*** ANTE/BLINDS ***
balatore posts small blind 10
Kalaye95330 posts big blind 20
Dealt to MathisKcr [3s 8s]
*** PRE-FLOP *** 
MathisKcr folds
balatore folds
Kalaye95330 collected 30 from pot
*** SUMMARY ***
Total pot 30 | No rake
Seat 3: Kalaye95330 (big blind) won 30


Winamax Poker - Tournament "Expresso Nitro" buyIn: 0.93€ + 0.07€ level: 1 - HandId: #4617583803093745665-2-1773044399 - Holdem no limit (10/20) - 2026/03/09 08:19:59 UTC
Table: 'Expresso Nitro(1075115009)#0' 3-max (real money) Seat #2 is the button
Seat 1: MathisKcr (300)
Seat 2: balatore (290)
Seat 3: Kalaye95330 (310)
*** ANTE/BLINDS ***
Kalaye95330 posts small blind 10
MathisKcr posts big blind 20
Dealt to MathisKcr [As 3h]
*** PRE-FLOP *** 
balatore raises 270 to 290 and is all-in
Kalaye95330 raises 20 to 310 and is all-in
MathisKcr folds
*** FLOP *** [4s 9d 3s]
*** TURN *** [4s 9d 3s][Kd]
*** RIVER *** [4s 9d 3s Kd][2d]
*** SHOW DOWN ***
balatore shows [Ts Th] (One pair : Tens)
Kalaye95330 shows [6d 6s] (One pair : 6)
Kalaye95330 collected 20 from side pot 1
balatore collected 600 from main pot
*** SUMMARY ***
Total pot 620 | No rake
Board: [4s 9d 3s Kd 2d]
Seat 2: balatore (button) showed [Ts Th] and won 600 with One pair : Tens
Seat 3: Kalaye95330 (small blind) showed [6d 6s] and won 20 with One pair : 6


Winamax Poker - Tournament "Expresso Nitro" buyIn: 0.93€ + 0.07€ level: 1 - HandId: #4617583803093745665-3-1773044419 - Holdem no limit (10/20) - 2026/03/09 08:20:19 UTC
Table: 'Expresso Nitro(1075115009)#0' 3-max (real money) Seat #3 is the button
Seat 1: MathisKcr (280)
Seat 2: balatore (600)
Seat 3: Kalaye95330 (20)
*** ANTE/BLINDS ***
MathisKcr posts small blind 10
balatore posts big blind 20
Dealt to MathisKcr [7h 8h]
*** PRE-FLOP *** 
Kalaye95330 calls 20 and is all-in
MathisKcr calls 10
balatore raises 580 to 600 and is all-in
MathisKcr calls 260 and is all-in
*** FLOP *** [5d Qc 8s]
*** TURN *** [5d Qc 8s][8d]
*** RIVER *** [5d Qc 8s 8d][Js]
*** SHOW DOWN ***
Kalaye95330 shows [Th 2c] (One pair : 8)
MathisKcr shows [7h 8h] (Trips of 8)
balatore shows [9c 9d] (Two pairs : 9 and 8)
balatore collected 320 from side pot 1
MathisKcr collected 580 from main pot
*** SUMMARY ***
Total pot 900 | No rake
Board: [5d Qc 8s 8d Js]
Seat 1: MathisKcr (small blind) showed [7h 8h] and won 580 with Trips of 8
Seat 2: balatore (big blind) showed [9c 9d] and won 320 with Two pairs : 9 and 8
Seat 3: Kalaye95330 (button) showed [Th 2c] and lost with One pair : 8


Winamax Poker - Tournament "Expresso Nitro" buyIn: 0.93€ + 0.07€ level: 1 - HandId: #4617583803093745665-4-1773044437 - Holdem no limit (10/20) - 2026/03/09 08:20:37 UTC
Table: 'Expresso Nitro(1075115009)#0' 3-max (real money) Seat #2 is the button
Seat 1: MathisKcr (580)
Seat 2: balatore (320)
*** ANTE/BLINDS ***
balatore posts small blind 10
MathisKcr posts big blind 20
Dealt to MathisKcr [Tc 3d]
*** PRE-FLOP *** 
balatore raises 40 to 60
MathisKcr folds
balatore collected 80 from pot
*** SUMMARY ***
Total pot 80 | No rake
Seat 2: balatore (small blind) (button) won 80


Winamax Poker - Tournament "Expresso Nitro" buyIn: 0.93€ + 0.07€ level: 1 - HandId: #4617583803093745665-5-1773044446 - Holdem no limit (10/20) - 2026/03/09 08:20:46 UTC
Table: 'Expresso Nitro(1075115009)#0' 3-max (real money) Seat #1 is the button
Seat 1: MathisKcr (560)
Seat 2: balatore (340)
*** ANTE/BLINDS ***
MathisKcr posts small blind 10
balatore posts big blind 20
Dealt to MathisKcr [4s 5c]
*** PRE-FLOP *** 
MathisKcr calls 10
balatore checks
*** FLOP *** [2c 6d 4c]
balatore checks
MathisKcr bets 40
balatore folds
MathisKcr collected 80 from pot
*** SUMMARY ***
Total pot 80 | No rake
Board: [2c 6d 4c]
Seat 1: MathisKcr (small blind) (button) won 80


Winamax Poker - Tournament "Expresso Nitro" buyIn: 0.93€ + 0.07€ level: 2 - HandId: #4617583803093745665-6-1773044463 - Holdem no limit (15/30) - 2026/03/09 08:21:03 UTC
Table: 'Expresso Nitro(1075115009)#0' 3-max (real money) Seat #2 is the button
Seat 1: MathisKcr (580)
Seat 2: balatore (320)
*** ANTE/BLINDS ***
balatore posts small blind 15
MathisKcr posts big blind 30
Dealt to MathisKcr [4s Qh]
*** PRE-FLOP *** 
balatore raises 290 to 320 and is all-in
MathisKcr folds
balatore collected 350 from pot
*** SUMMARY ***
Total pot 350 | No rake
Seat 2: balatore (small blind) (button) won 350


Winamax Poker - Tournament "Expresso Nitro" buyIn: 0.93€ + 0.07€ level: 2 - HandId: #4617583803093745665-7-1773044472 - Holdem no limit (15/30) - 2026/03/09 08:21:12 UTC
Table: 'Expresso Nitro(1075115009)#0' 3-max (real money) Seat #1 is the button
Seat 1: MathisKcr (550)
Seat 2: balatore (350)
*** ANTE/BLINDS ***
MathisKcr posts small blind 15
balatore posts big blind 30
Dealt to MathisKcr [3s As]
*** PRE-FLOP *** 
MathisKcr raises 520 to 550 and is all-in
balatore folds
MathisKcr collected 580 from pot
*** SUMMARY ***
Total pot 580 | No rake
Seat 1: MathisKcr (small blind) (button) won 580


Winamax Poker - Tournament "Expresso Nitro" buyIn: 0.93€ + 0.07€ level: 2 - HandId: #4617583803093745665-8-1773044480 - Holdem no limit (15/30) - 2026/03/09 08:21:20 UTC
Table: 'Expresso Nitro(1075115009)#0' 3-max (real money) Seat #2 is the button
Seat 1: MathisKcr (580)
Seat 2: balatore (320)
*** ANTE/BLINDS ***
balatore posts small blind 15
MathisKcr posts big blind 30
Dealt to MathisKcr [6d 8c]
*** PRE-FLOP *** 
balatore raises 290 to 320 and is all-in
MathisKcr folds
balatore collected 350 from pot
*** SUMMARY ***
Total pot 350 | No rake
Seat 2: balatore (small blind) (button) won 350


Winamax Poker - Tournament "Expresso Nitro" buyIn: 0.93€ + 0.07€ level: 2 - HandId: #4617583803093745665-9-1773044496 - Holdem no limit (15/30) - 2026/03/09 08:21:36 UTC
Table: 'Expresso Nitro(1075115009)#0' 3-max (real money) Seat #1 is the button
Seat 1: MathisKcr (550)
Seat 2: balatore (350)
*** ANTE/BLINDS ***
MathisKcr posts small blind 15
balatore posts big blind 30
Dealt to MathisKcr [5h 9s]
*** PRE-FLOP *** 
MathisKcr folds
balatore collected 45 from pot
*** SUMMARY ***
Total pot 45 | No rake
Seat 2: balatore (big blind) won 45


Winamax Poker - Tournament "Expresso Nitro" buyIn: 0.93€ + 0.07€ level: 2 - HandId: #4617583803093745665-10-1773044502 - Holdem no limit (15/30) - 2026/03/09 08:21:42 UTC
Table: 'Expresso Nitro(1075115009)#0' 3-max (real money) Seat #2 is the button
Seat 1: MathisKcr (535)
Seat 2: balatore (365)
*** ANTE/BLINDS ***
balatore posts small blind 15
MathisKcr posts big blind 30
Dealt to MathisKcr [Kd Ts]
*** PRE-FLOP *** 
balatore folds
MathisKcr collected 45 from pot
*** SUMMARY ***
Total pot 45 | No rake
Seat 1: MathisKcr (big blind) won 45


Winamax Poker - Tournament "Expresso Nitro" buyIn: 0.93€ + 0.07€ level: 2 - HandId: #4617583803093745665-11-1773044507 - Holdem no limit (15/30) - 2026/03/09 08:21:47 UTC
Table: 'Expresso Nitro(1075115009)#0' 3-max (real money) Seat #1 is the button
Seat 1: MathisKcr (550)
Seat 2: balatore (350)
*** ANTE/BLINDS ***
MathisKcr posts small blind 15
balatore posts big blind 30
Dealt to MathisKcr [4d Ks]
*** PRE-FLOP *** 
MathisKcr raises 520 to 550 and is all-in
balatore folds
MathisKcr collected 580 from pot
*** SUMMARY ***
Total pot 580 | No rake
Seat 1: MathisKcr (small blind) (button) won 580


Winamax Poker - Tournament "Expresso Nitro" buyIn: 0.93€ + 0.07€ level: 3 - HandId: #4617583803093745665-12-1773044514 - Holdem no limit (20/40) - 2026/03/09 08:21:54 UTC
Table: 'Expresso Nitro(1075115009)#0' 3-max (real money) Seat #2 is the button
Seat 1: MathisKcr (580)
Seat 2: balatore (320)
*** ANTE/BLINDS ***
balatore posts small blind 20
MathisKcr posts big blind 40
Dealt to MathisKcr [Ah As]
*** PRE-FLOP *** 
balatore folds
MathisKcr shows [Ah As] (One pair : Aces)
MathisKcr collected 60 from pot
*** SUMMARY ***
Total pot 60 | No rake
Seat 1: MathisKcr (big blind) showed [Ah As] and won 60 with One pair : Aces


Winamax Poker - Tournament "Expresso Nitro" buyIn: 0.93€ + 0.07€ level: 3 - HandId: #4617583803093745665-13-1773044521 - Holdem no limit (20/40) - 2026/03/09 08:22:01 UTC
Table: 'Expresso Nitro(1075115009)#0' 3-max (real money) Seat #1 is the button
Seat 1: MathisKcr (600)
Seat 2: balatore (300)
*** ANTE/BLINDS ***
MathisKcr posts small blind 20
balatore posts big blind 40
Dealt to MathisKcr [5s 5h]
*** PRE-FLOP *** 
MathisKcr raises 560 to 600 and is all-in
balatore calls 260 and is all-in
*** FLOP *** [Ah 4s 9h]
*** TURN *** [Ah 4s 9h][2s]
*** RIVER *** [Ah 4s 9h 2s][3c]
*** SHOW DOWN ***
balatore shows [Qd 6s] (High card : Ace)
MathisKcr shows [5s 5h] (Straight 5 high)
MathisKcr collected 900 from pot
*** SUMMARY ***
Total pot 900 | No rake
Board: [Ah 4s 9h 2s 3c]
Seat 1: MathisKcr (small blind) (button) showed [5s 5h] and won 900 with Straight 5 high
Seat 2: balatore (big blind) showed [Qd 6s] and lost with High card : Ace


