Winamax Poker - Tournament "Monster Stack" buyIn: 0.90€ + 0.10€ level: 1 - HandId: #4470858309989040130-1-1769950810 - Holdem no limit (120/500/1000) - 2026/02/01 13:00:10 UTC
Table: 'Monster Stack(1040952818)#001' 6-max (real money) Seat #3 is the button
Seat 1: MathisKcr (100000)
Seat 2: antiwin62 (100000)
Seat 3: Akhn (100000)
Seat 4: PanPanQQVinz (100000)
Seat 6: THE_MANIAC (100000)
*** ANTE/BLINDS ***
PanPanQQVinz posts ante 120
THE_MANIAC posts ante 120
MathisKcr posts ante 120
antiwin62 posts ante 120
Akhn posts ante 120
PanPanQQVinz posts small blind 500
THE_MANIAC posts big blind 1000
Dealt to MathisKcr [4d 3c]
*** PRE-FLOP *** 
MathisKcr folds
antiwin62 calls 1000
Akhn raises 98880 to 99880 and is all-in
PanPanQQVinz folds
THE_MANIAC folds
antiwin62 calls 98880 and is all-in
*** FLOP *** [8h Ad 2h]
*** TURN *** [8h Ad 2h][8c]
*** RIVER *** [8h Ad 2h 8c][6s]
*** SHOW DOWN ***
antiwin62 shows [7h Qh] (One pair : 8)
Akhn shows [4h Ac] (Two pairs : Aces and 8)
Akhn collected 201860 from pot
*** SUMMARY ***
Total pot 201860 | No rake
Board: [8h Ad 2h 8c 6s]
Seat 2: antiwin62 showed [7h Qh] and lost with One pair : 8
Seat 3: Akhn (button) showed [4h Ac] and won 201860 with Two pairs : Aces and 8


Winamax Poker - Tournament "Monster Stack" buyIn: 0.90€ + 0.10€ level: 1 - HandId: #4470858309989040130-2-1769950843 - Holdem no limit (120/500/1000) - 2026/02/01 13:00:43 UTC
Table: 'Monster Stack(1040952818)#001' 6-max (real money) Seat #4 is the button
Seat 1: MathisKcr (99880)
Seat 3: Akhn (201860)
Seat 4: PanPanQQVinz (99380)
Seat 6: THE_MANIAC (98880)
*** ANTE/BLINDS ***
THE_MANIAC posts ante 120
MathisKcr posts ante 120
Akhn posts ante 120
PanPanQQVinz posts ante 120
THE_MANIAC posts small blind 500
MathisKcr posts big blind 1000
Dealt to MathisKcr [4h 8s]
*** PRE-FLOP *** 
Akhn raises 200740 to 201740 and is all-in
PanPanQQVinz folds
THE_MANIAC calls 98260 and is all-in
MathisKcr folds
*** FLOP *** [8c 7c 4s]
*** TURN *** [8c 7c 4s][3c]
*** RIVER *** [8c 7c 4s 3c][Ks]
*** SHOW DOWN ***
Akhn shows [2h Ah] (High card : Ace)
THE_MANIAC shows [Kh Qh] (One pair : Kings)
THE_MANIAC collected 199000 from main pot
Akhn collected 102980 from side pot 1
*** SUMMARY ***
Total pot 301980 | No rake
Board: [8c 7c 4s 3c Ks]
Seat 3: Akhn showed [2h Ah] and won 102980 with High card : Ace
Seat 6: THE_MANIAC (small blind) showed [Kh Qh] and won 199000 with One pair : Kings


Winamax Poker - Tournament "Monster Stack" buyIn: 0.90€ + 0.10€ level: 1 - HandId: #4470858309989040130-3-1769950860 - Holdem no limit (120/500/1000) - 2026/02/01 13:01:00 UTC
Table: 'Monster Stack(1040952818)#001' 6-max (real money) Seat #6 is the button
Seat 1: MathisKcr (98760)
Seat 3: Akhn (102980)
Seat 4: PanPanQQVinz (99260)
Seat 6: THE_MANIAC (199000)
*** ANTE/BLINDS ***
MathisKcr posts ante 120
Akhn posts ante 120
PanPanQQVinz posts ante 120
THE_MANIAC posts ante 120
MathisKcr posts small blind 500
Akhn posts big blind 1000
Dealt to MathisKcr [5d 9s]
*** PRE-FLOP *** 
PanPanQQVinz folds
THE_MANIAC folds
MathisKcr raises 2000 to 3000
Akhn raises 99860 to 102860 and is all-in
MathisKcr folds
Akhn collected 106340 from pot
*** SUMMARY ***
Total pot 106340 | No rake
Seat 3: Akhn (big blind) won 106340


Winamax Poker - Tournament "Monster Stack" buyIn: 0.90€ + 0.10€ level: 1 - HandId: #4470858309989040130-4-1769950879 - Holdem no limit (120/500/1000) - 2026/02/01 13:01:19 UTC
Table: 'Monster Stack(1040952818)#001' 6-max (real money) Seat #1 is the button
Seat 1: MathisKcr (95640)
Seat 2: Ewenzer (100000)
Seat 3: Akhn (106340)
Seat 4: PanPanQQVinz (99140)
Seat 6: THE_MANIAC (198880)
*** ANTE/BLINDS ***
Akhn posts ante 120
PanPanQQVinz posts ante 120
MathisKcr posts ante 120
THE_MANIAC posts ante 120
Akhn posts small blind 500
PanPanQQVinz posts big blind 1000
Dealt to MathisKcr [6s Ks]
*** PRE-FLOP *** 
THE_MANIAC raises 1000 to 2000
MathisKcr calls 2000
Akhn raises 104220 to 106220 and is all-in
PanPanQQVinz folds
THE_MANIAC folds
MathisKcr folds
Akhn collected 111700 from pot
*** SUMMARY ***
Total pot 111700 | No rake
Seat 3: Akhn (small blind) won 111700


Winamax Poker - Tournament "Monster Stack" buyIn: 0.90€ + 0.10€ level: 1 - HandId: #4470858309989040130-5-1769950901 - Holdem no limit (120/500/1000) - 2026/02/01 13:01:41 UTC
Table: 'Monster Stack(1040952818)#001' 6-max (real money) Seat #3 is the button
Seat 1: MathisKcr (93520)
Seat 2: Ewenzer (100000)
Seat 3: Akhn (111700)
Seat 4: PanPanQQVinz (98020)
Seat 6: THE_MANIAC (196760)
*** ANTE/BLINDS ***
PanPanQQVinz posts ante 120
THE_MANIAC posts ante 120
MathisKcr posts ante 120
Ewenzer posts ante 120
Akhn posts ante 120
PanPanQQVinz posts small blind 500
THE_MANIAC posts big blind 1000
Dealt to MathisKcr [Qh Td]
*** PRE-FLOP *** 
MathisKcr raises 1000 to 2000
Ewenzer folds
Akhn raises 109580 to 111580 and is all-in
PanPanQQVinz folds
THE_MANIAC folds
MathisKcr folds
Akhn collected 115680 from pot
*** SUMMARY ***
Total pot 115680 | No rake
Seat 3: Akhn (button) won 115680


Winamax Poker - Tournament "Monster Stack" buyIn: 0.90€ + 0.10€ level: 1 - HandId: #4470858309989040130-6-1769950914 - Holdem no limit (120/500/1000) - 2026/02/01 13:01:54 UTC
Table: 'Monster Stack(1040952818)#001' 6-max (real money) Seat #4 is the button
Seat 1: MathisKcr (91400)
Seat 2: Ewenzer (99880)
Seat 3: Akhn (115680)
Seat 4: PanPanQQVinz (97400)
Seat 5: &Mer2Ci (100000)
Seat 6: THE_MANIAC (195640)
*** ANTE/BLINDS ***
THE_MANIAC posts ante 120
MathisKcr posts ante 120
Ewenzer posts ante 120
Akhn posts ante 120
PanPanQQVinz posts ante 120
THE_MANIAC posts small blind 500
MathisKcr posts big blind 1000
Dealt to MathisKcr [6c 3h]
*** PRE-FLOP *** 
Ewenzer folds
Akhn calls 1000
PanPanQQVinz folds
THE_MANIAC calls 500
MathisKcr checks
*** FLOP *** [5d 9c Ad]
THE_MANIAC checks
MathisKcr checks
Akhn bets 3600
THE_MANIAC calls 3600
MathisKcr folds
*** TURN *** [5d 9c Ad][Qh]
THE_MANIAC checks
Akhn bets 110960 and is all-in
THE_MANIAC calls 110960
*** RIVER *** [5d 9c Ad Qh][8c]
*** SHOW DOWN ***
Akhn shows [9s Jd] (One pair : 9)
THE_MANIAC shows [9d Qs] (Two pairs : Queens and 9)
THE_MANIAC collected 232720 from pot
*** SUMMARY ***
Total pot 232720 | No rake
Board: [5d 9c Ad Qh 8c]
Seat 3: Akhn showed [9s Jd] and lost with One pair : 9
Seat 6: THE_MANIAC (small blind) showed [9d Qs] and won 232720 with Two pairs : Queens and 9


Winamax Poker - Tournament "Monster Stack" buyIn: 0.90€ + 0.10€ level: 1 - HandId: #4470858309989040130-7-1769950963 - Holdem no limit (120/500/1000) - 2026/02/01 13:02:43 UTC
Table: 'Monster Stack(1040952818)#001' 6-max (real money) Seat #6 is the button
Seat 1: MathisKcr (90280)
Seat 2: Ewenzer (99760)
Seat 4: PanPanQQVinz (97280)
Seat 5: &Mer2Ci (100000)
Seat 6: THE_MANIAC (312680)
*** ANTE/BLINDS ***
MathisKcr posts ante 120
Ewenzer posts ante 120
PanPanQQVinz posts ante 120
&Mer2Ci posts ante 120
THE_MANIAC posts ante 120
MathisKcr posts small blind 500
Ewenzer posts big blind 1000
Dealt to MathisKcr [Jd Th]
*** PRE-FLOP *** 
PanPanQQVinz folds
&Mer2Ci folds
THE_MANIAC folds
MathisKcr raises 1000 to 2000
Ewenzer folds
MathisKcr collected 3600 from pot
*** SUMMARY ***
Total pot 3600 | No rake
Seat 1: MathisKcr (small blind) won 3600


Winamax Poker - Tournament "Monster Stack" buyIn: 0.90€ + 0.10€ level: 1 - HandId: #4470858309989040130-8-1769950980 - Holdem no limit (120/500/1000) - 2026/02/01 13:03:00 UTC
Table: 'Monster Stack(1040952818)#001' 6-max (real money) Seat #1 is the button
Seat 1: MathisKcr (91760)
Seat 2: Ewenzer (98640)
Seat 4: PanPanQQVinz (97160)
Seat 5: &Mer2Ci (99880)
Seat 6: THE_MANIAC (312560)
*** ANTE/BLINDS ***
Ewenzer posts ante 120
PanPanQQVinz posts ante 120
MathisKcr posts ante 120
&Mer2Ci posts ante 120
THE_MANIAC posts ante 120
Ewenzer posts small blind 500
PanPanQQVinz posts big blind 1000
Dealt to MathisKcr [6s 4h]
*** PRE-FLOP *** 
&Mer2Ci folds
THE_MANIAC folds
MathisKcr raises 2000 to 3000
Ewenzer folds
PanPanQQVinz folds
MathisKcr collected 5100 from pot
*** SUMMARY ***
Total pot 5100 | No rake
Seat 1: MathisKcr (button) won 5100


Winamax Poker - Tournament "Monster Stack" buyIn: 0.90€ + 0.10€ level: 1 - HandId: #4470858309989040130-9-1769951003 - Holdem no limit (120/500/1000) - 2026/02/01 13:03:23 UTC
Table: 'Monster Stack(1040952818)#001' 6-max (real money) Seat #2 is the button
Seat 1: MathisKcr (93740)
Seat 2: Ewenzer (98020)
Seat 4: PanPanQQVinz (96040)
Seat 5: &Mer2Ci (99760)
Seat 6: THE_MANIAC (312440)
*** ANTE/BLINDS ***
PanPanQQVinz posts ante 120
&Mer2Ci posts ante 120
MathisKcr posts ante 120
Ewenzer posts ante 120
THE_MANIAC posts ante 120
PanPanQQVinz posts small blind 500
&Mer2Ci posts big blind 1000
Dealt to MathisKcr [9s 6s]
*** PRE-FLOP *** 
THE_MANIAC folds
MathisKcr folds
Ewenzer raises 2000 to 3000
PanPanQQVinz folds
&Mer2Ci raises 10500 to 13500
Ewenzer calls 10500
*** FLOP *** [7s 4s 7c]
&Mer2Ci checks
Ewenzer bets 18265
&Mer2Ci calls 18265
*** TURN *** [7s 4s 7c][Kh]
&Mer2Ci checks
Ewenzer checks
*** RIVER *** [7s 4s 7c Kh][4c]
&Mer2Ci bets 67875 and is all-in
Ewenzer folds
&Mer2Ci collected 132505 from pot
*** SUMMARY ***
Total pot 132505 | No rake
Board: [7s 4s 7c Kh 4c]
Seat 5: &Mer2Ci (big blind) won 132505


Winamax Poker - Tournament "Monster Stack" buyIn: 0.90€ + 0.10€ level: 1 - HandId: #4470858309989040130-10-1769951064 - Holdem no limit (120/500/1000) - 2026/02/01 13:04:24 UTC
Table: 'Monster Stack(1040952818)#001' 6-max (real money) Seat #4 is the button
Seat 1: MathisKcr (93620)
Seat 2: Ewenzer (66135)
Seat 3: simbasez5 (100000)
Seat 4: PanPanQQVinz (95420)
Seat 5: &Mer2Ci (132505)
Seat 6: THE_MANIAC (312320)
*** ANTE/BLINDS ***
&Mer2Ci posts ante 120
THE_MANIAC posts ante 120
MathisKcr posts ante 120
Ewenzer posts ante 120
simbasez5 posts ante 120
PanPanQQVinz posts ante 120
&Mer2Ci posts small blind 500
THE_MANIAC posts big blind 1000
Dealt to MathisKcr [Qc 9h]
*** PRE-FLOP *** 
MathisKcr raises 1000 to 2000
Ewenzer folds
simbasez5 folds
PanPanQQVinz folds
&Mer2Ci folds
THE_MANIAC calls 1000
*** FLOP *** [4s Jh 9d]
THE_MANIAC checks
MathisKcr bets 3393
THE_MANIAC calls 3393
*** TURN *** [4s Jh 9d][Kd]
THE_MANIAC checks
MathisKcr bets 6003
THE_MANIAC folds
MathisKcr collected 18009 from pot
*** SUMMARY ***
Total pot 18009 | No rake
Board: [4s Jh 9d Kd]
Seat 1: MathisKcr won 18009


Winamax Poker - Tournament "Monster Stack" buyIn: 0.90€ + 0.10€ level: 1 - HandId: #4470858309989040130-11-1769951136 - Holdem no limit (120/500/1000) - 2026/02/01 13:05:36 UTC
Table: 'Monster Stack(1040952818)#001' 6-max (real money) Seat #5 is the button
Seat 1: MathisKcr (100113)
Seat 3: simbasez5 (99880)
Seat 4: PanPanQQVinz (95300)
Seat 5: &Mer2Ci (131885)
Seat 6: THE_MANIAC (306807)
*** ANTE/BLINDS ***
THE_MANIAC posts ante 120
MathisKcr posts ante 120
simbasez5 posts ante 120
PanPanQQVinz posts ante 120
&Mer2Ci posts ante 120
THE_MANIAC posts small blind 500
MathisKcr posts big blind 1000
Dealt to MathisKcr [7c Js]
*** PRE-FLOP *** 
simbasez5 folds
PanPanQQVinz folds
&Mer2Ci raises 2000 to 3000
THE_MANIAC folds
MathisKcr calls 2000
*** FLOP *** [2c Jd Jc]
MathisKcr checks
&Mer2Ci bets 2343
MathisKcr calls 2343
*** TURN *** [2c Jd Jc][Qs]
MathisKcr checks
&Mer2Ci checks
*** RIVER *** [2c Jd Jc Qs][4c]
MathisKcr bets 5893
&Mer2Ci calls 5893
*** SHOW DOWN ***
&Mer2Ci shows [Qc 8d] (Two pairs : Queens and Jacks)
MathisKcr shows [7c Js] (Trips of Jacks)
MathisKcr collected 23572 from pot
*** SUMMARY ***
Total pot 23572 | No rake
Board: [2c Jd Jc Qs 4c]
Seat 1: MathisKcr (big blind) showed [7c Js] and won 23572 with Trips of Jacks
Seat 5: &Mer2Ci (button) showed [Qc 8d] and lost with Two pairs : Queens and Jacks


Winamax Poker - Tournament "Monster Stack" buyIn: 0.90€ + 0.10€ level: 1 - HandId: #4470858309989040130-12-1769951204 - Holdem no limit (120/500/1000) - 2026/02/01 13:06:44 UTC
Table: 'Monster Stack(1040952818)#001' 6-max (real money) Seat #6 is the button
Seat 1: MathisKcr (112329)
Seat 3: simbasez5 (99760)
Seat 4: PanPanQQVinz (95180)
Seat 5: &Mer2Ci (120529)
Seat 6: THE_MANIAC (306187)
*** ANTE/BLINDS ***
MathisKcr posts ante 120
simbasez5 posts ante 120
PanPanQQVinz posts ante 120
&Mer2Ci posts ante 120
THE_MANIAC posts ante 120
MathisKcr posts small blind 500
simbasez5 posts big blind 1000
Dealt to MathisKcr [5d 8c]
*** PRE-FLOP *** 
PanPanQQVinz folds
&Mer2Ci raises 2000 to 3000
THE_MANIAC folds
MathisKcr folds
simbasez5 folds
&Mer2Ci collected 5100 from pot
*** SUMMARY ***
Total pot 5100 | No rake
Seat 5: &Mer2Ci won 5100


Winamax Poker - Tournament "Monster Stack" buyIn: 0.90€ + 0.10€ level: 1 - HandId: #4470858309989040130-13-1769951249 - Holdem no limit (120/500/1000) - 2026/02/01 13:07:29 UTC
Table: 'Monster Stack(1040952818)#001' 6-max (real money) Seat #1 is the button
Seat 1: MathisKcr (111709)
Seat 2: JorddyBadboa (100000)
Seat 3: simbasez5 (98640)
Seat 4: PanPanQQVinz (95060)
Seat 5: &Mer2Ci (122509)
Seat 6: THE_MANIAC (306067)
*** ANTE/BLINDS ***
simbasez5 posts ante 120
PanPanQQVinz posts ante 120
MathisKcr posts ante 120
&Mer2Ci posts ante 120
THE_MANIAC posts ante 120
simbasez5 posts small blind 500
PanPanQQVinz posts big blind 1000
Dealt to MathisKcr [3c Jd]
*** PRE-FLOP *** 
&Mer2Ci folds
THE_MANIAC folds
MathisKcr folds
simbasez5 calls 500
PanPanQQVinz checks
*** FLOP *** [7c 8d 9s]
simbasez5 bets 1000
PanPanQQVinz folds
simbasez5 collected 3600 from pot
*** SUMMARY ***
Total pot 3600 | No rake
Board: [7c 8d 9s]
Seat 3: simbasez5 (small blind) won 3600


Winamax Poker - Tournament "Monster Stack" buyIn: 0.90€ + 0.10€ level: 1 - HandId: #4470858309989040130-14-1769951285 - Holdem no limit (120/500/1000) - 2026/02/01 13:08:05 UTC
Table: 'Monster Stack(1040952818)#001' 6-max (real money) Seat #3 is the button
Seat 1: MathisKcr (111589)
Seat 2: JorddyBadboa (100000)
Seat 3: simbasez5 (100120)
Seat 4: PanPanQQVinz (93940)
Seat 5: &Mer2Ci (122389)
Seat 6: THE_MANIAC (305947)
*** ANTE/BLINDS ***
PanPanQQVinz posts ante 120
&Mer2Ci posts ante 120
MathisKcr posts ante 120
JorddyBadboa posts ante 120
simbasez5 posts ante 120
THE_MANIAC posts ante 120
PanPanQQVinz posts small blind 500
&Mer2Ci posts big blind 1000
Dealt to MathisKcr [8c 2c]
*** PRE-FLOP *** 
THE_MANIAC folds
MathisKcr folds
JorddyBadboa calls 1000
simbasez5 raises 3000 to 4000
PanPanQQVinz folds
&Mer2Ci folds
JorddyBadboa calls 3000
*** FLOP *** [Qh Kh Td]
JorddyBadboa bets 95880 and is all-in
simbasez5 calls 95880
*** TURN *** [Qh Kh Td][9c]
*** RIVER *** [Qh Kh Td 9c][Kd]
*** SHOW DOWN ***
JorddyBadboa shows [7s Ac] (One pair : Kings)
simbasez5 shows [Ks Ad] (Trips of Kings)
simbasez5 collected 201980 from pot
*** SUMMARY ***
Total pot 201980 | No rake
Board: [Qh Kh Td 9c Kd]
Seat 2: JorddyBadboa showed [7s Ac] and lost with One pair : Kings
Seat 3: simbasez5 (button) showed [Ks Ad] and won 201980 with Trips of Kings


Winamax Poker - Tournament "Monster Stack" buyIn: 0.90€ + 0.10€ level: 1 - HandId: #4470858309989040130-15-1769951358 - Holdem no limit (120/500/1000) - 2026/02/01 13:09:18 UTC
Table: 'Monster Stack(1040952818)#001' 6-max (real money) Seat #4 is the button
Seat 1: MathisKcr (111469)
Seat 3: simbasez5 (202100)
Seat 4: PanPanQQVinz (93320)
Seat 5: &Mer2Ci (121269)
Seat 6: THE_MANIAC (305827)
*** ANTE/BLINDS ***
&Mer2Ci posts ante 120
THE_MANIAC posts ante 120
MathisKcr posts ante 120
simbasez5 posts ante 120
PanPanQQVinz posts ante 120
&Mer2Ci posts small blind 500
THE_MANIAC posts big blind 1000
Dealt to MathisKcr [5c Td]
*** PRE-FLOP *** 
MathisKcr folds
simbasez5 folds
PanPanQQVinz folds
&Mer2Ci raises 1000 to 2000
THE_MANIAC calls 1000
*** FLOP *** [Jc 2d Kd]
&Mer2Ci bets 1518
THE_MANIAC calls 1518
*** TURN *** [Jc 2d Kd][4h]
&Mer2Ci checks
THE_MANIAC bets 2673
&Mer2Ci folds
THE_MANIAC collected 10309 from pot
*** SUMMARY ***
Total pot 10309 | No rake
Board: [Jc 2d Kd 4h]
Seat 6: THE_MANIAC (big blind) won 10309


Winamax Poker - Tournament "Monster Stack" buyIn: 0.90€ + 0.10€ level: 1 - HandId: #4470858309989040130-16-1769951417 - Holdem no limit (120/500/1000) - 2026/02/01 13:10:17 UTC
Table: 'Monster Stack(1040952818)#001' 6-max (real money) Seat #5 is the button
Seat 1: MathisKcr (111349)
Seat 3: simbasez5 (201980)
Seat 4: PanPanQQVinz (93200)
Seat 5: &Mer2Ci (117631)
Seat 6: THE_MANIAC (309825)
*** ANTE/BLINDS ***
THE_MANIAC posts ante 120
MathisKcr posts ante 120
simbasez5 posts ante 120
PanPanQQVinz posts ante 120
&Mer2Ci posts ante 120
THE_MANIAC posts small blind 500
MathisKcr posts big blind 1000
Dealt to MathisKcr [Ac 7h]
*** PRE-FLOP *** 
simbasez5 folds
PanPanQQVinz raises 1000 to 2000
&Mer2Ci calls 2000
THE_MANIAC calls 1500
MathisKcr calls 1000
*** FLOP *** [5h 4s Jd]
THE_MANIAC checks
MathisKcr bets 4300
PanPanQQVinz folds
&Mer2Ci folds
THE_MANIAC folds
MathisKcr collected 12900 from pot
*** SUMMARY ***
Total pot 12900 | No rake
Board: [5h 4s Jd]
Seat 1: MathisKcr (big blind) won 12900


Winamax Poker - Tournament "Monster Stack" buyIn: 0.90€ + 0.10€ level: 1 - HandId: #4470858309989040130-17-1769951458 - Holdem no limit (120/500/1000) - 2026/02/01 13:10:58 UTC
Table: 'Monster Stack(1040952818)#001' 6-max (real money) Seat #6 is the button
Seat 1: MathisKcr (117829)
Seat 3: simbasez5 (201860)
Seat 4: PanPanQQVinz (91080)
Seat 5: &Mer2Ci (115511)
Seat 6: THE_MANIAC (307705)
*** ANTE/BLINDS ***
MathisKcr posts ante 120
simbasez5 posts ante 120
PanPanQQVinz posts ante 120
&Mer2Ci posts ante 120
THE_MANIAC posts ante 120
MathisKcr posts small blind 500
simbasez5 posts big blind 1000
Dealt to MathisKcr [8h 4s]
*** PRE-FLOP *** 
PanPanQQVinz folds
&Mer2Ci raises 2000 to 3000
THE_MANIAC calls 3000
MathisKcr folds
simbasez5 calls 2000
*** FLOP *** [9s Tc Jc]
simbasez5 checks
&Mer2Ci bets 5050
THE_MANIAC calls 5050
simbasez5 raises 10100 to 15150
&Mer2Ci raises 29038 to 44188
THE_MANIAC folds
simbasez5 calls 29038
*** TURN *** [9s Tc Jc][Th]
simbasez5 checks
&Mer2Ci bets 68203 and is all-in
simbasez5 calls 68203
*** RIVER *** [9s Tc Jc Th][Ah]
*** SHOW DOWN ***
&Mer2Ci shows [Kc 7c] (One pair : Tens)
simbasez5 shows [8s 7d] (Straight Jack high)
simbasez5 collected 239932 from pot
*** SUMMARY ***
Total pot 239932 | No rake
Board: [9s Tc Jc Th Ah]
Seat 3: simbasez5 (big blind) showed [8s 7d] and won 239932 with Straight Jack high
Seat 5: &Mer2Ci showed [Kc 7c] and lost with One pair : Tens


Winamax Poker - Tournament "Monster Stack" buyIn: 0.90€ + 0.10€ level: 1 - HandId: #4470858309989040130-18-1769951567 - Holdem no limit (120/500/1000) - 2026/02/01 13:12:47 UTC
Table: 'Monster Stack(1040952818)#001' 6-max (real money) Seat #1 is the button
Seat 1: MathisKcr (117209)
Seat 3: simbasez5 (326281)
Seat 4: PanPanQQVinz (90960)
Seat 6: THE_MANIAC (299535)
*** ANTE/BLINDS ***
simbasez5 posts ante 120
PanPanQQVinz posts ante 120
MathisKcr posts ante 120
THE_MANIAC posts ante 120
simbasez5 posts small blind 500
PanPanQQVinz posts big blind 1000
Dealt to MathisKcr [3h 7h]
*** PRE-FLOP *** 
THE_MANIAC folds
MathisKcr folds
simbasez5 calls 500
PanPanQQVinz checks
*** FLOP *** [8d 7d 4h]
simbasez5 checks
PanPanQQVinz checks
*** TURN *** [8d 7d 4h][Ks]
simbasez5 bets 1500
PanPanQQVinz folds
simbasez5 collected 3980 from pot
*** SUMMARY ***
Total pot 3980 | No rake
Board: [8d 7d 4h Ks]
Seat 3: simbasez5 (small blind) won 3980


Winamax Poker - Tournament "Monster Stack" buyIn: 0.90€ + 0.10€ level: 1 - HandId: #4470858309989040130-19-1769951593 - Holdem no limit (120/500/1000) - 2026/02/01 13:13:13 UTC
Table: 'Monster Stack(1040952818)#001' 6-max (real money) Seat #3 is the button
Seat 1: MathisKcr (117089)
Seat 2: Fabulous84 (98880)
Seat 3: simbasez5 (327641)
Seat 4: PanPanQQVinz (89840)
Seat 6: THE_MANIAC (299415)
*** ANTE/BLINDS ***
PanPanQQVinz posts ante 120
THE_MANIAC posts ante 120
MathisKcr posts ante 120
Fabulous84 posts ante 120
simbasez5 posts ante 120
PanPanQQVinz posts small blind 500
THE_MANIAC posts big blind 1000
Dealt to MathisKcr [3d Ks]
*** PRE-FLOP *** 
MathisKcr raises 1000 to 2000
Fabulous84 raises 5000 to 7000
simbasez5 folds
PanPanQQVinz folds
THE_MANIAC folds
MathisKcr folds
Fabulous84 collected 11100 from pot
*** SUMMARY ***
Total pot 11100 | No rake
Seat 2: Fabulous84 won 11100


Winamax Poker - Tournament "Monster Stack" buyIn: 0.90€ + 0.10€ level: 1 - HandId: #4470858309989040130-20-1769951637 - Holdem no limit (120/500/1000) - 2026/02/01 13:13:57 UTC
Table: 'Monster Stack(1040952818)#001' 6-max (real money) Seat #4 is the button
Seat 1: MathisKcr (114969)
Seat 2: Fabulous84 (102860)
Seat 3: simbasez5 (327521)
Seat 4: PanPanQQVinz (89220)
Seat 6: THE_MANIAC (298295)
*** ANTE/BLINDS ***
THE_MANIAC posts ante 120
MathisKcr posts ante 120
Fabulous84 posts ante 120
simbasez5 posts ante 120
PanPanQQVinz posts ante 120
THE_MANIAC posts small blind 500
MathisKcr posts big blind 1000
Dealt to MathisKcr [3s 5h]
*** PRE-FLOP *** 
Fabulous84 folds
simbasez5 folds
PanPanQQVinz folds
THE_MANIAC raises 2000 to 3000
MathisKcr folds
THE_MANIAC collected 4600 from pot
*** SUMMARY ***
Total pot 4600 | No rake
Seat 6: THE_MANIAC (small blind) won 4600


Winamax Poker - Tournament "Monster Stack" buyIn: 0.90€ + 0.10€ level: 1 - HandId: #4470858309989040130-21-1769951654 - Holdem no limit (120/500/1000) - 2026/02/01 13:14:14 UTC
Table: 'Monster Stack(1040952818)#001' 6-max (real money) Seat #6 is the button
Seat 1: MathisKcr (113849)
Seat 2: Fabulous84 (102740)
Seat 3: simbasez5 (327401)
Seat 4: PanPanQQVinz (89100)
Seat 6: THE_MANIAC (299775)
*** ANTE/BLINDS ***
MathisKcr posts ante 120
Fabulous84 posts ante 120
simbasez5 posts ante 120
PanPanQQVinz posts ante 120
THE_MANIAC posts ante 120
MathisKcr posts small blind 500
Fabulous84 posts big blind 1000
Dealt to MathisKcr [8c 7d]
*** PRE-FLOP *** 
simbasez5 raises 1500 to 2500
PanPanQQVinz folds
THE_MANIAC calls 2500
MathisKcr calls 2000
Fabulous84 folds
*** FLOP *** [5s 9d 2c]
MathisKcr bets 3000
simbasez5 calls 3000
THE_MANIAC calls 3000
*** TURN *** [5s 9d 2c][5h]
MathisKcr checks
simbasez5 checks
THE_MANIAC bets 9050
MathisKcr folds
simbasez5 folds
THE_MANIAC collected 27150 from pot
*** SUMMARY ***
Total pot 27150 | No rake
Board: [5s 9d 2c 5h]
Seat 6: THE_MANIAC (button) won 27150


Winamax Poker - Tournament "Monster Stack" buyIn: 0.90€ + 0.10€ level: 1 - HandId: #4470858309989040130-22-1769951721 - Holdem no limit (120/500/1000) - 2026/02/01 13:15:21 UTC
Table: 'Monster Stack(1040952818)#001' 6-max (real money) Seat #1 is the button
Seat 1: MathisKcr (108229)
Seat 2: Fabulous84 (101620)
Seat 3: simbasez5 (321781)
Seat 4: PanPanQQVinz (88980)
Seat 6: THE_MANIAC (312255)
*** ANTE/BLINDS ***
Fabulous84 posts ante 120
simbasez5 posts ante 120
MathisKcr posts ante 120
PanPanQQVinz posts ante 120
THE_MANIAC posts ante 120
Fabulous84 posts small blind 500
simbasez5 posts big blind 1000
Dealt to MathisKcr [8s 7c]
*** PRE-FLOP *** 
PanPanQQVinz folds
THE_MANIAC raises 1500 to 2500
MathisKcr folds
Fabulous84 folds
simbasez5 calls 1500
*** FLOP *** [Ac 5c 4s]
simbasez5 checks
THE_MANIAC checks
*** TURN *** [Ac 5c 4s][Qs]
simbasez5 checks
THE_MANIAC bets 2135
simbasez5 folds
THE_MANIAC collected 8235 from pot
*** SUMMARY ***
Total pot 8235 | No rake
Board: [Ac 5c 4s Qs]
Seat 6: THE_MANIAC won 8235


Winamax Poker - Tournament "Monster Stack" buyIn: 0.90€ + 0.10€ level: 1 - HandId: #4470858309989040130-23-1769951817 - Holdem no limit (120/500/1000) - 2026/02/01 13:16:57 UTC
Table: 'Monster Stack(1040952818)#001' 6-max (real money) Seat #2 is the button
Seat 1: MathisKcr (108109)
Seat 2: Fabulous84 (101000)
Seat 3: simbasez5 (319161)
Seat 4: PanPanQQVinz (88860)
Seat 6: THE_MANIAC (315735)
*** ANTE/BLINDS ***
simbasez5 posts ante 120
PanPanQQVinz posts ante 120
MathisKcr posts ante 120
Fabulous84 posts ante 120
THE_MANIAC posts ante 120
simbasez5 posts small blind 500
PanPanQQVinz posts big blind 1000
Dealt to MathisKcr [8c 2d]
*** PRE-FLOP *** 
THE_MANIAC folds
MathisKcr folds
Fabulous84 folds
simbasez5 calls 500
PanPanQQVinz checks
*** FLOP *** [Jh 4s Tc]
simbasez5 checks
PanPanQQVinz checks
*** TURN *** [Jh 4s Tc][Ks]
simbasez5 bets 1690
PanPanQQVinz calls 1690
*** RIVER *** [Jh 4s Tc Ks][3h]
simbasez5 bets 2990
PanPanQQVinz calls 2990
*** SHOW DOWN ***
simbasez5 shows [5c 3s] (One pair : 3)
PanPanQQVinz shows [Ts Qh] (One pair : Tens)
PanPanQQVinz collected 11960 from pot
*** SUMMARY ***
Total pot 11960 | No rake
Board: [Jh 4s Tc Ks 3h]
Seat 3: simbasez5 (small blind) showed [5c 3s] and lost with One pair : 3
Seat 4: PanPanQQVinz (big blind) showed [Ts Qh] and won 11960 with One pair : Tens


Winamax Poker - Tournament "Monster Stack" buyIn: 0.90€ + 0.10€ level: 1 - HandId: #4470858309989040130-24-1769951888 - Holdem no limit (120/500/1000) - 2026/02/01 13:18:08 UTC
Table: 'Monster Stack(1040952818)#001' 6-max (real money) Seat #3 is the button
Seat 1: MathisKcr (107989)
Seat 2: Fabulous84 (100880)
Seat 3: simbasez5 (313361)
Seat 4: PanPanQQVinz (95020)
Seat 5: InYourDreams (100000)
*** ANTE/BLINDS ***
PanPanQQVinz posts ante 120
InYourDreams posts ante 120
MathisKcr posts ante 120
Fabulous84 posts ante 120
simbasez5 posts ante 120
PanPanQQVinz posts small blind 500
InYourDreams posts big blind 1000
Dealt to MathisKcr [9s 7s]
*** PRE-FLOP *** 
MathisKcr raises 1000 to 2000
Fabulous84 folds
simbasez5 folds
PanPanQQVinz folds
InYourDreams calls 1000
*** FLOP *** [Ks Th 2s]
InYourDreams checks
MathisKcr bets 2550
InYourDreams calls 2550
*** TURN *** [Ks Th 2s][8h]
InYourDreams checks
MathisKcr bets 6630
InYourDreams folds
MathisKcr collected 16830 from pot
*** SUMMARY ***
Total pot 16830 | No rake
Board: [Ks Th 2s 8h]
Seat 1: MathisKcr won 16830


Winamax Poker - Tournament "Monster Stack" buyIn: 0.90€ + 0.10€ level: 1 - HandId: #4470858309989040130-25-1769951942 - Holdem no limit (120/500/1000) - 2026/02/01 13:19:02 UTC
Table: 'Monster Stack(1040952818)#001' 6-max (real money) Seat #4 is the button
Seat 1: MathisKcr (113519)
Seat 2: Fabulous84 (100760)
Seat 3: simbasez5 (313241)
Seat 4: PanPanQQVinz (94400)
Seat 5: InYourDreams (95330)
*** ANTE/BLINDS ***
InYourDreams posts ante 120
MathisKcr posts ante 120
Fabulous84 posts ante 120
simbasez5 posts ante 120
PanPanQQVinz posts ante 120
InYourDreams posts small blind 500
MathisKcr posts big blind 1000
Dealt to MathisKcr [2s 5s]
*** PRE-FLOP *** 
Fabulous84 folds
simbasez5 folds
PanPanQQVinz folds
InYourDreams folds
MathisKcr collected 2100 from pot
*** SUMMARY ***
Total pot 2100 | No rake
Seat 1: MathisKcr (big blind) won 2100


Winamax Poker - Tournament "Monster Stack" buyIn: 0.90€ + 0.10€ level: 1 - HandId: #4470858309989040130-26-1769951970 - Holdem no limit (120/500/1000) - 2026/02/01 13:19:30 UTC
Table: 'Monster Stack(1040952818)#001' 6-max (real money) Seat #5 is the button
Seat 1: MathisKcr (114499)
Seat 2: Fabulous84 (100640)
Seat 3: simbasez5 (313121)
Seat 4: PanPanQQVinz (94280)
Seat 5: InYourDreams (94710)
*** ANTE/BLINDS ***
MathisKcr posts ante 120
Fabulous84 posts ante 120
simbasez5 posts ante 120
PanPanQQVinz posts ante 120
InYourDreams posts ante 120
MathisKcr posts small blind 500
Fabulous84 posts big blind 1000
Dealt to MathisKcr [6s 6h]
*** PRE-FLOP *** 
simbasez5 raises 1500 to 2500
PanPanQQVinz raises 7500 to 10000
InYourDreams folds
MathisKcr raises 104379 to 114379 and is all-in
Fabulous84 folds
simbasez5 folds
PanPanQQVinz calls 84160 and is all-in
*** FLOP *** [8s 5h 4c]
*** TURN *** [8s 5h 4c][Jh]
*** RIVER *** [8s 5h 4c Jh][Th]
*** SHOW DOWN ***
PanPanQQVinz shows [Ks Ad] (High card : Ace)
MathisKcr shows [6s 6h] (One pair : 6)
MathisKcr collected 212639 from pot
*** SUMMARY ***
Total pot 212639 | No rake
Board: [8s 5h 4c Jh Th]
Seat 1: MathisKcr (small blind) showed [6s 6h] and won 212639 with One pair : 6
Seat 4: PanPanQQVinz showed [Ks Ad] and lost with High card : Ace


Winamax Poker - Tournament "Monster Stack" buyIn: 0.90€ + 0.10€ level: 1 - HandId: #4470858309989040130-27-1769952025 - Holdem no limit (120/500/1000) - 2026/02/01 13:20:25 UTC
Table: 'Monster Stack(1040952818)#001' 6-max (real money) Seat #1 is the button
Seat 1: MathisKcr (212639)
Seat 2: Fabulous84 (99520)
Seat 3: simbasez5 (310501)
Seat 5: InYourDreams (94590)
Seat 6: Columbo33 (100000)
*** ANTE/BLINDS ***
Fabulous84 posts ante 120
simbasez5 posts ante 120
MathisKcr posts ante 120
InYourDreams posts ante 120
Columbo33 posts ante 120
Fabulous84 posts small blind 500
simbasez5 posts big blind 1000
Dealt to MathisKcr [Qc Qs]
*** PRE-FLOP *** 
InYourDreams raises 1500 to 2500
Columbo33 folds
MathisKcr raises 3500 to 6000
Fabulous84 folds
simbasez5 folds
InYourDreams folds
MathisKcr collected 10600 from pot
*** SUMMARY ***
Total pot 10600 | No rake
Seat 1: MathisKcr (button) won 10600


Winamax Poker - Tournament "Monster Stack" buyIn: 0.90€ + 0.10€ level: 1 - HandId: #4470858309989040130-28-1769952060 - Holdem no limit (120/500/1000) - 2026/02/01 13:21:00 UTC
Table: 'Monster Stack(1040952818)#001' 6-max (real money) Seat #2 is the button
Seat 1: MathisKcr (217119)
Seat 2: Fabulous84 (98900)
Seat 3: simbasez5 (309381)
Seat 5: InYourDreams (91970)
Seat 6: Columbo33 (99880)
*** ANTE/BLINDS ***
simbasez5 posts ante 120
InYourDreams posts ante 120
MathisKcr posts ante 120
Fabulous84 posts ante 120
Columbo33 posts ante 120
simbasez5 posts small blind 500
InYourDreams posts big blind 1000
Dealt to MathisKcr [3c 5s]
*** PRE-FLOP *** 
Columbo33 folds
MathisKcr folds
Fabulous84 raises 1500 to 2500
simbasez5 folds
InYourDreams calls 1500
*** FLOP *** [Kd 6h Th]
InYourDreams checks
Fabulous84 bets 2135
InYourDreams calls 2135
*** TURN *** [Kd 6h Th][Jd]
InYourDreams checks
Fabulous84 bets 8296
InYourDreams folds
Fabulous84 collected 18666 from pot
*** SUMMARY ***
Total pot 18666 | No rake
Board: [Kd 6h Th Jd]
Seat 2: Fabulous84 (button) won 18666


Winamax Poker - Tournament "Monster Stack" buyIn: 0.90€ + 0.10€ level: 1 - HandId: #4470858309989040130-29-1769952146 - Holdem no limit (120/500/1000) - 2026/02/01 13:22:26 UTC
Table: 'Monster Stack(1040952818)#001' 6-max (real money) Seat #3 is the button
Seat 1: MathisKcr (216999)
Seat 2: Fabulous84 (104515)
Seat 3: simbasez5 (308761)
Seat 4: RagazziSpa (100000)
Seat 5: InYourDreams (87215)
Seat 6: Columbo33 (99760)
*** ANTE/BLINDS ***
InYourDreams posts ante 120
Columbo33 posts ante 120
MathisKcr posts ante 120
Fabulous84 posts ante 120
simbasez5 posts ante 120
InYourDreams posts small blind 500
Columbo33 posts big blind 1000
Dealt to MathisKcr [Qd 4d]
*** PRE-FLOP *** 
MathisKcr raises 1000 to 2000
Fabulous84 calls 2000
simbasez5 folds
InYourDreams folds
Columbo33 folds
*** FLOP *** [8c Kc Qh]
MathisKcr bets 3050
Fabulous84 folds
MathisKcr collected 9150 from pot
*** SUMMARY ***
Total pot 9150 | No rake
Board: [8c Kc Qh]
Seat 1: MathisKcr won 9150


Winamax Poker - Tournament "Monster Stack" buyIn: 0.90€ + 0.10€ level: 1 - HandId: #4470858309989040130-30-1769952194 - Holdem no limit (120/500/1000) - 2026/02/01 13:23:14 UTC
Table: 'Monster Stack(1040952818)#001' 6-max (real money) Seat #5 is the button
Seat 1: MathisKcr (220979)
Seat 2: Fabulous84 (102395)
Seat 3: simbasez5 (308641)
Seat 4: RagazziSpa (100000)
Seat 5: InYourDreams (86595)
Seat 6: Columbo33 (98640)
*** ANTE/BLINDS ***
Columbo33 posts ante 120
MathisKcr posts ante 120
Fabulous84 posts ante 120
simbasez5 posts ante 120
RagazziSpa posts ante 120
InYourDreams posts ante 120
Columbo33 posts small blind 500
MathisKcr posts big blind 1000
Dealt to MathisKcr [3s Kd]
*** PRE-FLOP *** 
Fabulous84 folds
simbasez5 folds
RagazziSpa folds
InYourDreams folds
Columbo33 folds
MathisKcr collected 2220 from pot
*** SUMMARY ***
Total pot 2220 | No rake
Seat 1: MathisKcr (big blind) won 2220


Winamax Poker - Tournament "Monster Stack" buyIn: 0.90€ + 0.10€ level: 1 - HandId: #4470858309989040130-31-1769952230 - Holdem no limit (120/500/1000) - 2026/02/01 13:23:50 UTC
Table: 'Monster Stack(1040952818)#001' 6-max (real money) Seat #6 is the button
Seat 1: MathisKcr (222079)
Seat 2: Fabulous84 (102275)
Seat 3: simbasez5 (308521)
Seat 4: RagazziSpa (99880)
Seat 5: InYourDreams (86475)
Seat 6: Columbo33 (98020)
*** ANTE/BLINDS ***
MathisKcr posts ante 120
Fabulous84 posts ante 120
simbasez5 posts ante 120
RagazziSpa posts ante 120
InYourDreams posts ante 120
Columbo33 posts ante 120
MathisKcr posts small blind 500
Fabulous84 posts big blind 1000
Dealt to MathisKcr [Kc 9s]
*** PRE-FLOP *** 
simbasez5 folds
RagazziSpa folds
InYourDreams raises 1500 to 2500
Columbo33 folds
MathisKcr calls 2000
Fabulous84 calls 1500
*** FLOP *** [Kd 8c Kh]
MathisKcr checks
Fabulous84 checks
InYourDreams checks
*** TURN *** [Kd 8c Kh][Ks]
MathisKcr bets 2055
Fabulous84 folds
InYourDreams calls 2055
*** RIVER *** [Kd 8c Kh Ks][2s]
MathisKcr bets 4316
InYourDreams calls 4316
*** SHOW DOWN ***
InYourDreams shows [3d Ad] (Trips of Kings)
MathisKcr shows [Kc 9s] (Quads of Kings)
MathisKcr collected 20962 from pot
*** SUMMARY ***
Total pot 20962 | No rake
Board: [Kd 8c Kh Ks 2s]
Seat 1: MathisKcr (small blind) showed [Kc 9s] and won 20962 with Quads of Kings
Seat 5: InYourDreams showed [3d Ad] and lost with Trips of Kings


Winamax Poker - Tournament "Monster Stack" buyIn: 0.90€ + 0.10€ level: 1 - HandId: #4470858309989040130-32-1769952319 - Holdem no limit (120/500/1000) - 2026/02/01 13:25:19 UTC
Table: 'Monster Stack(1040952818)#001' 6-max (real money) Seat #1 is the button
Seat 1: MathisKcr (234050)
Seat 2: Fabulous84 (99655)
Seat 3: simbasez5 (308401)
Seat 5: InYourDreams (77484)
Seat 6: Columbo33 (97900)
*** ANTE/BLINDS ***
Fabulous84 posts ante 120
simbasez5 posts ante 120
MathisKcr posts ante 120
InYourDreams posts ante 120
Columbo33 posts ante 120
Fabulous84 posts small blind 500
simbasez5 posts big blind 1000
Dealt to MathisKcr [3c 3d]
*** PRE-FLOP *** 
InYourDreams raises 1500 to 2500
Columbo33 folds
MathisKcr raises 5000 to 7500
Fabulous84 folds
simbasez5 folds
InYourDreams folds
MathisKcr collected 12100 from pot
*** SUMMARY ***
Total pot 12100 | No rake
Seat 1: MathisKcr (button) won 12100


Winamax Poker - Tournament "Monster Stack" buyIn: 0.90€ + 0.10€ level: 1 - HandId: #4470858309989040130-33-1769952371 - Holdem no limit (120/500/1000) - 2026/02/01 13:26:11 UTC
Table: 'Monster Stack(1040952818)#001' 6-max (real money) Seat #2 is the button
Seat 1: MathisKcr (238530)
Seat 2: Fabulous84 (99035)
Seat 3: simbasez5 (307281)
Seat 5: InYourDreams (74864)
Seat 6: Columbo33 (97780)
*** ANTE/BLINDS ***
simbasez5 posts ante 120
InYourDreams posts ante 120
MathisKcr posts ante 120
Fabulous84 posts ante 120
Columbo33 posts ante 120
simbasez5 posts small blind 500
InYourDreams posts big blind 1000
Dealt to MathisKcr [Ad Jd]
*** PRE-FLOP *** 
Columbo33 folds
MathisKcr raises 2000 to 3000
Fabulous84 raises 7500 to 10500
simbasez5 folds
InYourDreams folds
MathisKcr calls 7500
*** FLOP *** [Tc 3d 6c]
MathisKcr bets 8085
Fabulous84 raises 22696 to 30781
MathisKcr calls 22696
*** TURN *** [Tc 3d 6c][7c]
MathisKcr checks
Fabulous84 bets 57634 and is all-in
MathisKcr folds
Fabulous84 collected 142296 from pot
*** SUMMARY ***
Total pot 142296 | No rake
Board: [Tc 3d 6c 7c]
Seat 2: Fabulous84 (button) won 142296


Winamax Poker - Tournament "Monster Stack" buyIn: 0.90€ + 0.10€ level: 1 - HandId: #4470858309989040130-34-1769952457 - Holdem no limit (120/500/1000) - 2026/02/01 13:27:37 UTC
Table: 'Monster Stack(1040952818)#001' 6-max (real money) Seat #3 is the button
Seat 1: MathisKcr (197129)
Seat 2: Fabulous84 (142296)
Seat 3: simbasez5 (306661)
Seat 4: Polo IV (100000)
Seat 5: InYourDreams (73744)
Seat 6: Columbo33 (97660)
*** ANTE/BLINDS ***
InYourDreams posts ante 120
Columbo33 posts ante 120
MathisKcr posts ante 120
Fabulous84 posts ante 120
simbasez5 posts ante 120
InYourDreams posts small blind 500
Columbo33 posts big blind 1000
Dealt to MathisKcr [2d 3h]
*** PRE-FLOP *** 
MathisKcr folds
Fabulous84 folds
simbasez5 folds
InYourDreams calls 500
Columbo33 checks
*** FLOP *** [Js 5s 6h]
InYourDreams checks
Columbo33 checks
*** TURN *** [Js 5s 6h][6c]
InYourDreams checks
Columbo33 checks
*** RIVER *** [Js 5s 6h 6c][Ts]
InYourDreams checks
Columbo33 checks
*** SHOW DOWN ***
InYourDreams shows [2c Ad] (One pair : 6)
Columbo33 shows [5c Qc] (Two pairs : 6 and 5)
Columbo33 collected 2600 from pot
*** SUMMARY ***
Total pot 2600 | No rake
Board: [Js 5s 6h 6c Ts]
Seat 5: InYourDreams (small blind) showed [2c Ad] and lost with One pair : 6
Seat 6: Columbo33 (big blind) showed [5c Qc] and won 2600 with Two pairs : 6 and 5


Winamax Poker - Tournament "Monster Stack" buyIn: 0.90€ + 0.10€ level: 1 - HandId: #4470858309989040130-35-1769952533 - Holdem no limit (120/500/1000) - 2026/02/01 13:28:53 UTC
Table: 'Monster Stack(1040952818)#001' 6-max (real money) Seat #5 is the button
Seat 1: MathisKcr (197009)
Seat 2: Fabulous84 (142176)
Seat 3: simbasez5 (306541)
Seat 4: Polo IV (100000)
Seat 5: InYourDreams (72624)
Seat 6: Columbo33 (99140)
*** ANTE/BLINDS ***
Columbo33 posts ante 120
MathisKcr posts ante 120
Fabulous84 posts ante 120
simbasez5 posts ante 120
Polo IV posts ante 120
InYourDreams posts ante 120
Columbo33 posts small blind 500
MathisKcr posts big blind 1000
Dealt to MathisKcr [Ac Kh]
*** PRE-FLOP *** 
Fabulous84 folds
simbasez5 folds
Polo IV folds
InYourDreams raises 1500 to 2500
Columbo33 folds
MathisKcr raises 1500 to 4000
InYourDreams calls 1500
*** FLOP *** [Qs 8h Qc]
MathisKcr bets 5993
InYourDreams folds
MathisKcr collected 15213 from pot
*** SUMMARY ***
Total pot 15213 | No rake
Board: [Qs 8h Qc]
Seat 1: MathisKcr (big blind) won 15213


Winamax Poker - Tournament "Monster Stack" buyIn: 0.90€ + 0.10€ level: 1 - HandId: #4470858309989040130-36-1769952591 - Holdem no limit (120/500/1000) - 2026/02/01 13:29:51 UTC
Table: 'Monster Stack(1040952818)#001' 6-max (real money) Seat #6 is the button
Seat 1: MathisKcr (202109)
Seat 2: Fabulous84 (142056)
Seat 3: simbasez5 (306421)
Seat 4: Polo IV (99880)
Seat 5: InYourDreams (68504)
Seat 6: Columbo33 (98520)
*** ANTE/BLINDS ***
MathisKcr posts ante 120
Fabulous84 posts ante 120
simbasez5 posts ante 120
Polo IV posts ante 120
InYourDreams posts ante 120
Columbo33 posts ante 120
MathisKcr posts small blind 500
Fabulous84 posts big blind 1000
Dealt to MathisKcr [9d 9c]
*** PRE-FLOP *** 
simbasez5 folds
Polo IV folds
InYourDreams folds
Columbo33 raises 1000 to 2000
MathisKcr calls 1500
Fabulous84 folds
*** FLOP *** [2d 3h 5d]
MathisKcr bets 2002
Columbo33 calls 2002
*** TURN *** [2d 3h 5d][Qc]
MathisKcr bets 3403
Columbo33 folds
MathisKcr collected 13127 from pot
*** SUMMARY ***
Total pot 13127 | No rake
Board: [2d 3h 5d Qc]
Seat 1: MathisKcr (small blind) won 13127


Winamax Poker - Tournament "Monster Stack" buyIn: 0.90€ + 0.10€ level: 1 - HandId: #4470858309989040130-37-1769952661 - Holdem no limit (120/500/1000) - 2026/02/01 13:31:01 UTC
Table: 'Monster Stack(1040952818)#001' 6-max (real money) Seat #1 is the button
Seat 1: MathisKcr (207711)
Seat 2: Fabulous84 (140936)
Seat 3: simbasez5 (306301)
Seat 4: Polo IV (99760)
Seat 5: InYourDreams (68384)
Seat 6: Columbo33 (94398)
*** ANTE/BLINDS ***
Fabulous84 posts ante 120
simbasez5 posts ante 120
MathisKcr posts ante 120
Polo IV posts ante 120
InYourDreams posts ante 120
Columbo33 posts ante 120
Fabulous84 posts small blind 500
simbasez5 posts big blind 1000
Dealt to MathisKcr [6c Kc]
*** PRE-FLOP *** 
Polo IV folds
InYourDreams folds
Columbo33 folds
MathisKcr raises 2000 to 3000
Fabulous84 folds
simbasez5 calls 2000
*** FLOP *** [5c Ah 6d]
simbasez5 checks
MathisKcr bets 3610
simbasez5 calls 3610
*** TURN *** [5c Ah 6d][6h]
simbasez5 checks
MathisKcr bets 5054
simbasez5 calls 5054
*** RIVER *** [5c Ah 6d 6h][8h]
simbasez5 checks
MathisKcr bets 12274
simbasez5 folds
MathisKcr collected 36822 from pot
*** SUMMARY ***
Total pot 36822 | No rake
Board: [5c Ah 6d 6h 8h]
Seat 1: MathisKcr (button) won 36822


Winamax Poker - Tournament "Monster Stack" buyIn: 0.90€ + 0.10€ level: 1 - HandId: #4470858309989040130-38-1769952775 - Holdem no limit (120/500/1000) - 2026/02/01 13:32:55 UTC
Table: 'Monster Stack(1040952818)#001' 6-max (real money) Seat #2 is the button
Seat 1: MathisKcr (220475)
Seat 2: Fabulous84 (140316)
Seat 3: simbasez5 (294517)
Seat 4: Polo IV (99640)
Seat 6: Columbo33 (94278)
*** ANTE/BLINDS ***
simbasez5 posts ante 120
Polo IV posts ante 120
MathisKcr posts ante 120
Fabulous84 posts ante 120
Columbo33 posts ante 120
simbasez5 posts small blind 500
Polo IV posts big blind 1000
Dealt to MathisKcr [8s Td]
*** PRE-FLOP *** 
Columbo33 raises 2000 to 3000
MathisKcr folds
Fabulous84 folds
simbasez5 calls 2500
Polo IV folds
*** FLOP *** [2d Ts Ah]
simbasez5 bets 2508
Columbo33 raises 5054 to 7562
simbasez5 calls 5054
*** TURN *** [2d Ts Ah][Jd]
simbasez5 checks
Columbo33 checks
*** RIVER *** [2d Ts Ah Jd][Qh]
simbasez5 bets 14771
Columbo33 folds
simbasez5 collected 37495 from pot
*** SUMMARY ***
Total pot 37495 | No rake
Board: [2d Ts Ah Jd Qh]
Seat 3: simbasez5 (small blind) won 37495


Winamax Poker - Tournament "Monster Stack" buyIn: 0.90€ + 0.10€ level: 1 - HandId: #4470858309989040130-39-1769952839 - Holdem no limit (120/500/1000) - 2026/02/01 13:33:59 UTC
Table: 'Monster Stack(1040952818)#001' 6-max (real money) Seat #3 is the button
Seat 1: MathisKcr (220355)
Seat 2: Fabulous84 (140196)
Seat 3: simbasez5 (306559)
Seat 4: Polo IV (98520)
Seat 6: Columbo33 (83596)
*** ANTE/BLINDS ***
Polo IV posts ante 120
Columbo33 posts ante 120
MathisKcr posts ante 120
Fabulous84 posts ante 120
simbasez5 posts ante 120
Polo IV posts small blind 500
Columbo33 posts big blind 1000
Dealt to MathisKcr [Kc 9s]
*** PRE-FLOP *** 
MathisKcr raises 1000 to 2000
Fabulous84 folds
simbasez5 calls 2000
Polo IV calls 1500
Columbo33 calls 1000
*** FLOP *** [Tc 4h 2c]
Polo IV checks
Columbo33 checks
MathisKcr checks
simbasez5 checks
*** TURN *** [Tc 4h 2c][Kh]
Polo IV checks
Columbo33 checks
MathisKcr bets 4300
simbasez5 folds
Polo IV raises 11825 to 16125
Columbo33 folds
MathisKcr calls 11825
*** RIVER *** [Tc 4h 2c Kh][5h]
Polo IV bets 20425
MathisKcr calls 20425
*** SHOW DOWN ***
MathisKcr shows [Kc 9s] (One pair : Kings)
Polo IV shows [4d 4c] (Trips of 4)
Polo IV collected 81700 from pot
*** SUMMARY ***
Total pot 81700 | No rake
Board: [Tc 4h 2c Kh 5h]
Seat 1: MathisKcr showed [Kc 9s] and lost with One pair : Kings
Seat 4: Polo IV (small blind) showed [4d 4c] and won 81700 with Trips of 4


Winamax Poker - Tournament "Monster Stack" buyIn: 0.90€ + 0.10€ level: 1 - HandId: #4470858309989040130-40-1769952913 - Holdem no limit (120/500/1000) - 2026/02/01 13:35:13 UTC
Table: 'Monster Stack(1040952818)#001' 6-max (real money) Seat #4 is the button
Seat 1: MathisKcr (181685)
Seat 2: Fabulous84 (140076)
Seat 3: simbasez5 (304439)
Seat 4: Polo IV (141550)
Seat 6: Columbo33 (81476)
*** ANTE/BLINDS ***
Columbo33 posts ante 120
MathisKcr posts ante 120
Fabulous84 posts ante 120
simbasez5 posts ante 120
Polo IV posts ante 120
Columbo33 posts small blind 500
MathisKcr posts big blind 1000
Dealt to MathisKcr [8c 6h]
*** PRE-FLOP *** 
Fabulous84 folds
simbasez5 raises 1500 to 2500
Polo IV folds
Columbo33 folds
MathisKcr folds
simbasez5 collected 4600 from pot
*** SUMMARY ***
Total pot 4600 | No rake
Seat 3: simbasez5 won 4600


Winamax Poker - Tournament "Monster Stack" buyIn: 0.90€ + 0.10€ level: 1 - HandId: #4470858309989040130-41-1769952934 - Holdem no limit (120/500/1000) - 2026/02/01 13:35:34 UTC
Table: 'Monster Stack(1040952818)#001' 6-max (real money) Seat #6 is the button
Seat 1: MathisKcr (180565)
Seat 2: Fabulous84 (139956)
Seat 3: simbasez5 (306419)
Seat 4: Polo IV (141430)
Seat 5: Kterine2neuf (100000)
Seat 6: Columbo33 (80856)
*** ANTE/BLINDS ***
MathisKcr posts ante 120
Fabulous84 posts ante 120
simbasez5 posts ante 120
Polo IV posts ante 120
Kterine2neuf posts ante 120
Columbo33 posts ante 120
MathisKcr posts small blind 500
Fabulous84 posts big blind 1000
Dealt to MathisKcr [6d 2d]
*** PRE-FLOP *** 
simbasez5 folds
Polo IV raises 1250 to 2250
Kterine2neuf calls 2250
Columbo33 folds
MathisKcr folds
Fabulous84 folds
*** FLOP *** [4d 7h 5h]
Polo IV checks
Kterine2neuf checks
*** TURN *** [4d 7h 5h][Ts]
Polo IV bets 3360
Kterine2neuf calls 3360
*** RIVER *** [4d 7h 5h Ts][2c]
Polo IV bets 10080
Kterine2neuf calls 10080
*** SHOW DOWN ***
Polo IV shows [9h Ah] (High card : Ace)
Kterine2neuf shows [Td Kd] (One pair : Tens)
Kterine2neuf collected 33600 from pot
*** SUMMARY ***
Total pot 33600 | No rake
Board: [4d 7h 5h Ts 2c]
Seat 4: Polo IV showed [9h Ah] and lost with High card : Ace
Seat 5: Kterine2neuf showed [Td Kd] and won 33600 with One pair : Tens


Winamax Poker - Tournament "Monster Stack" buyIn: 0.90€ + 0.10€ level: 1 - HandId: #4470858309989040130-42-1769952994 - Holdem no limit (120/500/1000) - 2026/02/01 13:36:34 UTC
Table: 'Monster Stack(1040952818)#001' 6-max (real money) Seat #1 is the button
Seat 1: MathisKcr (179945)
Seat 2: Fabulous84 (138836)
Seat 3: simbasez5 (306299)
Seat 4: Polo IV (125620)
Seat 5: Kterine2neuf (117790)
Seat 6: Columbo33 (80736)
*** ANTE/BLINDS ***
Fabulous84 posts ante 120
simbasez5 posts ante 120
MathisKcr posts ante 120
Polo IV posts ante 120
Kterine2neuf posts ante 120
Columbo33 posts ante 120
Fabulous84 posts small blind 500
simbasez5 posts big blind 1000
Dealt to MathisKcr [Ah 9h]
*** PRE-FLOP *** 
Polo IV folds
Kterine2neuf folds
Columbo33 folds
MathisKcr raises 1500 to 2500
Fabulous84 folds
simbasez5 folds
MathisKcr collected 4720 from pot
*** SUMMARY ***
Total pot 4720 | No rake
Seat 1: MathisKcr (button) won 4720


Winamax Poker - Tournament "Monster Stack" buyIn: 0.90€ + 0.10€ level: 1 - HandId: #4470858309989040130-43-1769953030 - Holdem no limit (120/500/1000) - 2026/02/01 13:37:10 UTC
Table: 'Monster Stack(1040952818)#001' 6-max (real money) Seat #2 is the button
Seat 1: MathisKcr (182045)
Seat 2: Fabulous84 (138216)
Seat 3: simbasez5 (305179)
Seat 4: Polo IV (125500)
Seat 5: Kterine2neuf (117670)
Seat 6: Columbo33 (80616)
*** ANTE/BLINDS ***
simbasez5 posts ante 120
Polo IV posts ante 120
MathisKcr posts ante 120
Fabulous84 posts ante 120
Kterine2neuf posts ante 120
Columbo33 posts ante 120
simbasez5 posts small blind 500
Polo IV posts big blind 1000
Dealt to MathisKcr [9h 4h]
*** PRE-FLOP *** 
Kterine2neuf raises 1000 to 2000
Columbo33 folds
MathisKcr folds
Fabulous84 folds
simbasez5 folds
Polo IV folds
Kterine2neuf collected 4220 from pot
*** SUMMARY ***
Total pot 4220 | No rake
Seat 5: Kterine2neuf won 4220


Winamax Poker - Tournament "Monster Stack" buyIn: 0.90€ + 0.10€ level: 1 - HandId: #4470858309989040130-44-1769953079 - Holdem no limit (120/500/1000) - 2026/02/01 13:37:59 UTC
Table: 'Monster Stack(1040952818)#001' 6-max (real money) Seat #3 is the button
Seat 1: MathisKcr (181925)
Seat 2: Fabulous84 (138096)
Seat 3: simbasez5 (304559)
Seat 4: Polo IV (124380)
Seat 5: Kterine2neuf (119770)
Seat 6: Columbo33 (80496)
*** ANTE/BLINDS ***
Polo IV posts ante 120
Kterine2neuf posts ante 120
MathisKcr posts ante 120
Fabulous84 posts ante 120
simbasez5 posts ante 120
Columbo33 posts ante 120
Polo IV posts small blind 500
Kterine2neuf posts big blind 1000
Dealt to MathisKcr [Tc Qd]
*** PRE-FLOP *** 
Columbo33 folds
MathisKcr raises 1000 to 2000
Fabulous84 folds
simbasez5 calls 2000
Polo IV raises 6000 to 8000
Kterine2neuf folds
MathisKcr calls 6000
simbasez5 calls 6000
*** FLOP *** [7d Qc 3s]
Polo IV bets 9002
MathisKcr calls 9002
simbasez5 folds
*** TURN *** [7d Qc 3s][Ad]
Polo IV bets 21862
MathisKcr calls 21862
*** RIVER *** [7d Qc 3s Ad][5h]
Polo IV bets 30607
MathisKcr calls 30607
*** SHOW DOWN ***
MathisKcr shows [Tc Qd] (One pair : Queens)
Polo IV shows [Kh Ks] (One pair : Kings)
Polo IV collected 148662 from pot
*** SUMMARY ***
Total pot 148662 | No rake
Board: [7d Qc 3s Ad 5h]
Seat 1: MathisKcr showed [Tc Qd] and lost with One pair : Queens
Seat 4: Polo IV (small blind) showed [Kh Ks] and won 148662 with One pair : Kings


Winamax Poker - Tournament "Monster Stack" buyIn: 0.90€ + 0.10€ level: 1 - HandId: #4470858309989040130-45-1769953165 - Holdem no limit (120/500/1000) - 2026/02/01 13:39:25 UTC
Table: 'Monster Stack(1040952818)#001' 6-max (real money) Seat #4 is the button
Seat 1: MathisKcr (112334)
Seat 2: Fabulous84 (137976)
Seat 3: simbasez5 (296439)
Seat 4: Polo IV (203451)
Seat 5: Kterine2neuf (118650)
Seat 6: Columbo33 (80376)
*** ANTE/BLINDS ***
Kterine2neuf posts ante 120
Columbo33 posts ante 120
MathisKcr posts ante 120
Fabulous84 posts ante 120
simbasez5 posts ante 120
Polo IV posts ante 120
Kterine2neuf posts small blind 500
Columbo33 posts big blind 1000
Dealt to MathisKcr [6c 3h]
*** PRE-FLOP *** 
MathisKcr folds
Fabulous84 folds
simbasez5 raises 1500 to 2500
Polo IV folds
Kterine2neuf calls 2000
Columbo33 calls 1500
*** FLOP *** [Qc Td Qs]
Kterine2neuf checks
Columbo33 checks
simbasez5 bets 3500
Kterine2neuf folds
Columbo33 folds
simbasez5 collected 11720 from pot
*** SUMMARY ***
Total pot 11720 | No rake
Board: [Qc Td Qs]
Seat 3: simbasez5 won 11720


Winamax Poker - Tournament "Monster Stack" buyIn: 0.90€ + 0.10€ level: 2 - HandId: #4470858309989040130-46-1769953222 - Holdem no limit (140/600/1200) - 2026/02/01 13:40:22 UTC
Table: 'Monster Stack(1040952818)#001' 6-max (real money) Seat #5 is the button
Seat 1: MathisKcr (112214)
Seat 3: simbasez5 (302039)
Seat 4: Polo IV (203331)
Seat 5: Kterine2neuf (116030)
Seat 6: Columbo33 (77756)
*** ANTE/BLINDS ***
Columbo33 posts ante 140
MathisKcr posts ante 140
simbasez5 posts ante 140
Polo IV posts ante 140
Kterine2neuf posts ante 140
Columbo33 posts small blind 600
MathisKcr posts big blind 1200
Dealt to MathisKcr [Ad Qc]
*** PRE-FLOP *** 
simbasez5 raises 1800 to 3000
Polo IV folds
Kterine2neuf folds
Columbo33 folds
MathisKcr calls 1800
*** FLOP *** [Ac 6d 4c]
MathisKcr bets 2555
simbasez5 calls 2555
*** TURN *** [Ac 6d 4c][Ks]
MathisKcr bets 4344
simbasez5 calls 4344
*** RIVER *** [Ac 6d 4c Ks][7d]
MathisKcr bets 7384
simbasez5 calls 7384
*** SHOW DOWN ***
simbasez5 shows [Tc Kd] (One pair : Kings)
MathisKcr shows [Ad Qc] (One pair : Aces)
MathisKcr collected 35866 from pot
*** SUMMARY ***
Total pot 35866 | No rake
Board: [Ac 6d 4c Ks 7d]
Seat 1: MathisKcr (big blind) showed [Ad Qc] and won 35866 with One pair : Aces
Seat 3: simbasez5 showed [Tc Kd] and lost with One pair : Kings


Winamax Poker - Tournament "Monster Stack" buyIn: 0.90€ + 0.10€ level: 2 - HandId: #4470858309989040130-47-1769953270 - Holdem no limit (140/600/1200) - 2026/02/01 13:41:10 UTC
Table: 'Monster Stack(1040952818)#001' 6-max (real money) Seat #6 is the button
Seat 1: MathisKcr (130657)
Seat 3: simbasez5 (284616)
Seat 4: Polo IV (203191)
Seat 5: Kterine2neuf (115890)
Seat 6: Columbo33 (77016)
*** ANTE/BLINDS ***
MathisKcr posts ante 140
simbasez5 posts ante 140
Polo IV posts ante 140
Kterine2neuf posts ante 140
Columbo33 posts ante 140
MathisKcr posts small blind 600
simbasez5 posts big blind 1200
Dealt to MathisKcr [4c 2h]
*** PRE-FLOP *** 
Polo IV raises 1500 to 2700
Kterine2neuf calls 2700
Columbo33 folds
MathisKcr folds
simbasez5 calls 1500
*** FLOP *** [Kh Qc Kc]
simbasez5 checks
Polo IV bets 3290
Kterine2neuf calls 3290
simbasez5 calls 3290
*** TURN *** [Kh Qc Kc][4h]
simbasez5 checks
Polo IV checks
Kterine2neuf checks
*** RIVER *** [Kh Qc Kc 4h][8h]
simbasez5 checks
Polo IV bets 6745
Kterine2neuf folds
simbasez5 folds
Polo IV collected 26015 from pot
*** SUMMARY ***
Total pot 26015 | No rake
Board: [Kh Qc Kc 4h 8h]
Seat 4: Polo IV won 26015


Winamax Poker - Tournament "Monster Stack" buyIn: 0.90€ + 0.10€ level: 2 - HandId: #4470858309989040130-48-1769953317 - Holdem no limit (140/600/1200) - 2026/02/01 13:41:57 UTC
Table: 'Monster Stack(1040952818)#001' 6-max (real money) Seat #1 is the button
Seat 1: MathisKcr (129917)
Seat 3: simbasez5 (278486)
Seat 4: Polo IV (216331)
Seat 5: Kterine2neuf (109760)
Seat 6: Columbo33 (76876)
*** ANTE/BLINDS ***
simbasez5 posts ante 140
Polo IV posts ante 140
MathisKcr posts ante 140
Kterine2neuf posts ante 140
Columbo33 posts ante 140
simbasez5 posts small blind 600
Polo IV posts big blind 1200
Dealt to MathisKcr [2h 2s]
*** PRE-FLOP *** 
Kterine2neuf folds
Columbo33 folds
MathisKcr raises 2400 to 3600
simbasez5 folds
Polo IV folds
MathisKcr collected 6100 from pot
*** SUMMARY ***
Total pot 6100 | No rake
Seat 1: MathisKcr (button) won 6100


Winamax Poker - Tournament "Monster Stack" buyIn: 0.90€ + 0.10€ level: 2 - HandId: #4470858309989040130-49-1769953354 - Holdem no limit (140/600/1200) - 2026/02/01 13:42:34 UTC
Table: 'Monster Stack(1040952818)#001' 6-max (real money) Seat #3 is the button
Seat 1: MathisKcr (132277)
Seat 3: simbasez5 (277746)
Seat 4: Polo IV (214991)
Seat 5: Kterine2neuf (109620)
Seat 6: Columbo33 (76736)
*** ANTE/BLINDS ***
Polo IV posts ante 140
Kterine2neuf posts ante 140
MathisKcr posts ante 140
simbasez5 posts ante 140
Columbo33 posts ante 140
Polo IV posts small blind 600
Kterine2neuf posts big blind 1200
Dealt to MathisKcr [7h 3s]
*** PRE-FLOP *** 
Columbo33 folds
MathisKcr folds
simbasez5 raises 1200 to 2400
Polo IV calls 1800
Kterine2neuf folds
*** FLOP *** [Js 2h Tc]
Polo IV checks
simbasez5 checks
*** TURN *** [Js 2h Tc][4d]
Polo IV bets 3350
simbasez5 calls 3350
*** RIVER *** [Js 2h Tc 4d][7c]
Polo IV bets 6700
simbasez5 calls 6700
*** SHOW DOWN ***
simbasez5 shows [4h 9h] (One pair : 4)
Polo IV shows [Jc Kd] (One pair : Jacks)
Polo IV collected 26800 from pot
*** SUMMARY ***
Total pot 26800 | No rake
Board: [Js 2h Tc 4d 7c]
Seat 3: simbasez5 (button) showed [4h 9h] and lost with One pair : 4
Seat 4: Polo IV (small blind) showed [Jc Kd] and won 26800 with One pair : Jacks


Winamax Poker - Tournament "Monster Stack" buyIn: 0.90€ + 0.10€ level: 2 - HandId: #4470858309989040130-50-1769953414 - Holdem no limit (140/600/1200) - 2026/02/01 13:43:34 UTC
Table: 'Monster Stack(1040952818)#001' 6-max (real money) Seat #4 is the button
Seat 1: MathisKcr (132137)
Seat 3: simbasez5 (265156)
Seat 4: Polo IV (229201)
Seat 5: Kterine2neuf (108280)
Seat 6: Columbo33 (76596)
*** ANTE/BLINDS ***
Kterine2neuf posts ante 140
Columbo33 posts ante 140
MathisKcr posts ante 140
simbasez5 posts ante 140
Polo IV posts ante 140
Kterine2neuf posts small blind 600
Columbo33 posts big blind 1200
Dealt to MathisKcr [3h 5h]
*** PRE-FLOP *** 
MathisKcr folds
simbasez5 folds
Polo IV raises 1500 to 2700
Kterine2neuf folds
Columbo33 calls 1500
*** FLOP *** [Jd 9s Qd]
Columbo33 checks
Polo IV bets 2345
Columbo33 calls 2345
*** TURN *** [Jd 9s Qd][Ac]
Columbo33 checks
Polo IV bets 3987
Columbo33 calls 3987
*** RIVER *** [Jd 9s Qd Ac][Td]
Columbo33 checks
Polo IV bets 9682
Columbo33 folds
Polo IV collected 29046 from pot
*** SUMMARY ***
Total pot 29046 | No rake
Board: [Jd 9s Qd Ac Td]
Seat 4: Polo IV (button) won 29046


Winamax Poker - Tournament "Monster Stack" buyIn: 0.90€ + 0.10€ level: 2 - HandId: #4470858309989040130-51-1769953524 - Holdem no limit (140/600/1200) - 2026/02/01 13:45:24 UTC
Table: 'Monster Stack(1040952818)#001' 6-max (real money) Seat #5 is the button
Seat 1: MathisKcr (131997)
Seat 3: simbasez5 (265016)
Seat 4: Polo IV (239393)
Seat 5: Kterine2neuf (107540)
Seat 6: Columbo33 (67424)
*** ANTE/BLINDS ***
Columbo33 posts ante 140
MathisKcr posts ante 140
simbasez5 posts ante 140
Polo IV posts ante 140
Kterine2neuf posts ante 140
Columbo33 posts small blind 600
MathisKcr posts big blind 1200
Dealt to MathisKcr [Qd 3s]
*** PRE-FLOP *** 
simbasez5 folds
Polo IV raises 1500 to 2700
Kterine2neuf calls 2700
Columbo33 folds
MathisKcr calls 1500
*** FLOP *** [Qs 2s Ac]
MathisKcr bets 4700
Polo IV calls 4700
Kterine2neuf folds
*** TURN *** [Qs 2s Ac][5d]
MathisKcr checks
Polo IV bets 9400
MathisKcr calls 9400
*** RIVER *** [Qs 2s Ac 5d][8h]
MathisKcr checks
Polo IV checks
*** SHOW DOWN ***
Polo IV shows [Kd Js] (High card : Ace)
MathisKcr shows [Qd 3s] (One pair : Queens)
MathisKcr collected 37600 from pot
*** SUMMARY ***
Total pot 37600 | No rake
Board: [Qs 2s Ac 5d 8h]
Seat 1: MathisKcr (big blind) showed [Qd 3s] and won 37600 with One pair : Queens
Seat 4: Polo IV showed [Kd Js] and lost with High card : Ace


Winamax Poker - Tournament "Monster Stack" buyIn: 0.90€ + 0.10€ level: 2 - HandId: #4470858309989040130-52-1769953597 - Holdem no limit (140/600/1200) - 2026/02/01 13:46:37 UTC
Table: 'Monster Stack(1040952818)#001' 6-max (real money) Seat #6 is the button
Seat 1: MathisKcr (152657)
Seat 3: simbasez5 (264876)
Seat 4: Polo IV (222453)
Seat 5: Kterine2neuf (104700)
Seat 6: Columbo33 (66684)
*** ANTE/BLINDS ***
MathisKcr posts ante 140
simbasez5 posts ante 140
Polo IV posts ante 140
Kterine2neuf posts ante 140
Columbo33 posts ante 140
MathisKcr posts small blind 600
simbasez5 posts big blind 1200
Dealt to MathisKcr [Ad 8c]
*** PRE-FLOP *** 
Polo IV raises 1500 to 2700
Kterine2neuf raises 5400 to 8100
Columbo33 folds
MathisKcr calls 7500
simbasez5 folds
Polo IV calls 5400
*** FLOP *** [8s Jc Jd]
MathisKcr bets 9170
Polo IV folds
Kterine2neuf calls 9170
*** TURN *** [8s Jc Jd][2h]
MathisKcr checks
Kterine2neuf bets 22270
MathisKcr calls 22270
*** RIVER *** [8s Jc Jd 2h][As]
MathisKcr checks
Kterine2neuf checks
*** SHOW DOWN ***
Kterine2neuf shows [9h 9c] (Two pairs : Jacks and 9)
MathisKcr shows [Ad 8c] (Two pairs : Aces and Jacks)
MathisKcr collected 89080 from pot
*** SUMMARY ***
Total pot 89080 | No rake
Board: [8s Jc Jd 2h As]
Seat 1: MathisKcr (small blind) showed [Ad 8c] and won 89080 with Two pairs : Aces and Jacks
Seat 5: Kterine2neuf showed [9h 9c] and lost with Two pairs : Jacks and 9


Winamax Poker - Tournament "Monster Stack" buyIn: 0.90€ + 0.10€ level: 2 - HandId: #4470858309989040130-53-1769953673 - Holdem no limit (140/600/1200) - 2026/02/01 13:47:53 UTC
Table: 'Monster Stack(1040952818)#001' 6-max (real money) Seat #1 is the button
Seat 1: MathisKcr (202057)
Seat 3: simbasez5 (263536)
Seat 4: Polo IV (214213)
Seat 5: Kterine2neuf (65020)
Seat 6: Columbo33 (66544)
*** ANTE/BLINDS ***
simbasez5 posts ante 140
Polo IV posts ante 140
MathisKcr posts ante 140
Kterine2neuf posts ante 140
Columbo33 posts ante 140
simbasez5 posts small blind 600
Polo IV posts big blind 1200
Dealt to MathisKcr [4d Qs]
*** PRE-FLOP *** 
Kterine2neuf folds
Columbo33 folds
MathisKcr raises 2400 to 3600
simbasez5 folds
Polo IV folds
MathisKcr collected 6100 from pot
*** SUMMARY ***
Total pot 6100 | No rake
Seat 1: MathisKcr (button) won 6100


Winamax Poker - Tournament "Monster Stack" buyIn: 0.90€ + 0.10€ level: 3 - HandId: #4470858309989040130-54-1769953696 - Holdem no limit (160/700/1400) - 2026/02/01 13:48:16 UTC
Table: 'Monster Stack(1040952818)#001' 6-max (real money) Seat #3 is the button
Seat 1: MathisKcr (204417)
Seat 2: CLARINETTE46 (100000)
Seat 3: simbasez5 (262796)
Seat 4: Polo IV (212873)
Seat 5: Kterine2neuf (64880)
Seat 6: Columbo33 (66404)
*** ANTE/BLINDS ***
Polo IV posts ante 160
Kterine2neuf posts ante 160
MathisKcr posts ante 160
CLARINETTE46 posts ante 160
simbasez5 posts ante 160
Columbo33 posts ante 160
Polo IV posts small blind 700
Kterine2neuf posts big blind 1400
Dealt to MathisKcr [Qc 6s]
*** PRE-FLOP *** 
Columbo33 folds
MathisKcr raises 2800 to 4200
CLARINETTE46 folds
simbasez5 folds
Polo IV folds
Kterine2neuf folds
MathisKcr collected 7260 from pot
*** SUMMARY ***
Total pot 7260 | No rake
Seat 1: MathisKcr won 7260


Winamax Poker - Tournament "Monster Stack" buyIn: 0.90€ + 0.10€ level: 3 - HandId: #4470858309989040130-55-1769953736 - Holdem no limit (160/700/1400) - 2026/02/01 13:48:56 UTC
Table: 'Monster Stack(1040952818)#001' 6-max (real money) Seat #4 is the button
Seat 1: MathisKcr (207317)
Seat 2: CLARINETTE46 (99840)
Seat 3: simbasez5 (262636)
Seat 4: Polo IV (212013)
Seat 5: Kterine2neuf (63320)
Seat 6: Columbo33 (66244)
*** ANTE/BLINDS ***
Kterine2neuf posts ante 160
Columbo33 posts ante 160
MathisKcr posts ante 160
CLARINETTE46 posts ante 160
simbasez5 posts ante 160
Polo IV posts ante 160
Kterine2neuf posts small blind 700
Columbo33 posts big blind 1400
Dealt to MathisKcr [Kc 8c]
*** PRE-FLOP *** 
MathisKcr raises 1400 to 2800
CLARINETTE46 folds
simbasez5 calls 2800
Polo IV folds
Kterine2neuf raises 5600 to 8400
Columbo33 folds
MathisKcr calls 5600
simbasez5 folds
*** FLOP *** [2c Ks 6d]
Kterine2neuf checks
MathisKcr bets 10980
Kterine2neuf raises 43780 to 54760 and is all-in
MathisKcr calls 43780
*** TURN *** [2c Ks 6d][As]
*** RIVER *** [2c Ks 6d As][4c]
*** SHOW DOWN ***
MathisKcr shows [Kc 8c] (One pair : Kings)
Kterine2neuf shows [Qd Kd] (One pair : Kings)
Kterine2neuf collected 131480 from pot
*** SUMMARY ***
Total pot 131480 | No rake
Board: [2c Ks 6d As 4c]
Seat 1: MathisKcr showed [Kc 8c] and lost with One pair : Kings
Seat 5: Kterine2neuf (small blind) showed [Qd Kd] and won 131480 with One pair : Kings


Winamax Poker - Tournament "Monster Stack" buyIn: 0.90€ + 0.10€ level: 3 - HandId: #4470858309989040130-56-1769953796 - Holdem no limit (160/700/1400) - 2026/02/01 13:49:56 UTC
Table: 'Monster Stack(1040952818)#001' 6-max (real money) Seat #5 is the button
Seat 1: MathisKcr (143997)
Seat 2: CLARINETTE46 (99680)
Seat 3: simbasez5 (259676)
Seat 4: Polo IV (211853)
Seat 5: Kterine2neuf (131480)
Seat 6: Columbo33 (64684)
*** ANTE/BLINDS ***
Columbo33 posts ante 160
MathisKcr posts ante 160
CLARINETTE46 posts ante 160
simbasez5 posts ante 160
Polo IV posts ante 160
Kterine2neuf posts ante 160
Columbo33 posts small blind 700
MathisKcr posts big blind 1400
Dealt to MathisKcr [8c 5c]
*** PRE-FLOP *** 
CLARINETTE46 folds
simbasez5 raises 2100 to 3500
Polo IV folds
Kterine2neuf folds
Columbo33 folds
MathisKcr calls 2100
*** FLOP *** [5h 9d 4s]
MathisKcr bets 8660
simbasez5 calls 8660
*** TURN *** [5h 9d 4s][Qh]
MathisKcr checks
simbasez5 bets 1400
MathisKcr calls 1400
*** RIVER *** [5h 9d 4s Qh][Ad]
MathisKcr checks
simbasez5 checks
*** SHOW DOWN ***
MathisKcr shows [8c 5c] (One pair : 5)
simbasez5 shows [8d 8h] (One pair : 8)
simbasez5 collected 28780 from pot
*** SUMMARY ***
Total pot 28780 | No rake
Board: [5h 9d 4s Qh Ad]
Seat 1: MathisKcr (big blind) showed [8c 5c] and lost with One pair : 5
Seat 3: simbasez5 showed [8d 8h] and won 28780 with One pair : 8


Winamax Poker - Tournament "Monster Stack" buyIn: 0.90€ + 0.10€ level: 3 - HandId: #4470858309989040130-57-1769953857 - Holdem no limit (160/700/1400) - 2026/02/01 13:50:57 UTC
Table: 'Monster Stack(1040952818)#001' 6-max (real money) Seat #6 is the button
Seat 1: MathisKcr (130277)
Seat 2: CLARINETTE46 (99520)
Seat 3: simbasez5 (274736)
Seat 4: Polo IV (211693)
Seat 5: Kterine2neuf (131320)
Seat 6: Columbo33 (63824)
*** ANTE/BLINDS ***
MathisKcr posts ante 160
CLARINETTE46 posts ante 160
simbasez5 posts ante 160
Polo IV posts ante 160
Kterine2neuf posts ante 160
Columbo33 posts ante 160
MathisKcr posts small blind 700
CLARINETTE46 posts big blind 1400
Dealt to MathisKcr [7c Jh]
*** PRE-FLOP *** 
simbasez5 folds
Polo IV folds
Kterine2neuf folds
Columbo33 raises 1400 to 2800
MathisKcr calls 2100
CLARINETTE46 calls 1400
*** FLOP *** [5d Qc 3s]
MathisKcr checks
CLARINETTE46 checks
Columbo33 checks
*** TURN *** [5d Qc 3s][2h]
MathisKcr bets 3276
CLARINETTE46 folds
Columbo33 folds
MathisKcr shows [7c Jh] (High card : Queen)
MathisKcr collected 12636 from pot
*** SUMMARY ***
Total pot 12636 | No rake
Board: [5d Qc 3s 2h]
Seat 1: MathisKcr (small blind) showed [7c Jh] and won 12636 with High card : Queen


Winamax Poker - Tournament "Monster Stack" buyIn: 0.90€ + 0.10€ level: 3 - HandId: #4470858309989040130-58-1769953907 - Holdem no limit (160/700/1400) - 2026/02/01 13:51:47 UTC
Table: 'Monster Stack(1040952818)#001' 6-max (real money) Seat #1 is the button
Seat 1: MathisKcr (136677)
Seat 2: CLARINETTE46 (96560)
Seat 3: simbasez5 (274576)
Seat 4: Polo IV (211533)
Seat 5: Kterine2neuf (131160)
Seat 6: Columbo33 (60864)
*** ANTE/BLINDS ***
CLARINETTE46 posts ante 160
simbasez5 posts ante 160
MathisKcr posts ante 160
Polo IV posts ante 160
Kterine2neuf posts ante 160
Columbo33 posts ante 160
CLARINETTE46 posts small blind 700
simbasez5 posts big blind 1400
Dealt to MathisKcr [Js 5d]
*** PRE-FLOP *** 
Polo IV folds
Kterine2neuf folds
Columbo33 folds
MathisKcr raises 2800 to 4200
CLARINETTE46 folds
simbasez5 calls 2800
*** FLOP *** [Qc Qh Kd]
simbasez5 checks
MathisKcr checks
*** TURN *** [Qc Qh Kd][9s]
simbasez5 bets 4200
MathisKcr folds
simbasez5 collected 14260 from pot
*** SUMMARY ***
Total pot 14260 | No rake
Board: [Qc Qh Kd 9s]
Seat 3: simbasez5 (big blind) won 14260


Winamax Poker - Tournament "Monster Stack" buyIn: 0.90€ + 0.10€ level: 3 - HandId: #4470858309989040130-59-1769953967 - Holdem no limit (160/700/1400) - 2026/02/01 13:52:47 UTC
Table: 'Monster Stack(1040952818)#001' 6-max (real money) Seat #2 is the button
Seat 1: MathisKcr (132317)
Seat 2: CLARINETTE46 (95700)
Seat 3: simbasez5 (280276)
Seat 4: Polo IV (211373)
Seat 5: Kterine2neuf (131000)
Seat 6: Columbo33 (60704)
*** ANTE/BLINDS ***
simbasez5 posts ante 160
Polo IV posts ante 160
MathisKcr posts ante 160
CLARINETTE46 posts ante 160
Kterine2neuf posts ante 160
Columbo33 posts ante 160
simbasez5 posts small blind 700
Polo IV posts big blind 1400
Dealt to MathisKcr [2c 3c]
*** PRE-FLOP *** 
Kterine2neuf folds
Columbo33 folds
MathisKcr folds
CLARINETTE46 folds
simbasez5 raises 2800 to 4200
Polo IV calls 2800
*** FLOP *** [3h Kd Ks]
simbasez5 checks
Polo IV checks
*** TURN *** [3h Kd Ks][4s]
simbasez5 bets 5600
Polo IV folds
simbasez5 collected 14960 from pot
*** SUMMARY ***
Total pot 14960 | No rake
Board: [3h Kd Ks 4s]
Seat 3: simbasez5 (small blind) won 14960


Winamax Poker - Tournament "Monster Stack" buyIn: 0.90€ + 0.10€ level: 3 - HandId: #4470858309989040130-60-1769954005 - Holdem no limit (160/700/1400) - 2026/02/01 13:53:25 UTC
Table: 'Monster Stack(1040952818)#001' 6-max (real money) Seat #3 is the button
Seat 1: MathisKcr (132157)
Seat 2: CLARINETTE46 (95540)
Seat 3: simbasez5 (285276)
Seat 4: Polo IV (207013)
Seat 5: Kterine2neuf (130840)
Seat 6: Columbo33 (60544)
*** ANTE/BLINDS ***
Polo IV posts ante 160
Kterine2neuf posts ante 160
MathisKcr posts ante 160
CLARINETTE46 posts ante 160
simbasez5 posts ante 160
Columbo33 posts ante 160
Polo IV posts small blind 700
Kterine2neuf posts big blind 1400
Dealt to MathisKcr [Kd 3d]
*** PRE-FLOP *** 
Columbo33 folds
MathisKcr raises 1400 to 2800
CLARINETTE46 folds
simbasez5 folds
Polo IV raises 7960 to 10760
Kterine2neuf folds
MathisKcr calls 7960
*** FLOP *** [Td 9c Qs]
Polo IV bets 8358
MathisKcr folds
Polo IV collected 32238 from pot
*** SUMMARY ***
Total pot 32238 | No rake
Board: [Td 9c Qs]
Seat 4: Polo IV (small blind) won 32238


Winamax Poker - Tournament "Monster Stack" buyIn: 0.90€ + 0.10€ level: 3 - HandId: #4470858309989040130-61-1769954053 - Holdem no limit (160/700/1400) - 2026/02/01 13:54:13 UTC
Table: 'Monster Stack(1040952818)#001' 6-max (real money) Seat #4 is the button
Seat 1: MathisKcr (121237)
Seat 2: CLARINETTE46 (95380)
Seat 3: simbasez5 (285116)
Seat 4: Polo IV (219973)
Seat 5: Kterine2neuf (129280)
Seat 6: Columbo33 (60384)
*** ANTE/BLINDS ***
Kterine2neuf posts ante 160
Columbo33 posts ante 160
MathisKcr posts ante 160
CLARINETTE46 posts ante 160
simbasez5 posts ante 160
Polo IV posts ante 160
Kterine2neuf posts small blind 700
Columbo33 posts big blind 1400
Dealt to MathisKcr [Qh Ks]
*** PRE-FLOP *** 
MathisKcr raises 1400 to 2800
CLARINETTE46 folds
simbasez5 folds
Polo IV folds
Kterine2neuf calls 2100
Columbo33 calls 1400
*** FLOP *** [7h Kh 8h]
Kterine2neuf checks
Columbo33 checks
MathisKcr bets 3500
Kterine2neuf calls 3500
Columbo33 folds
*** TURN *** [7h Kh 8h][2h]
Kterine2neuf checks
MathisKcr bets 5726
Kterine2neuf calls 5726
*** RIVER *** [7h Kh 8h 2h][Js]
Kterine2neuf checks
MathisKcr bets 18078
Kterine2neuf calls 18078
*** SHOW DOWN ***
Kterine2neuf shows [6h 3h] (Flush King high)
MathisKcr shows [Qh Ks] (Flush King high)
MathisKcr collected 63968 from pot
*** SUMMARY ***
Total pot 63968 | No rake
Board: [7h Kh 8h 2h Js]
Seat 1: MathisKcr showed [Qh Ks] and won 63968 with Flush King high
Seat 5: Kterine2neuf (small blind) showed [6h 3h] and lost with Flush King high


Winamax Poker - Tournament "Monster Stack" buyIn: 0.90€ + 0.10€ level: 3 - HandId: #4470858309989040130-62-1769954461 - Holdem no limit (160/700/1400) - 2026/02/01 14:01:01 UTC
Table: 'Monster Stack(1040952818)#001' 6-max (real money) Seat #5 is the button
Seat 1: MathisKcr (154941)
Seat 2: CLARINETTE46 (95220)
Seat 3: simbasez5 (284956)
Seat 4: Polo IV (219813)
Seat 5: Kterine2neuf (99016)
Seat 6: Columbo33 (57424)
*** ANTE/BLINDS ***
Columbo33 posts ante 160
MathisKcr posts ante 160
CLARINETTE46 posts ante 160
simbasez5 posts ante 160
Polo IV posts ante 160
Kterine2neuf posts ante 160
Columbo33 posts small blind 700
MathisKcr posts big blind 1400
Dealt to MathisKcr [Qs 7s]
*** PRE-FLOP *** 
CLARINETTE46 folds
simbasez5 folds
Polo IV folds
Kterine2neuf raises 1400 to 2800
Columbo33 folds
MathisKcr calls 1400
*** FLOP *** [5c 3d 8s]
MathisKcr bets 3500
Kterine2neuf calls 3500
*** TURN *** [5c 3d 8s][9s]
MathisKcr bets 4200
Kterine2neuf raises 9230 to 13430
MathisKcr calls 9230
*** RIVER *** [5c 3d 8s 9s][4s]
MathisKcr checks
Kterine2neuf bets 20560
MathisKcr calls 20560
*** SHOW DOWN ***
Kterine2neuf shows [8c 9d] (Two pairs : 9 and 8)
MathisKcr shows [Qs 7s] (Flush Queen high)
MathisKcr collected 82240 from pot
*** SUMMARY ***
Total pot 82240 | No rake
Board: [5c 3d 8s 9s 4s]
Seat 1: MathisKcr (big blind) showed [Qs 7s] and won 82240 with Flush Queen high
Seat 5: Kterine2neuf (button) showed [8c 9d] and lost with Two pairs : 9 and 8


Winamax Poker - Tournament "Monster Stack" buyIn: 0.90€ + 0.10€ level: 3 - HandId: #4470858309989040130-63-1769954520 - Holdem no limit (160/700/1400) - 2026/02/01 14:02:00 UTC
Table: 'Monster Stack(1040952818)#001' 6-max (real money) Seat #6 is the button
Seat 1: MathisKcr (196731)
Seat 2: CLARINETTE46 (95060)
Seat 3: simbasez5 (284796)
Seat 4: Polo IV (219653)
Seat 5: Kterine2neuf (58566)
Seat 6: Columbo33 (56564)
*** ANTE/BLINDS ***
MathisKcr posts ante 160
CLARINETTE46 posts ante 160
simbasez5 posts ante 160
Polo IV posts ante 160
Kterine2neuf posts ante 160
Columbo33 posts ante 160
MathisKcr posts small blind 700
CLARINETTE46 posts big blind 1400
Dealt to MathisKcr [5h Ks]
*** PRE-FLOP *** 
simbasez5 raises 2100 to 3500
Polo IV calls 3500
Kterine2neuf folds
Columbo33 folds
MathisKcr calls 2800
CLARINETTE46 folds
*** FLOP *** [Qc 3c 3d]
MathisKcr checks
simbasez5 bets 4200
Polo IV calls 4200
MathisKcr folds
*** TURN *** [Qc 3c 3d][3s]
simbasez5 bets 13300
Polo IV folds
simbasez5 collected 34560 from pot
*** SUMMARY ***
Total pot 34560 | No rake
Board: [Qc 3c 3d 3s]
Seat 3: simbasez5 won 34560


Winamax Poker - Tournament "Monster Stack" buyIn: 0.90€ + 0.10€ level: 4 - HandId: #4470858309989040130-64-1769954580 - Holdem no limit (200/800/1600) - 2026/02/01 14:03:00 UTC
Table: 'Monster Stack(1040952818)#001' 6-max (real money) Seat #1 is the button
Seat 1: MathisKcr (193071)
Seat 2: CLARINETTE46 (93500)
Seat 3: simbasez5 (298196)
Seat 4: Polo IV (211793)
Seat 5: Kterine2neuf (58406)
Seat 6: Columbo33 (56404)
*** ANTE/BLINDS ***
CLARINETTE46 posts ante 200
simbasez5 posts ante 200
MathisKcr posts ante 200
Polo IV posts ante 200
Kterine2neuf posts ante 200
Columbo33 posts ante 200
CLARINETTE46 posts small blind 800
simbasez5 posts big blind 1600
Dealt to MathisKcr [2h 7h]
*** PRE-FLOP *** 
Polo IV folds
Kterine2neuf raises 1600 to 3200
Columbo33 folds
MathisKcr folds
CLARINETTE46 folds
simbasez5 calls 1600
*** FLOP *** [2d 4c Ts]
simbasez5 checks
Kterine2neuf checks
*** TURN *** [2d 4c Ts][Qc]
simbasez5 checks
Kterine2neuf bets 2940
simbasez5 calls 2940
*** RIVER *** [2d 4c Ts Qc][Qd]
simbasez5 checks
Kterine2neuf bets 11424
simbasez5 folds
Kterine2neuf collected 25704 from pot
*** SUMMARY ***
Total pot 25704 | No rake
Board: [2d 4c Ts Qc Qd]
Seat 5: Kterine2neuf won 25704


Winamax Poker - Tournament "Monster Stack" buyIn: 0.90€ + 0.10€ level: 4 - HandId: #4470858309989040130-65-1769954621 - Holdem no limit (200/800/1600) - 2026/02/01 14:03:41 UTC
Table: 'Monster Stack(1040952818)#001' 6-max (real money) Seat #2 is the button
Seat 1: MathisKcr (192871)
Seat 2: CLARINETTE46 (92500)
Seat 3: simbasez5 (291856)
Seat 4: Polo IV (211593)
Seat 5: Kterine2neuf (66346)
Seat 6: Columbo33 (56204)
*** ANTE/BLINDS ***
simbasez5 posts ante 200
Polo IV posts ante 200
MathisKcr posts ante 200
CLARINETTE46 posts ante 200
Kterine2neuf posts ante 200
Columbo33 posts ante 200
simbasez5 posts small blind 800
Polo IV posts big blind 1600
Dealt to MathisKcr [7h 8c]
*** PRE-FLOP *** 
Kterine2neuf folds
Columbo33 folds
MathisKcr folds
CLARINETTE46 folds
simbasez5 calls 800
Polo IV checks
*** FLOP *** [6c 9h Ts]
simbasez5 bets 1600
Polo IV folds
simbasez5 collected 6000 from pot
*** SUMMARY ***
Total pot 6000 | No rake
Board: [6c 9h Ts]
Seat 3: simbasez5 (small blind) won 6000


Winamax Poker - Tournament "Monster Stack" buyIn: 0.90€ + 0.10€ level: 4 - HandId: #4470858309989040130-66-1769954646 - Holdem no limit (200/800/1600) - 2026/02/01 14:04:06 UTC
Table: 'Monster Stack(1040952818)#001' 6-max (real money) Seat #3 is the button
Seat 1: MathisKcr (192671)
Seat 2: CLARINETTE46 (92300)
Seat 3: simbasez5 (294456)
Seat 4: Polo IV (209793)
Seat 5: Kterine2neuf (66146)
Seat 6: Columbo33 (56004)
*** ANTE/BLINDS ***
Polo IV posts ante 200
Kterine2neuf posts ante 200
MathisKcr posts ante 200
CLARINETTE46 posts ante 200
simbasez5 posts ante 200
Columbo33 posts ante 200
Polo IV posts small blind 800
Kterine2neuf posts big blind 1600
Dealt to MathisKcr [Td Qh]
*** PRE-FLOP *** 
Columbo33 folds
MathisKcr raises 1600 to 3200
CLARINETTE46 folds
simbasez5 folds
Polo IV calls 2400
Kterine2neuf folds
*** FLOP *** [Ah Th 5s]
Polo IV checks
MathisKcr bets 3200
Polo IV folds
MathisKcr collected 12400 from pot
*** SUMMARY ***
Total pot 12400 | No rake
Board: [Ah Th 5s]
Seat 1: MathisKcr won 12400


Winamax Poker - Tournament "Monster Stack" buyIn: 0.90€ + 0.10€ level: 4 - HandId: #4470858309989040130-67-1769954682 - Holdem no limit (200/800/1600) - 2026/02/01 14:04:42 UTC
Table: 'Monster Stack(1040952818)#001' 6-max (real money) Seat #4 is the button
Seat 1: MathisKcr (198471)
Seat 2: CLARINETTE46 (92100)
Seat 3: simbasez5 (294256)
Seat 4: Polo IV (206393)
Seat 5: Kterine2neuf (64346)
Seat 6: Columbo33 (55804)
*** ANTE/BLINDS ***
Kterine2neuf posts ante 200
Columbo33 posts ante 200
MathisKcr posts ante 200
CLARINETTE46 posts ante 200
simbasez5 posts ante 200
Polo IV posts ante 200
Kterine2neuf posts small blind 800
Columbo33 posts big blind 1600
Dealt to MathisKcr [Td 5c]
*** PRE-FLOP *** 
MathisKcr folds
CLARINETTE46 folds
simbasez5 raises 2400 to 4000
Polo IV raises 12000 to 16000
Kterine2neuf calls 15200
Columbo33 folds
simbasez5 folds
*** FLOP *** [Jc Kc 9s]
Kterine2neuf bets 48146 and is all-in
Polo IV raises 48146 to 96292
*** TURN *** [Jc Kc 9s][2c]
*** RIVER *** [Jc Kc 9s 2c][Kd]
*** SHOW DOWN ***
Polo IV shows [Qh Ad] (One pair : Kings)
Kterine2neuf shows [Qd Kh] (Trips of Kings)
Kterine2neuf collected 135092 from main pot
Polo IV collected 48146 from side pot 1
*** SUMMARY ***
Total pot 183238 | No rake
Board: [Jc Kc 9s 2c Kd]
Seat 4: Polo IV (button) showed [Qh Ad] and won 48146 with One pair : Kings
Seat 5: Kterine2neuf (small blind) showed [Qd Kh] and won 135092 with Trips of Kings


Winamax Poker - Tournament "Monster Stack" buyIn: 0.90€ + 0.10€ level: 4 - HandId: #4470858309989040130-68-1769954734 - Holdem no limit (200/800/1600) - 2026/02/01 14:05:34 UTC
Table: 'Monster Stack(1040952818)#001' 6-max (real money) Seat #5 is the button
Seat 1: MathisKcr (198271)
Seat 2: CLARINETTE46 (91900)
Seat 3: simbasez5 (290056)
Seat 4: Polo IV (142047)
Seat 5: Kterine2neuf (135092)
Seat 6: Columbo33 (54004)
*** ANTE/BLINDS ***
Columbo33 posts ante 200
MathisKcr posts ante 200
CLARINETTE46 posts ante 200
simbasez5 posts ante 200
Polo IV posts ante 200
Kterine2neuf posts ante 200
Columbo33 posts small blind 800
MathisKcr posts big blind 1600
Dealt to MathisKcr [6c 5h]
*** PRE-FLOP *** 
CLARINETTE46 calls 1600
simbasez5 raises 2400 to 4000
Polo IV calls 4000
Kterine2neuf folds
Columbo33 folds
MathisKcr calls 2400
CLARINETTE46 calls 2400
*** FLOP *** [2s 7c 5s]
MathisKcr bets 9000
CLARINETTE46 folds
simbasez5 calls 9000
Polo IV folds
*** TURN *** [2s 7c 5s][4h]
MathisKcr bets 12600
simbasez5 raises 16200 to 28800
MathisKcr calls 16200
*** RIVER *** [2s 7c 5s 4h][8s]
MathisKcr checks
simbasez5 checks
*** SHOW DOWN ***
simbasez5 shows [Kc Kh] (One pair : Kings)
MathisKcr shows [6c 5h] (Straight 8 high)
MathisKcr collected 93600 from pot
*** SUMMARY ***
Total pot 93600 | No rake
Board: [2s 7c 5s 4h 8s]
Seat 1: MathisKcr (big blind) showed [6c 5h] and won 93600 with Straight 8 high
Seat 3: simbasez5 showed [Kc Kh] and lost with One pair : Kings


Winamax Poker - Tournament "Monster Stack" buyIn: 0.90€ + 0.10€ level: 4 - HandId: #4470858309989040130-69-1769954845 - Holdem no limit (200/800/1600) - 2026/02/01 14:07:25 UTC
Table: 'Monster Stack(1040952818)#001' 6-max (real money) Seat #6 is the button
Seat 1: MathisKcr (249871)
Seat 2: CLARINETTE46 (87700)
Seat 3: simbasez5 (248056)
Seat 4: Polo IV (137847)
Seat 5: Kterine2neuf (134892)
Seat 6: Columbo33 (53004)
*** ANTE/BLINDS ***
MathisKcr posts ante 200
CLARINETTE46 posts ante 200
simbasez5 posts ante 200
Polo IV posts ante 200
Kterine2neuf posts ante 200
Columbo33 posts ante 200
MathisKcr posts small blind 800
CLARINETTE46 posts big blind 1600
Dealt to MathisKcr [6d 7c]
*** PRE-FLOP *** 
simbasez5 folds
Polo IV folds
Kterine2neuf folds
Columbo33 folds
MathisKcr raises 3200 to 4800
CLARINETTE46 calls 3200
*** FLOP *** [Kd Ts 6c]
MathisKcr bets 5400
CLARINETTE46 calls 5400
*** TURN *** [Kd Ts 6c][8c]
MathisKcr checks
CLARINETTE46 bets 7560
MathisKcr calls 7560
*** RIVER *** [Kd Ts 6c 8c][As]
MathisKcr checks
CLARINETTE46 bets 12852
MathisKcr calls 12852
*** SHOW DOWN ***
MathisKcr shows [6d 7c] (One pair : 6)
CLARINETTE46 shows [Th Td] (Trips of Tens)
CLARINETTE46 collected 62424 from pot
*** SUMMARY ***
Total pot 62424 | No rake
Board: [Kd Ts 6c 8c As]
Seat 1: MathisKcr (small blind) showed [6d 7c] and lost with One pair : 6
Seat 2: CLARINETTE46 (big blind) showed [Th Td] and won 62424 with Trips of Tens


Winamax Poker - Tournament "Monster Stack" buyIn: 0.90€ + 0.10€ level: 4 - HandId: #4470858309989040130-70-1769954905 - Holdem no limit (200/800/1600) - 2026/02/01 14:08:25 UTC
Table: 'Monster Stack(1040952818)#001' 6-max (real money) Seat #1 is the button
Seat 1: MathisKcr (219059)
Seat 2: CLARINETTE46 (119312)
Seat 3: simbasez5 (247856)
Seat 4: Polo IV (137647)
Seat 5: Kterine2neuf (134692)
Seat 6: Columbo33 (52804)
*** ANTE/BLINDS ***
CLARINETTE46 posts ante 200
simbasez5 posts ante 200
MathisKcr posts ante 200
Polo IV posts ante 200
Kterine2neuf posts ante 200
Columbo33 posts ante 200
CLARINETTE46 posts small blind 800
simbasez5 posts big blind 1600
Dealt to MathisKcr [Jd 4d]
*** PRE-FLOP *** 
Polo IV folds
Kterine2neuf folds
Columbo33 raises 1600 to 3200
MathisKcr calls 3200
CLARINETTE46 folds
simbasez5 calls 1600
*** FLOP *** [4h 5s 8d]
simbasez5 bets 4000
Columbo33 calls 4000
MathisKcr calls 4000
*** TURN *** [4h 5s 8d][3h]
simbasez5 bets 7680
Columbo33 folds
MathisKcr calls 7680
*** RIVER *** [4h 5s 8d 3h][Kh]
simbasez5 bets 24000
MathisKcr raises 24000 to 48000
simbasez5 calls 24000
*** SHOW DOWN ***
MathisKcr shows [Jd 4d] (One pair : 4)
simbasez5 shows [6h 7c] (Straight 8 high)
simbasez5 collected 134960 from pot
*** SUMMARY ***
Total pot 134960 | No rake
Board: [4h 5s 8d 3h Kh]
Seat 1: MathisKcr (button) showed [Jd 4d] and lost with One pair : 4
Seat 3: simbasez5 (big blind) showed [6h 7c] and won 134960 with Straight 8 high


Winamax Poker - Tournament "Monster Stack" buyIn: 0.90€ + 0.10€ level: 4 - HandId: #4470858309989040130-71-1769954967 - Holdem no limit (200/800/1600) - 2026/02/01 14:09:27 UTC
Table: 'Monster Stack(1040952818)#001' 6-max (real money) Seat #2 is the button
Seat 1: MathisKcr (155979)
Seat 2: CLARINETTE46 (118312)
Seat 3: simbasez5 (319736)
Seat 4: Polo IV (137447)
Seat 5: Kterine2neuf (134492)
Seat 6: Columbo33 (45404)
*** ANTE/BLINDS ***
simbasez5 posts ante 200
Polo IV posts ante 200
MathisKcr posts ante 200
CLARINETTE46 posts ante 200
Kterine2neuf posts ante 200
Columbo33 posts ante 200
simbasez5 posts small blind 800
Polo IV posts big blind 1600
Dealt to MathisKcr [8c Kh]
*** PRE-FLOP *** 
Kterine2neuf folds
Columbo33 raises 1600 to 3200
MathisKcr calls 3200
CLARINETTE46 folds
simbasez5 folds
Polo IV folds
*** FLOP *** [6s Qh Jd]
Columbo33 checks
MathisKcr bets 3200
Columbo33 folds
MathisKcr collected 13200 from pot
*** SUMMARY ***
Total pot 13200 | No rake
Board: [6s Qh Jd]
Seat 1: MathisKcr won 13200


Winamax Poker - Tournament "Monster Stack" buyIn: 0.90€ + 0.10€ level: 5 - HandId: #4470858309989040130-72-1769955004 - Holdem no limit (250/1000/2000) - 2026/02/01 14:10:04 UTC
Table: 'Monster Stack(1040952818)#001' 6-max (real money) Seat #3 is the button
Seat 1: MathisKcr (162579)
Seat 2: CLARINETTE46 (118112)
Seat 3: simbasez5 (318736)
Seat 4: Polo IV (135647)
Seat 5: Kterine2neuf (134292)
*** ANTE/BLINDS ***
Polo IV posts ante 250
Kterine2neuf posts ante 250
MathisKcr posts ante 250
CLARINETTE46 posts ante 250
simbasez5 posts ante 250
Polo IV posts small blind 1000
Kterine2neuf posts big blind 2000
Dealt to MathisKcr [4h Td]
*** PRE-FLOP *** 
MathisKcr folds
CLARINETTE46 folds
simbasez5 folds
Polo IV raises 3000 to 5000
Kterine2neuf folds
Polo IV collected 8250 from pot
*** SUMMARY ***
Total pot 8250 | No rake
Seat 4: Polo IV (small blind) won 8250


Winamax Poker - Tournament "Monster Stack" buyIn: 0.90€ + 0.10€ level: 5 - HandId: #4470858309989040130-73-1769955025 - Holdem no limit (250/1000/2000) - 2026/02/01 14:10:25 UTC
Table: 'Monster Stack(1040952818)#001' 6-max (real money) Seat #4 is the button
Seat 1: MathisKcr (162329)
Seat 2: CLARINETTE46 (117862)
Seat 3: simbasez5 (318486)
Seat 4: Polo IV (138647)
Seat 5: Kterine2neuf (132042)
*** ANTE/BLINDS ***
Kterine2neuf posts ante 250
MathisKcr posts ante 250
CLARINETTE46 posts ante 250
simbasez5 posts ante 250
Polo IV posts ante 250
Kterine2neuf posts small blind 1000
MathisKcr posts big blind 2000
Dealt to MathisKcr [7c Tc]
*** PRE-FLOP *** 
CLARINETTE46 raises 2000 to 4000
simbasez5 folds
Polo IV folds
Kterine2neuf folds
MathisKcr calls 2000
*** FLOP *** [2d 6d 8s]
MathisKcr bets 5125
CLARINETTE46 calls 5125
*** TURN *** [2d 6d 8s][6s]
MathisKcr bets 16400
CLARINETTE46 calls 16400
*** RIVER *** [2d 6d 8s 6s][Jd]
MathisKcr checks
CLARINETTE46 bets 18655
MathisKcr folds
CLARINETTE46 collected 71955 from pot
*** SUMMARY ***
Total pot 71955 | No rake
Board: [2d 6d 8s 6s Jd]
Seat 2: CLARINETTE46 won 71955


Winamax Poker - Tournament "Monster Stack" buyIn: 0.90€ + 0.10€ level: 5 - HandId: #4470858309989040130-74-1769955064 - Holdem no limit (250/1000/2000) - 2026/02/01 14:11:04 UTC
Table: 'Monster Stack(1040952818)#001' 6-max (real money) Seat #5 is the button
Seat 1: MathisKcr (136554)
Seat 2: CLARINETTE46 (145387)
Seat 3: simbasez5 (318236)
Seat 4: Polo IV (138397)
Seat 5: Kterine2neuf (130792)
*** ANTE/BLINDS ***
MathisKcr posts ante 250
CLARINETTE46 posts ante 250
simbasez5 posts ante 250
Polo IV posts ante 250
Kterine2neuf posts ante 250
MathisKcr posts small blind 1000
CLARINETTE46 posts big blind 2000
Dealt to MathisKcr [5d Ts]
*** PRE-FLOP *** 
simbasez5 folds
Polo IV folds
Kterine2neuf raises 2000 to 4000
MathisKcr folds
CLARINETTE46 folds
Kterine2neuf collected 8250 from pot
*** SUMMARY ***
Total pot 8250 | No rake
Seat 5: Kterine2neuf (button) won 8250


Winamax Poker - Tournament "Monster Stack" buyIn: 0.90€ + 0.10€ level: 5 - HandId: #4470858309989040130-75-1769955083 - Holdem no limit (250/1000/2000) - 2026/02/01 14:11:23 UTC
Table: 'Monster Stack(1040952818)#001' 6-max (real money) Seat #1 is the button
Seat 1: MathisKcr (135304)
Seat 2: CLARINETTE46 (143137)
Seat 3: simbasez5 (317986)
Seat 4: Polo IV (138147)
Seat 5: Kterine2neuf (134792)
Seat 6: Kevdu8 (100000)
*** ANTE/BLINDS ***
CLARINETTE46 posts ante 250
simbasez5 posts ante 250
MathisKcr posts ante 250
Polo IV posts ante 250
Kterine2neuf posts ante 250
Kevdu8 posts ante 250
CLARINETTE46 posts small blind 1000
simbasez5 posts big blind 2000
Dealt to MathisKcr [7d Js]
*** PRE-FLOP *** 
Polo IV folds
Kterine2neuf raises 132542 to 134542 and is all-in
Kevdu8 folds
MathisKcr folds
CLARINETTE46 folds
simbasez5 folds
Kterine2neuf collected 139042 from pot
*** SUMMARY ***
Total pot 139042 | No rake
Seat 5: Kterine2neuf won 139042


Winamax Poker - Tournament "Monster Stack" buyIn: 0.90€ + 0.10€ level: 5 - HandId: #4470858309989040130-76-1769955106 - Holdem no limit (250/1000/2000) - 2026/02/01 14:11:46 UTC
Table: 'Monster Stack(1040952818)#001' 6-max (real money) Seat #2 is the button
Seat 1: MathisKcr (135054)
Seat 2: CLARINETTE46 (141887)
Seat 3: simbasez5 (315736)
Seat 4: Polo IV (137897)
Seat 5: Kterine2neuf (139042)
Seat 6: Kevdu8 (99750)
*** ANTE/BLINDS ***
simbasez5 posts ante 250
Polo IV posts ante 250
MathisKcr posts ante 250
CLARINETTE46 posts ante 250
Kterine2neuf posts ante 250
Kevdu8 posts ante 250
simbasez5 posts small blind 1000
Polo IV posts big blind 2000
Dealt to MathisKcr [Ad Ts]
*** PRE-FLOP *** 
Kterine2neuf raises 2000 to 4000
Kevdu8 calls 4000
MathisKcr calls 4000
CLARINETTE46 folds
simbasez5 folds
Polo IV folds
*** FLOP *** [Jc Kh Jh]
Kterine2neuf checks
Kevdu8 checks
MathisKcr bets 4000
Kterine2neuf folds
Kevdu8 calls 4000
*** TURN *** [Jc Kh Jh][4c]
Kevdu8 bets 24500
MathisKcr folds
Kevdu8 collected 49000 from pot
*** SUMMARY ***
Total pot 49000 | No rake
Board: [Jc Kh Jh 4c]
Seat 6: Kevdu8 won 49000


Winamax Poker - Tournament "Monster Stack" buyIn: 0.90€ + 0.10€ level: 5 - HandId: #4470858309989040130-77-1769955146 - Holdem no limit (250/1000/2000) - 2026/02/01 14:12:26 UTC
Table: 'Monster Stack(1040952818)#001' 6-max (real money) Seat #3 is the button
Seat 1: MathisKcr (126804)
Seat 2: CLARINETTE46 (141637)
Seat 3: simbasez5 (314486)
Seat 4: Polo IV (135647)
Seat 5: Kterine2neuf (134792)
Seat 6: Kevdu8 (116000)
*** ANTE/BLINDS ***
Polo IV posts ante 250
Kterine2neuf posts ante 250
MathisKcr posts ante 250
CLARINETTE46 posts ante 250
simbasez5 posts ante 250
Kevdu8 posts ante 250
Polo IV posts small blind 1000
Kterine2neuf posts big blind 2000
Dealt to MathisKcr [8c Qd]
*** PRE-FLOP *** 
Kevdu8 folds
MathisKcr raises 2000 to 4000
CLARINETTE46 calls 4000
simbasez5 folds
Polo IV raises 15500 to 19500
Kterine2neuf folds
MathisKcr folds
CLARINETTE46 folds
Polo IV collected 31000 from pot
*** SUMMARY ***
Total pot 31000 | No rake
Seat 4: Polo IV (small blind) won 31000


Winamax Poker - Tournament "Monster Stack" buyIn: 0.90€ + 0.10€ level: 5 - HandId: #4470858309989040130-78-1769955184 - Holdem no limit (250/1000/2000) - 2026/02/01 14:13:04 UTC
Table: 'Monster Stack(1040952818)#001' 6-max (real money) Seat #4 is the button
Seat 1: MathisKcr (122554)
Seat 2: CLARINETTE46 (137387)
Seat 3: simbasez5 (314236)
Seat 4: Polo IV (146897)
Seat 5: Kterine2neuf (132542)
Seat 6: Kevdu8 (115750)
*** ANTE/BLINDS ***
Kterine2neuf posts ante 250
Kevdu8 posts ante 250
MathisKcr posts ante 250
CLARINETTE46 posts ante 250
simbasez5 posts ante 250
Polo IV posts ante 250
Kterine2neuf posts small blind 1000
Kevdu8 posts big blind 2000
Dealt to MathisKcr [6s 3s]
*** PRE-FLOP *** 
MathisKcr folds
CLARINETTE46 raises 3000 to 5000
simbasez5 folds
Polo IV folds
Kterine2neuf folds
Kevdu8 calls 3000
*** FLOP *** [2s 6c 9h]
Kevdu8 checks
CLARINETTE46 bets 4375
Kevdu8 calls 4375
*** TURN *** [2s 6c 9h][5d]
Kevdu8 bets 13813
CLARINETTE46 raises 26935 to 40748
Kevdu8 calls 26935
*** RIVER *** [2s 6c 9h 5d][4d]
Kevdu8 bets 65377 and is all-in
CLARINETTE46 calls 65377
*** SHOW DOWN ***
CLARINETTE46 shows [Jc Js] (One pair : Jacks)
Kevdu8 shows [Kh Ks] (One pair : Kings)
Kevdu8 collected 233500 from pot
*** SUMMARY ***
Total pot 233500 | No rake
Board: [2s 6c 9h 5d 4d]
Seat 2: CLARINETTE46 showed [Jc Js] and lost with One pair : Jacks
Seat 6: Kevdu8 (big blind) showed [Kh Ks] and won 233500 with One pair : Kings


Winamax Poker - Tournament "Monster Stack" buyIn: 0.90€ + 0.10€ level: 5 - HandId: #4470858309989040130-79-1769955246 - Holdem no limit (250/1000/2000) - 2026/02/01 14:14:06 UTC
Table: 'Monster Stack(1040952818)#001' 6-max (real money) Seat #5 is the button
Seat 1: MathisKcr (122304)
Seat 2: CLARINETTE46 (21637)
Seat 3: simbasez5 (313986)
Seat 4: Polo IV (146647)
Seat 5: Kterine2neuf (131292)
Seat 6: Kevdu8 (233500)
*** ANTE/BLINDS ***
Kevdu8 posts ante 250
MathisKcr posts ante 250
CLARINETTE46 posts ante 250
simbasez5 posts ante 250
Polo IV posts ante 250
Kterine2neuf posts ante 250
Kevdu8 posts small blind 1000
MathisKcr posts big blind 2000
Dealt to MathisKcr [Ts 8s]
*** PRE-FLOP *** 
CLARINETTE46 raises 19387 to 21387 and is all-in
simbasez5 calls 21387
Polo IV folds
Kterine2neuf folds
Kevdu8 folds
MathisKcr folds
*** FLOP *** [2c 5h Kh]
*** TURN *** [2c 5h Kh][Th]
*** RIVER *** [2c 5h Kh Th][Ad]
*** SHOW DOWN ***
CLARINETTE46 shows [9s Qs] (High card : Ace)
simbasez5 shows [7d 7c] (One pair : 7)
simbasez5 collected 47274 from pot
*** SUMMARY ***
Total pot 47274 | No rake
Board: [2c 5h Kh Th Ad]
Seat 2: CLARINETTE46 showed [9s Qs] and lost with High card : Ace
Seat 3: simbasez5 showed [7d 7c] and won 47274 with One pair : 7


Winamax Poker - Tournament "Monster Stack" buyIn: 0.90€ + 0.10€ level: 5 - HandId: #4470858309989040130-80-1769955289 - Holdem no limit (250/1000/2000) - 2026/02/01 14:14:49 UTC
Table: 'Monster Stack(1040952818)#001' 6-max (real money) Seat #6 is the button
Seat 1: MathisKcr (120054)
Seat 3: simbasez5 (339623)
Seat 4: Polo IV (146397)
Seat 5: Kterine2neuf (131042)
Seat 6: Kevdu8 (232250)
*** ANTE/BLINDS ***
MathisKcr posts ante 250
simbasez5 posts ante 250
Polo IV posts ante 250
Kterine2neuf posts ante 250
Kevdu8 posts ante 250
MathisKcr posts small blind 1000
simbasez5 posts big blind 2000
Dealt to MathisKcr [Jc 4h]
*** PRE-FLOP *** 
Polo IV folds
Kterine2neuf folds
Kevdu8 calls 2000
MathisKcr calls 1000
simbasez5 checks
*** FLOP *** [Td 9c Jd]
MathisKcr bets 3625
simbasez5 calls 3625
Kevdu8 calls 3625
*** TURN *** [Td 9c Jd][Ac]
MathisKcr bets 9063
simbasez5 raises 13594 to 22657
Kevdu8 calls 22657
MathisKcr folds
*** RIVER *** [Td 9c Jd Ac][Kd]
simbasez5 bets 33200
Kevdu8 raises 78666 to 111866
simbasez5 calls 78666
*** SHOW DOWN ***
simbasez5 shows [Qc 8s] (Straight Ace high)
Kevdu8 shows [Ad 4d] (Flush Ace high)
Kevdu8 collected 296234 from pot
*** SUMMARY ***
Total pot 296234 | No rake
Board: [Td 9c Jd Ac Kd]
Seat 3: simbasez5 (big blind) showed [Qc 8s] and lost with Straight Ace high
Seat 6: Kevdu8 (button) showed [Ad 4d] and won 296234 with Flush Ace high


Winamax Poker - Tournament "Monster Stack" buyIn: 0.90€ + 0.10€ level: 5 - HandId: #4470858309989040130-81-1769955396 - Holdem no limit (250/1000/2000) - 2026/02/01 14:16:36 UTC
Table: 'Monster Stack(1040952818)#001' 6-max (real money) Seat #1 is the button
Seat 1: MathisKcr (105116)
Seat 3: simbasez5 (199225)
Seat 4: Polo IV (146147)
Seat 5: Kterine2neuf (130792)
Seat 6: Kevdu8 (388086)
*** ANTE/BLINDS ***
simbasez5 posts ante 250
Polo IV posts ante 250
MathisKcr posts ante 250
Kterine2neuf posts ante 250
Kevdu8 posts ante 250
simbasez5 posts small blind 1000
Polo IV posts big blind 2000
Dealt to MathisKcr [3s 2d]
*** PRE-FLOP *** 
Kterine2neuf folds
Kevdu8 calls 2000
MathisKcr folds
simbasez5 calls 1000
Polo IV raises 7250 to 9250
Kevdu8 calls 7250
simbasez5 calls 7250
*** FLOP *** [Kc Ad Th]
simbasez5 bets 14500
Polo IV calls 14500
Kevdu8 calls 14500
*** TURN *** [Kc Ad Th][7h]
simbasez5 bets 40000
Polo IV folds
Kevdu8 raises 85125 to 125125
simbasez5 raises 50100 to 175225 and is all-in
Kevdu8 calls 50100
*** RIVER *** [Kc Ad Th 7h][Qd]
*** SHOW DOWN ***
simbasez5 shows [Tc Kh] (Two pairs : Kings and Tens)
Kevdu8 shows [Ts As] (Two pairs : Aces and Tens)
Kevdu8 collected 422950 from pot
*** SUMMARY ***
Total pot 422950 | No rake
Board: [Kc Ad Th 7h Qd]
Seat 3: simbasez5 (small blind) showed [Tc Kh] and lost with Two pairs : Kings and Tens
Seat 6: Kevdu8 showed [Ts As] and won 422950 with Two pairs : Aces and Tens


Winamax Poker - Tournament "Monster Stack" buyIn: 0.90€ + 0.10€ level: 6 - HandId: #4470858309989040130-82-1769955481 - Holdem no limit (300/1250/2500) - 2026/02/01 14:18:01 UTC
Table: 'Monster Stack(1040952818)#001' 6-max (real money) Seat #3 is the button
Seat 1: MathisKcr (104866)
Seat 4: Polo IV (122147)
Seat 5: Kterine2neuf (130542)
Seat 6: Kevdu8 (611811)
*** ANTE/BLINDS ***
Polo IV posts ante 300
Kterine2neuf posts ante 300
MathisKcr posts ante 300
Kevdu8 posts ante 300
Polo IV posts small blind 1250
Kterine2neuf posts big blind 2500
Dealt to MathisKcr [4d 8c]
*** PRE-FLOP *** 
Kevdu8 folds
MathisKcr folds
Polo IV folds
Kterine2neuf collected 4950 from pot
*** SUMMARY ***
Total pot 4950 | No rake
Seat 5: Kterine2neuf (big blind) won 4950


Winamax Poker - Tournament "Monster Stack" buyIn: 0.90€ + 0.10€ level: 6 - HandId: #4470858309989040130-83-1769955495 - Holdem no limit (300/1250/2500) - 2026/02/01 14:18:15 UTC
Table: 'Monster Stack(1040952818)#001' 6-max (real money) Seat #4 is the button
Seat 1: MathisKcr (104566)
Seat 3: Bixa64300 (221555)
Seat 4: Polo IV (120597)
Seat 5: Kterine2neuf (132692)
Seat 6: Kevdu8 (611511)
*** ANTE/BLINDS ***
Kterine2neuf posts ante 300
Kevdu8 posts ante 300
MathisKcr posts ante 300
Bixa64300 posts ante 300
Polo IV posts ante 300
Kterine2neuf posts small blind 1250
Kevdu8 posts big blind 2500
Dealt to MathisKcr [3h 6c]
*** PRE-FLOP *** 
MathisKcr folds
Bixa64300 folds
Polo IV folds
Kterine2neuf raises 3750 to 6250
Kevdu8 calls 3750
*** FLOP *** [8d Jc Kd]
Kterine2neuf bets 4900
Kevdu8 calls 4900
*** TURN *** [8d Jc Kd][5c]
Kterine2neuf checks
Kevdu8 checks
*** RIVER *** [8d Jc Kd 5c][Ad]
Kterine2neuf checks
Kevdu8 bets 15470
Kterine2neuf folds
Kevdu8 collected 39270 from pot
*** SUMMARY ***
Total pot 39270 | No rake
Board: [8d Jc Kd 5c Ad]
Seat 6: Kevdu8 (big blind) won 39270


Winamax Poker - Tournament "Monster Stack" buyIn: 0.90€ + 0.10€ level: 6 - HandId: #4470858309989040130-84-1769955579 - Holdem no limit (300/1250/2500) - 2026/02/01 14:19:39 UTC
Table: 'Monster Stack(1040952818)#001' 6-max (real money) Seat #5 is the button
Seat 1: MathisKcr (104266)
Seat 3: Bixa64300 (221255)
Seat 4: Polo IV (120297)
Seat 5: Kterine2neuf (121242)
Seat 6: Kevdu8 (623861)
*** ANTE/BLINDS ***
Kevdu8 posts ante 300
MathisKcr posts ante 300
Bixa64300 posts ante 300
Polo IV posts ante 300
Kterine2neuf posts ante 300
Kevdu8 posts small blind 1250
MathisKcr posts big blind 2500
Dealt to MathisKcr [4d 7s]
*** PRE-FLOP *** 
Bixa64300 raises 3750 to 6250
Polo IV folds
Kterine2neuf folds
Kevdu8 folds
MathisKcr folds
Bixa64300 collected 11500 from pot
*** SUMMARY ***
Total pot 11500 | No rake
Seat 3: Bixa64300 won 11500


Winamax Poker - Tournament "Monster Stack" buyIn: 0.90€ + 0.10€ level: 6 - HandId: #4470858309989040130-85-1769955601 - Holdem no limit (300/1250/2500) - 2026/02/01 14:20:01 UTC
Table: 'Monster Stack(1040952818)#001' 6-max (real money) Seat #6 is the button
Seat 1: MathisKcr (101466)
Seat 2: Samyncb33 (100000)
Seat 3: Bixa64300 (226205)
Seat 4: Polo IV (119997)
Seat 5: Kterine2neuf (120942)
Seat 6: Kevdu8 (622311)
*** ANTE/BLINDS ***
MathisKcr posts ante 300
Samyncb33 posts ante 300
Bixa64300 posts ante 300
Polo IV posts ante 300
Kterine2neuf posts ante 300
Kevdu8 posts ante 300
MathisKcr posts small blind 1250
Samyncb33 posts big blind 2500
Dealt to MathisKcr [9h 8c]
*** PRE-FLOP *** 
Bixa64300 folds
Polo IV raises 3125 to 5625
Kterine2neuf folds
Kevdu8 calls 5625
MathisKcr calls 4375
Samyncb33 raises 94075 to 99700 and is all-in
Polo IV folds
Kevdu8 calls 94075
MathisKcr folds
*** FLOP *** [Td Ts 6d]
*** TURN *** [Td Ts 6d][Kd]
*** RIVER *** [Td Ts 6d Kd][9s]
*** SHOW DOWN ***
Kevdu8 shows [4s Ks] (Two pairs : Kings and Tens)
Samyncb33 shows [Ad Kc] (Two pairs : Kings and Tens)
Samyncb33 collected 212450 from pot
*** SUMMARY ***
Total pot 212450 | No rake
Board: [Td Ts 6d Kd 9s]
Seat 2: Samyncb33 (big blind) showed [Ad Kc] and won 212450 with Two pairs : Kings and Tens
Seat 6: Kevdu8 (button) showed [4s Ks] and lost with Two pairs : Kings and Tens


Winamax Poker - Tournament "Monster Stack" buyIn: 0.90€ + 0.10€ level: 6 - HandId: #4470858309989040130-86-1769955668 - Holdem no limit (300/1250/2500) - 2026/02/01 14:21:08 UTC
Table: 'Monster Stack(1040952818)#001' 6-max (real money) Seat #1 is the button
Seat 1: MathisKcr (95541)
Seat 2: Samyncb33 (212450)
Seat 3: Bixa64300 (225905)
Seat 4: Polo IV (114072)
Seat 5: Kterine2neuf (120642)
Seat 6: Kevdu8 (522311)
*** ANTE/BLINDS ***
Samyncb33 posts ante 300
Bixa64300 posts ante 300
MathisKcr posts ante 300
Polo IV posts ante 300
Kterine2neuf posts ante 300
Kevdu8 posts ante 300
Samyncb33 posts small blind 1250
Bixa64300 posts big blind 2500
Dealt to MathisKcr [4s 5c]
*** PRE-FLOP *** 
Polo IV folds
Kterine2neuf raises 2500 to 5000
Kevdu8 calls 5000
MathisKcr folds
Samyncb33 calls 3750
Bixa64300 calls 2500
*** FLOP *** [3d 4h 9c]
Samyncb33 checks
Bixa64300 checks
Kterine2neuf checks
Kevdu8 checks
*** TURN *** [3d 4h 9c][Kh]
Samyncb33 checks
Bixa64300 checks
Kterine2neuf bets 7630
Kevdu8 folds
Samyncb33 folds
Bixa64300 calls 7630
*** RIVER *** [3d 4h 9c Kh][7s]
Bixa64300 checks
Kterine2neuf bets 18530
Bixa64300 folds
Kterine2neuf collected 55590 from pot
*** SUMMARY ***
Total pot 55590 | No rake
Board: [3d 4h 9c Kh 7s]
Seat 5: Kterine2neuf won 55590


Winamax Poker - Tournament "Monster Stack" buyIn: 0.90€ + 0.10€ level: 6 - HandId: #4470858309989040130-87-1769955763 - Holdem no limit (300/1250/2500) - 2026/02/01 14:22:43 UTC
Table: 'Monster Stack(1040952818)#001' 6-max (real money) Seat #2 is the button
Seat 1: MathisKcr (95241)
Seat 2: Samyncb33 (207150)
Seat 3: Bixa64300 (212975)
Seat 4: Polo IV (113772)
Seat 5: Kterine2neuf (144772)
Seat 6: Kevdu8 (517011)
*** ANTE/BLINDS ***
Bixa64300 posts ante 300
Polo IV posts ante 300
MathisKcr posts ante 300
Samyncb33 posts ante 300
Kterine2neuf posts ante 300
Kevdu8 posts ante 300
Bixa64300 posts small blind 1250
Polo IV posts big blind 2500
Dealt to MathisKcr [4s Qc]
*** PRE-FLOP *** 
Kterine2neuf folds
Kevdu8 calls 2500
MathisKcr raises 2500 to 5000
Samyncb33 folds
Bixa64300 raises 12500 to 17500
Polo IV folds
Kevdu8 calls 15000
MathisKcr folds
*** FLOP *** [3s Kd 7s]
Bixa64300 checks
Kevdu8 bets 28795
Bixa64300 folds
Kevdu8 collected 73095 from pot
*** SUMMARY ***
Total pot 73095 | No rake
Board: [3s Kd 7s]
Seat 6: Kevdu8 won 73095


Winamax Poker - Tournament "Monster Stack" buyIn: 0.90€ + 0.10€ level: 6 - HandId: #4470858309989040130-88-1769955808 - Holdem no limit (300/1250/2500) - 2026/02/01 14:23:28 UTC
Table: 'Monster Stack(1040952818)#001' 6-max (real money) Seat #3 is the button
Seat 1: MathisKcr (89941)
Seat 2: Samyncb33 (206850)
Seat 3: Bixa64300 (195175)
Seat 4: Polo IV (110972)
Seat 5: Kterine2neuf (144472)
Seat 6: Kevdu8 (543511)
*** ANTE/BLINDS ***
Polo IV posts ante 300
Kterine2neuf posts ante 300
MathisKcr posts ante 300
Samyncb33 posts ante 300
Bixa64300 posts ante 300
Kevdu8 posts ante 300
Polo IV posts small blind 1250
Kterine2neuf posts big blind 2500
Dealt to MathisKcr [8d 7s]
*** PRE-FLOP *** 
Kevdu8 folds
MathisKcr folds
Samyncb33 folds
Bixa64300 folds
Polo IV folds
Kterine2neuf collected 5550 from pot
*** SUMMARY ***
Total pot 5550 | No rake
Seat 5: Kterine2neuf (big blind) won 5550


Winamax Poker - Tournament "Monster Stack" buyIn: 0.90€ + 0.10€ level: 6 - HandId: #4470858309989040130-89-1769955820 - Holdem no limit (300/1250/2500) - 2026/02/01 14:23:40 UTC
Table: 'Monster Stack(1040952818)#001' 6-max (real money) Seat #4 is the button
Seat 1: MathisKcr (89641)
Seat 2: Samyncb33 (206550)
Seat 3: Bixa64300 (194875)
Seat 4: Polo IV (109422)
Seat 5: Kterine2neuf (147222)
Seat 6: Kevdu8 (543211)
*** ANTE/BLINDS ***
Kterine2neuf posts ante 300
Kevdu8 posts ante 300
MathisKcr posts ante 300
Samyncb33 posts ante 300
Bixa64300 posts ante 300
Polo IV posts ante 300
Kterine2neuf posts small blind 1250
Kevdu8 posts big blind 2500
Dealt to MathisKcr [5h 5d]
*** PRE-FLOP *** 
MathisKcr folds
Samyncb33 folds
Bixa64300 raises 3750 to 6250
Polo IV folds
Kterine2neuf calls 5000
Kevdu8 folds
*** FLOP *** [7h Ad 8c]
Kterine2neuf checks
Bixa64300 bets 8400
Kterine2neuf folds
Bixa64300 collected 25200 from pot
*** SUMMARY ***
Total pot 25200 | No rake
Board: [7h Ad 8c]
Seat 3: Bixa64300 won 25200


Winamax Poker - Tournament "Monster Stack" buyIn: 0.90€ + 0.10€ level: 6 - HandId: #4470858309989040130-90-1769955900 - Holdem no limit (300/1250/2500) - 2026/02/01 14:25:00 UTC
Table: 'Monster Stack(1040952818)#001' 6-max (real money) Seat #5 is the button
Seat 1: MathisKcr (89341)
Seat 2: Samyncb33 (206250)
Seat 3: Bixa64300 (205125)
Seat 4: Polo IV (109122)
Seat 5: Kterine2neuf (140672)
Seat 6: Kevdu8 (540411)
*** ANTE/BLINDS ***
Kevdu8 posts ante 300
MathisKcr posts ante 300
Samyncb33 posts ante 300
Bixa64300 posts ante 300
Polo IV posts ante 300
Kterine2neuf posts ante 300
Kevdu8 posts small blind 1250
MathisKcr posts big blind 2500
Dealt to MathisKcr [3h 9s]
*** PRE-FLOP *** 
Samyncb33 calls 2500
Bixa64300 raises 6250 to 8750
Polo IV folds
Kterine2neuf calls 8750
Kevdu8 calls 7500
MathisKcr folds
Samyncb33 calls 6250
*** FLOP *** [Qh 3d Ad]
Kevdu8 bets 25545
Samyncb33 folds
Bixa64300 calls 25545
Kterine2neuf calls 25545
*** TURN *** [Qh 3d Ad][Ah]
Kevdu8 checks
Bixa64300 checks
Kterine2neuf bets 40577
Kevdu8 calls 40577
Bixa64300 calls 40577
*** RIVER *** [Qh 3d Ad Ah][4h]
Kevdu8 checks
Bixa64300 checks
Kterine2neuf checks
*** SHOW DOWN ***
Bixa64300 shows [Kd 8d] (One pair : Aces)
Kevdu8 shows [Tc Ts] (Two pairs : Aces and Tens)
Kterine2neuf shows [Qs Jh] (Two pairs : Aces and Queens)
Kterine2neuf collected 237666 from pot
*** SUMMARY ***
Total pot 237666 | No rake
Board: [Qh 3d Ad Ah 4h]
Seat 3: Bixa64300 showed [Kd 8d] and lost with One pair : Aces
Seat 5: Kterine2neuf (button) showed [Qs Jh] and won 237666 with Two pairs : Aces and Queens
Seat 6: Kevdu8 (small blind) showed [Tc Ts] and lost with Two pairs : Aces and Tens


Winamax Poker - Tournament "Monster Stack" buyIn: 0.90€ + 0.10€ level: 7 - HandId: #4470858309989040130-91-1769955980 - Holdem no limit (350/1500/3000) - 2026/02/01 14:26:20 UTC
Table: 'Monster Stack(1040952818)#001' 6-max (real money) Seat #6 is the button
Seat 1: MathisKcr (86541)
Seat 2: Samyncb33 (197200)
Seat 3: Bixa64300 (129953)
Seat 4: Polo IV (108822)
Seat 5: Kterine2neuf (303166)
Seat 6: Kevdu8 (465239)
*** ANTE/BLINDS ***
MathisKcr posts ante 350
Samyncb33 posts ante 350
Bixa64300 posts ante 350
Polo IV posts ante 350
Kterine2neuf posts ante 350
Kevdu8 posts ante 350
MathisKcr posts small blind 1500
Samyncb33 posts big blind 3000
Dealt to MathisKcr [Ac 8s]
*** PRE-FLOP *** 
Bixa64300 folds
Polo IV folds
Kterine2neuf raises 3000 to 6000
Kevdu8 calls 6000
MathisKcr calls 4500
Samyncb33 calls 3000
*** FLOP *** [2c 9s 8c]
MathisKcr bets 13050
Samyncb33 calls 13050
Kterine2neuf folds
Kevdu8 folds
*** TURN *** [2c 9s 8c][Ks]
MathisKcr bets 33930
Samyncb33 raises 143870 to 177800 and is all-in
MathisKcr calls 33211 and is all-in
*** RIVER *** [2c 9s 8c Ks][3h]
*** SHOW DOWN ***
MathisKcr shows [Ac 8s] (One pair : 8)
Samyncb33 shows [8d As] (One pair : 8)
Samyncb33 collected 203900 from side pot 1
MathisKcr collected 93241 from main pot
*** SUMMARY ***
Total pot 297141 | No rake
Board: [2c 9s 8c Ks 3h]
Seat 1: MathisKcr (small blind) showed [Ac 8s] and won 93241 with One pair : 8
Seat 2: Samyncb33 (big blind) showed [8d As] and won 203900 with One pair : 8


Winamax Poker - Tournament "Monster Stack" buyIn: 0.90€ + 0.10€ level: 7 - HandId: #4470858309989040130-92-1769956053 - Holdem no limit (350/1500/3000) - 2026/02/01 14:27:33 UTC
Table: 'Monster Stack(1040952818)#001' 6-max (real money) Seat #1 is the button
Seat 1: MathisKcr (93241)
Seat 2: Samyncb33 (203900)
Seat 3: Bixa64300 (129603)
Seat 4: Polo IV (108472)
Seat 5: Kterine2neuf (296816)
Seat 6: Kevdu8 (458889)
*** ANTE/BLINDS ***
Samyncb33 posts ante 350
Bixa64300 posts ante 350
MathisKcr posts ante 350
Polo IV posts ante 350
Kterine2neuf posts ante 350
Kevdu8 posts ante 350
Samyncb33 posts small blind 1500
Bixa64300 posts big blind 3000
Dealt to MathisKcr [6h Kd]
*** PRE-FLOP *** 
Polo IV folds
Kterine2neuf folds
Kevdu8 calls 3000
MathisKcr raises 3000 to 6000
Samyncb33 calls 4500
Bixa64300 folds
Kevdu8 calls 3000
*** FLOP *** [Ac Th 9c]
Samyncb33 checks
Kevdu8 bets 15015
MathisKcr folds
Samyncb33 calls 15015
*** TURN *** [Ac Th 9c][3d]
Samyncb33 checks
Kevdu8 checks
*** RIVER *** [Ac Th 9c 3d][Ad]
Samyncb33 bets 34535
Kevdu8 folds
Samyncb33 collected 87665 from pot
*** SUMMARY ***
Total pot 87665 | No rake
Board: [Ac Th 9c 3d Ad]
Seat 2: Samyncb33 (small blind) won 87665


Winamax Poker - Tournament "Monster Stack" buyIn: 0.90€ + 0.10€ level: 7 - HandId: #4470858309989040130-93-1769956126 - Holdem no limit (350/1500/3000) - 2026/02/01 14:28:46 UTC
Table: 'Monster Stack(1040952818)#001' 6-max (real money) Seat #2 is the button
Seat 1: MathisKcr (86891)
Seat 2: Samyncb33 (235665)
Seat 3: Bixa64300 (126253)
Seat 4: Polo IV (108122)
Seat 5: Kterine2neuf (296466)
Seat 6: Kevdu8 (437524)
*** ANTE/BLINDS ***
Bixa64300 posts ante 350
Polo IV posts ante 350
MathisKcr posts ante 350
Samyncb33 posts ante 350
Kterine2neuf posts ante 350
Kevdu8 posts ante 350
Bixa64300 posts small blind 1500
Polo IV posts big blind 3000
Dealt to MathisKcr [8d 9s]
*** PRE-FLOP *** 
Kterine2neuf folds
Kevdu8 folds
MathisKcr folds
Samyncb33 calls 3000
Bixa64300 folds
Polo IV raises 4500 to 7500
Samyncb33 calls 4500
*** FLOP *** [5d Ad 9c]
Polo IV bets 6510
Samyncb33 calls 6510
*** TURN *** [5d Ad 9c][Qs]
Polo IV bets 15810
Samyncb33 calls 15810
*** RIVER *** [5d Ad 9c Qs][Jd]
Polo IV bets 77952 and is all-in
Samyncb33 calls 77952
*** SHOW DOWN ***
Polo IV shows [7h Ts] (High card : Ace)
Samyncb33 shows [Qd Jh] (Two pairs : Queens and Jacks)
Samyncb33 collected 219144 from pot
*** SUMMARY ***
Total pot 219144 | No rake
Board: [5d Ad 9c Qs Jd]
Seat 2: Samyncb33 (button) showed [Qd Jh] and won 219144 with Two pairs : Queens and Jacks
Seat 4: Polo IV (big blind) showed [7h Ts] and lost with High card : Ace


Winamax Poker - Tournament "Monster Stack" buyIn: 0.90€ + 0.10€ level: 7 - HandId: #4470858309989040130-94-1769956164 - Holdem no limit (350/1500/3000) - 2026/02/01 14:29:24 UTC
Table: 'Monster Stack(1040952818)#001' 6-max (real money) Seat #3 is the button
Seat 1: MathisKcr (86541)
Seat 2: Samyncb33 (346687)
Seat 3: Bixa64300 (124403)
Seat 5: Kterine2neuf (296116)
Seat 6: Kevdu8 (437174)
*** ANTE/BLINDS ***
Kterine2neuf posts ante 350
MathisKcr posts ante 350
Samyncb33 posts ante 350
Bixa64300 posts ante 350
Kevdu8 posts ante 350
Kterine2neuf posts big blind 3000
Dealt to MathisKcr [Ts 6s]
*** PRE-FLOP *** 
Kevdu8 folds
MathisKcr folds
Samyncb33 calls 3000
Bixa64300 raises 7500 to 10500
Kterine2neuf folds
Samyncb33 calls 7500
*** FLOP *** [8c 8h 7c]
Samyncb33 checks
Bixa64300 checks
*** TURN *** [8c 8h 7c][Kh]
Samyncb33 bets 16738
Bixa64300 calls 16738
*** RIVER *** [8c 8h 7c Kh][7d]
Samyncb33 checks
Bixa64300 checks
*** SHOW DOWN ***
Samyncb33 shows [Qs 9s] (Two pairs : 8 and 7)
Bixa64300 shows [Qh Kd] (Two pairs : Kings and 8)
Bixa64300 collected 59226 from pot
*** SUMMARY ***
Total pot 59226 | No rake
Board: [8c 8h 7c Kh 7d]
Seat 2: Samyncb33 showed [Qs 9s] and lost with Two pairs : 8 and 7
Seat 3: Bixa64300 (button) showed [Qh Kd] and won 59226 with Two pairs : Kings and 8


Winamax Poker - Tournament "Monster Stack" buyIn: 0.90€ + 0.10€ level: 7 - HandId: #4470858309989040130-95-1769956195 - Holdem no limit (350/1500/3000) - 2026/02/01 14:29:55 UTC
Table: 'Monster Stack(1040952818)#001' 6-max (real money) Seat #4 is the button
Seat 1: MathisKcr (86191)
Seat 2: Samyncb33 (319099)
Seat 3: Bixa64300 (156041)
Seat 5: Kterine2neuf (292766)
Seat 6: Kevdu8 (436824)
*** ANTE/BLINDS ***
Kterine2neuf posts ante 350
Kevdu8 posts ante 350
MathisKcr posts ante 350
Samyncb33 posts ante 350
Bixa64300 posts ante 350
Kterine2neuf posts small blind 1500
Kevdu8 posts big blind 3000
Dealt to MathisKcr [3c 8c]
*** PRE-FLOP *** 
MathisKcr folds
Samyncb33 calls 3000
Bixa64300 folds
Kterine2neuf raises 6000 to 9000
Kevdu8 folds
Samyncb33 calls 6000
*** FLOP *** [9c 9h Ac]
Kterine2neuf bets 14788
Samyncb33 calls 14788
*** TURN *** [9c 9h Ac][7h]
Kterine2neuf bets 41861
Samyncb33 calls 41861
*** RIVER *** [9c 9h Ac 7h][Js]
Kterine2neuf bets 226767 and is all-in
Samyncb33 calls 226767
*** SHOW DOWN ***
Samyncb33 shows [8d As] (Two pairs : Aces and 9)
Kterine2neuf shows [Jh Ad] (Two pairs : Aces and Jacks)
Kterine2neuf collected 589582 from pot
*** SUMMARY ***
Total pot 589582 | No rake
Board: [9c 9h Ac 7h Js]
Seat 2: Samyncb33 showed [8d As] and lost with Two pairs : Aces and 9
Seat 5: Kterine2neuf (small blind) showed [Jh Ad] and won 589582 with Two pairs : Aces and Jacks


Winamax Poker - Tournament "Monster Stack" buyIn: 0.90€ + 0.10€ level: 7 - HandId: #4470858309989040130-96-1769956231 - Holdem no limit (350/1500/3000) - 2026/02/01 14:30:31 UTC
Table: 'Monster Stack(1040952818)#001' 6-max (real money) Seat #5 is the button
Seat 1: MathisKcr (85841)
Seat 2: Samyncb33 (26333)
Seat 3: Bixa64300 (155691)
Seat 5: Kterine2neuf (589582)
Seat 6: Kevdu8 (433474)
*** ANTE/BLINDS ***
Kevdu8 posts ante 350
MathisKcr posts ante 350
Samyncb33 posts ante 350
Bixa64300 posts ante 350
Kterine2neuf posts ante 350
Kevdu8 posts small blind 1500
MathisKcr posts big blind 3000
Dealt to MathisKcr [6s Ad]
*** PRE-FLOP *** 
Samyncb33 raises 22983 to 25983 and is all-in
Bixa64300 folds
Kterine2neuf folds
Kevdu8 calls 24483
MathisKcr calls 22983
*** FLOP *** [Ks Js Tc]
Kevdu8 checks
MathisKcr bets 59508 and is all-in
Kevdu8 calls 59508
*** TURN *** [Ks Js Tc][8d]
*** RIVER *** [Ks Js Tc 8d][3c]
*** SHOW DOWN ***
MathisKcr shows [6s Ad] (High card : Ace)
Samyncb33 shows [2c Ah] (High card : Ace)
Kevdu8 shows [4d 4h] (One pair : 4)
Kevdu8 collected 198715 from pot
*** SUMMARY ***
Total pot 198715 | No rake
Board: [Ks Js Tc 8d 3c]
Seat 1: MathisKcr (big blind) showed [6s Ad] and lost with High card : Ace
Seat 2: Samyncb33 showed [2c Ah] and lost with High card : Ace
Seat 6: Kevdu8 (small blind) showed [4d 4h] and won 198715 with One pair : 4


