Winamax Poker - Tournament "Expresso Nitro" buyIn: 0.93€ + 0.07€ level: 1 - HandId: #4655930989099352065-1-1774285666 - Holdem no limit (10/20) - 2026/03/23 17:07:46 UTC
Table: 'Expresso Nitro(1084043409)#0' 3-max (real money) Seat #1 is the button
Seat 1: Nalbio (300)
Seat 2: MathisKcr (300)
Seat 3: Alexhusz (300)
*** ANTE/BLINDS ***
MathisKcr posts small blind 10
Alexhusz posts big blind 20
Dealt to MathisKcr [Jc 6d]
*** PRE-FLOP *** 
Nalbio raises 280 to 300 and is all-in
MathisKcr folds
Alexhusz folds
Nalbio collected 330 from pot
*** SUMMARY ***
Total pot 330 | No rake
Seat 1: Nalbio (button) won 330


Winamax Poker - Tournament "Expresso Nitro" buyIn: 0.93€ + 0.07€ level: 1 - HandId: #4655930989099352065-2-1774285673 - Holdem no limit (10/20) - 2026/03/23 17:07:53 UTC
Table: 'Expresso Nitro(1084043409)#0' 3-max (real money) Seat #2 is the button
Seat 1: Nalbio (330)
Seat 2: MathisKcr (290)
Seat 3: Alexhusz (280)
*** ANTE/BLINDS ***
Alexhusz posts small blind 10
Nalbio posts big blind 20
Dealt to MathisKcr [4h 5c]
*** PRE-FLOP *** 
MathisKcr raises 40 to 60
Alexhusz folds
Nalbio raises 270 to 330 and is all-in
MathisKcr folds
Nalbio collected 400 from pot
*** SUMMARY ***
Total pot 400 | No rake
Seat 1: Nalbio (big blind) won 400


Winamax Poker - Tournament "Expresso Nitro" buyIn: 0.93€ + 0.07€ level: 1 - HandId: #4655930989099352065-3-1774285694 - Holdem no limit (10/20) - 2026/03/23 17:08:14 UTC
Table: 'Expresso Nitro(1084043409)#0' 3-max (real money) Seat #3 is the button
Seat 1: Nalbio (400)
Seat 2: MathisKcr (230)
Seat 3: Alexhusz (270)
*** ANTE/BLINDS ***
Nalbio posts small blind 10
MathisKcr posts big blind 20
Dealt to MathisKcr [3h Kc]
*** PRE-FLOP *** 
Alexhusz folds
Nalbio raises 380 to 400 and is all-in
MathisKcr folds
Nalbio collected 420 from pot
*** SUMMARY ***
Total pot 420 | No rake
Seat 1: Nalbio (small blind) won 420


Winamax Poker - Tournament "Expresso Nitro" buyIn: 0.93€ + 0.07€ level: 1 - HandId: #4655930989099352065-4-1774285705 - Holdem no limit (10/20) - 2026/03/23 17:08:25 UTC
Table: 'Expresso Nitro(1084043409)#0' 3-max (real money) Seat #1 is the button
Seat 1: Nalbio (420)
Seat 2: MathisKcr (210)
Seat 3: Alexhusz (270)
*** ANTE/BLINDS ***
MathisKcr posts small blind 10
Alexhusz posts big blind 20
Dealt to MathisKcr [Qh Tc]
*** PRE-FLOP *** 
Nalbio raises 400 to 420 and is all-in
MathisKcr calls 200 and is all-in
Alexhusz folds
*** FLOP *** [7c 2d Qs]
*** TURN *** [7c 2d Qs][5d]
*** RIVER *** [7c 2d Qs 5d][2s]
*** SHOW DOWN ***
Nalbio shows [9c 6d] (One pair : 2)
MathisKcr shows [Qh Tc] (Two pairs : Queens and 2)
MathisKcr collected 440 from main pot
Nalbio collected 210 from side pot 1
*** SUMMARY ***
Total pot 650 | No rake
Board: [7c 2d Qs 5d 2s]
Seat 1: Nalbio (button) showed [9c 6d] and won 210 with One pair : 2
Seat 2: MathisKcr (small blind) showed [Qh Tc] and won 440 with Two pairs : Queens and 2


Winamax Poker - Tournament "Expresso Nitro" buyIn: 0.93€ + 0.07€ level: 2 - HandId: #4655930989099352065-5-1774285743 - Holdem no limit (15/30) - 2026/03/23 17:09:03 UTC
Table: 'Expresso Nitro(1084043409)#0' 3-max (real money) Seat #2 is the button
Seat 1: Nalbio (210)
Seat 2: MathisKcr (440)
Seat 3: Alexhusz (250)
*** ANTE/BLINDS ***
Alexhusz posts small blind 15
Nalbio posts big blind 30
Dealt to MathisKcr [Js 5d]
*** PRE-FLOP *** 
MathisKcr folds
Alexhusz folds
Nalbio collected 45 from pot
*** SUMMARY ***
Total pot 45 | No rake
Seat 1: Nalbio (big blind) won 45


Winamax Poker - Tournament "Expresso Nitro" buyIn: 0.93€ + 0.07€ level: 2 - HandId: #4655930989099352065-6-1774285753 - Holdem no limit (15/30) - 2026/03/23 17:09:13 UTC
Table: 'Expresso Nitro(1084043409)#0' 3-max (real money) Seat #3 is the button
Seat 1: Nalbio (225)
Seat 2: MathisKcr (440)
Seat 3: Alexhusz (235)
*** ANTE/BLINDS ***
Nalbio posts small blind 15
MathisKcr posts big blind 30
Dealt to MathisKcr [7s 7c]
*** PRE-FLOP *** 
Alexhusz folds
Nalbio raises 195 to 225 and is all-in
MathisKcr raises 215 to 440 and is all-in
*** FLOP *** [5d Ac Ad]
*** TURN *** [5d Ac Ad][4c]
*** RIVER *** [5d Ac Ad 4c][8s]
*** SHOW DOWN ***
Nalbio shows [6s Kd] (One pair : Aces)
MathisKcr shows [7s 7c] (Two pairs : Aces and 7)
MathisKcr collected 665 from pot
*** SUMMARY ***
Total pot 665 | No rake
Board: [5d Ac Ad 4c 8s]
Seat 1: Nalbio (small blind) showed [6s Kd] and lost with One pair : Aces
Seat 2: MathisKcr (big blind) showed [7s 7c] and won 665 with Two pairs : Aces and 7


Winamax Poker - Tournament "Expresso Nitro" buyIn: 0.93€ + 0.07€ level: 2 - HandId: #4655930989099352065-7-1774285767 - Holdem no limit (15/30) - 2026/03/23 17:09:27 UTC
Table: 'Expresso Nitro(1084043409)#0' 3-max (real money) Seat #2 is the button
Seat 2: MathisKcr (665)
Seat 3: Alexhusz (235)
*** ANTE/BLINDS ***
MathisKcr posts small blind 15
Alexhusz posts big blind 30
Dealt to MathisKcr [Qs 7d]
*** PRE-FLOP *** 
MathisKcr raises 635 to 665 and is all-in
Alexhusz folds
MathisKcr collected 695 from pot
*** SUMMARY ***
Total pot 695 | No rake
Seat 2: MathisKcr (small blind) (button) won 695


Winamax Poker - Tournament "Expresso Nitro" buyIn: 0.93€ + 0.07€ level: 2 - HandId: #4655930989099352065-8-1774285777 - Holdem no limit (15/30) - 2026/03/23 17:09:37 UTC
Table: 'Expresso Nitro(1084043409)#0' 3-max (real money) Seat #3 is the button
Seat 2: MathisKcr (695)
Seat 3: Alexhusz (205)
*** ANTE/BLINDS ***
Alexhusz posts small blind 15
MathisKcr posts big blind 30
Dealt to MathisKcr [2h 3d]
*** PRE-FLOP *** 
Alexhusz raises 175 to 205 and is all-in
MathisKcr folds
Alexhusz collected 235 from pot
*** SUMMARY ***
Total pot 235 | No rake
Seat 3: Alexhusz (small blind) (button) won 235


Winamax Poker - Tournament "Expresso Nitro" buyIn: 0.93€ + 0.07€ level: 3 - HandId: #4655930989099352065-9-1774285785 - Holdem no limit (20/40) - 2026/03/23 17:09:45 UTC
Table: 'Expresso Nitro(1084043409)#0' 3-max (real money) Seat #2 is the button
Seat 2: MathisKcr (665)
Seat 3: Alexhusz (235)
*** ANTE/BLINDS ***
MathisKcr posts small blind 20
Alexhusz posts big blind 40
Dealt to MathisKcr [Jh 9c]
*** PRE-FLOP *** 
MathisKcr raises 625 to 665 and is all-in
Alexhusz calls 195 and is all-in
*** FLOP *** [2s Ks Js]
*** TURN *** [2s Ks Js][7c]
*** RIVER *** [2s Ks Js 7c][3s]
*** SHOW DOWN ***
Alexhusz shows [9d Qd] (High card : King)
MathisKcr shows [Jh 9c] (One pair : Jacks)
MathisKcr collected 900 from pot
*** SUMMARY ***
Total pot 900 | No rake
Board: [2s Ks Js 7c 3s]
Seat 2: MathisKcr (small blind) (button) showed [Jh 9c] and won 900 with One pair : Jacks
Seat 3: Alexhusz (big blind) showed [9d Qd] and lost with High card : King


