Winamax Poker - Tournament "Expresso Nitro" buyIn: 0.93€ + 0.07€ level: 1 - HandId: #4604985817906020353-1-1772525096 - Holdem no limit (10/20) - 2026/03/03 08:04:56 UTC
Table: 'Expresso Nitro(1072181812)#0' 3-max (real money) Seat #2 is the button
Seat 1: MathisKcr (300)
Seat 2: Luz7779 (300)
Seat 3: D.Quixote (300)
*** ANTE/BLINDS ***
D.Quixote posts small blind 10
MathisKcr posts big blind 20
Dealt to MathisKcr [Jc 6h]
*** PRE-FLOP *** 
Luz7779 calls 20
D.Quixote folds
MathisKcr raises 20 to 40
Luz7779 calls 20
*** FLOP *** [5c Ks Qh]
MathisKcr checks
Luz7779 checks
*** TURN *** [5c Ks Qh][2s]
MathisKcr bets 32
Luz7779 folds
MathisKcr collected 122 from pot
*** SUMMARY ***
Total pot 122 | No rake
Board: [5c Ks Qh 2s]
Seat 1: MathisKcr (big blind) won 122


Winamax Poker - Tournament "Expresso Nitro" buyIn: 0.93€ + 0.07€ level: 1 - HandId: #4604985817906020353-2-1772525116 - Holdem no limit (10/20) - 2026/03/03 08:05:16 UTC
Table: 'Expresso Nitro(1072181812)#0' 3-max (real money) Seat #3 is the button
Seat 1: MathisKcr (350)
Seat 2: Luz7779 (260)
Seat 3: D.Quixote (290)
*** ANTE/BLINDS ***
MathisKcr posts small blind 10
Luz7779 posts big blind 20
Dealt to MathisKcr [4s 7d]
*** PRE-FLOP *** 
D.Quixote folds
MathisKcr folds
Luz7779 collected 30 from pot
*** SUMMARY ***
Total pot 30 | No rake
Seat 2: Luz7779 (big blind) won 30


Winamax Poker - Tournament "Expresso Nitro" buyIn: 0.93€ + 0.07€ level: 1 - HandId: #4604985817906020353-3-1772525131 - Holdem no limit (10/20) - 2026/03/03 08:05:31 UTC
Table: 'Expresso Nitro(1072181812)#0' 3-max (real money) Seat #1 is the button
Seat 1: MathisKcr (340)
Seat 2: Luz7779 (270)
Seat 3: D.Quixote (290)
*** ANTE/BLINDS ***
Luz7779 posts small blind 10
D.Quixote posts big blind 20
Dealt to MathisKcr [5s 7c]
*** PRE-FLOP *** 
MathisKcr folds
Luz7779 calls 10
D.Quixote raises 162 to 182
Luz7779 folds
D.Quixote collected 202 from pot
*** SUMMARY ***
Total pot 202 | No rake
Seat 3: D.Quixote (big blind) won 202


Winamax Poker - Tournament "Expresso Nitro" buyIn: 0.93€ + 0.07€ level: 1 - HandId: #4604985817906020353-4-1772525144 - Holdem no limit (10/20) - 2026/03/03 08:05:44 UTC
Table: 'Expresso Nitro(1072181812)#0' 3-max (real money) Seat #2 is the button
Seat 1: MathisKcr (340)
Seat 2: Luz7779 (250)
Seat 3: D.Quixote (310)
*** ANTE/BLINDS ***
D.Quixote posts small blind 10
MathisKcr posts big blind 20
Dealt to MathisKcr [Jd As]
*** PRE-FLOP *** 
Luz7779 calls 20
D.Quixote raises 290 to 310 and is all-in
MathisKcr raises 30 to 340 and is all-in
Luz7779 folds
*** FLOP *** [Ah Kh 4c]
*** TURN *** [Ah Kh 4c][3c]
*** RIVER *** [Ah Kh 4c 3c][7h]
*** SHOW DOWN ***
D.Quixote shows [8s 8c] (One pair : 8)
MathisKcr shows [Jd As] (One pair : Aces)
MathisKcr collected 670 from pot
*** SUMMARY ***
Total pot 670 | No rake
Board: [Ah Kh 4c 3c 7h]
Seat 1: MathisKcr (big blind) showed [Jd As] and won 670 with One pair : Aces
Seat 3: D.Quixote (small blind) showed [8s 8c] and lost with One pair : 8


Winamax Poker - Tournament "Expresso Nitro" buyIn: 0.93€ + 0.07€ level: 2 - HandId: #4604985817906020353-5-1772525161 - Holdem no limit (15/30) - 2026/03/03 08:06:01 UTC
Table: 'Expresso Nitro(1072181812)#0' 3-max (real money) Seat #1 is the button
Seat 1: MathisKcr (670)
Seat 2: Luz7779 (230)
*** ANTE/BLINDS ***
MathisKcr posts small blind 15
Luz7779 posts big blind 30
Dealt to MathisKcr [2c 3h]
*** PRE-FLOP *** 
MathisKcr raises 30 to 60
Luz7779 raises 170 to 230 and is all-in
MathisKcr folds
Luz7779 collected 290 from pot
*** SUMMARY ***
Total pot 290 | No rake
Seat 2: Luz7779 (big blind) won 290


Winamax Poker - Tournament "Expresso Nitro" buyIn: 0.93€ + 0.07€ level: 2 - HandId: #4604985817906020353-6-1772525172 - Holdem no limit (15/30) - 2026/03/03 08:06:12 UTC
Table: 'Expresso Nitro(1072181812)#0' 3-max (real money) Seat #2 is the button
Seat 1: MathisKcr (610)
Seat 2: Luz7779 (290)
*** ANTE/BLINDS ***
Luz7779 posts small blind 15
MathisKcr posts big blind 30
Dealt to MathisKcr [5c 7h]
*** PRE-FLOP *** 
Luz7779 calls 15
MathisKcr checks
*** FLOP *** [2s Ks As]
MathisKcr checks
Luz7779 bets 260 and is all-in
MathisKcr folds
Luz7779 collected 320 from pot
*** SUMMARY ***
Total pot 320 | No rake
Board: [2s Ks As]
Seat 2: Luz7779 (small blind) (button) won 320


Winamax Poker - Tournament "Expresso Nitro" buyIn: 0.93€ + 0.07€ level: 2 - HandId: #4604985817906020353-7-1772525181 - Holdem no limit (15/30) - 2026/03/03 08:06:21 UTC
Table: 'Expresso Nitro(1072181812)#0' 3-max (real money) Seat #1 is the button
Seat 1: MathisKcr (580)
Seat 2: Luz7779 (320)
*** ANTE/BLINDS ***
MathisKcr posts small blind 15
Luz7779 posts big blind 30
Dealt to MathisKcr [4s 7c]
*** PRE-FLOP *** 
MathisKcr folds
Luz7779 collected 45 from pot
*** SUMMARY ***
Total pot 45 | No rake
Seat 2: Luz7779 (big blind) won 45


Winamax Poker - Tournament "Expresso Nitro" buyIn: 0.93€ + 0.07€ level: 2 - HandId: #4604985817906020353-8-1772525187 - Holdem no limit (15/30) - 2026/03/03 08:06:27 UTC
Table: 'Expresso Nitro(1072181812)#0' 3-max (real money) Seat #2 is the button
Seat 1: MathisKcr (565)
Seat 2: Luz7779 (335)
*** ANTE/BLINDS ***
Luz7779 posts small blind 15
MathisKcr posts big blind 30
Dealt to MathisKcr [9s Ac]
*** PRE-FLOP *** 
Luz7779 raises 305 to 335 and is all-in
MathisKcr calls 305
*** FLOP *** [6d 6c Qs]
*** TURN *** [6d 6c Qs][8h]
*** RIVER *** [6d 6c Qs 8h][2c]
*** SHOW DOWN ***
Luz7779 shows [5s As] (One pair : 6)
MathisKcr shows [9s Ac] (One pair : 6)
MathisKcr collected 670 from pot
*** SUMMARY ***
Total pot 670 | No rake
Board: [6d 6c Qs 8h 2c]
Seat 1: MathisKcr (big blind) showed [9s Ac] and won 670 with One pair : 6
Seat 2: Luz7779 (small blind) (button) showed [5s As] and lost with One pair : 6


