Winamax Poker - Tournament "Expresso Nitro Freeroll" buyIn: 0€ + 0€ level: 1 - HandId: #4512848216672174081-1-1769087734 - Holdem no limit (10/20) - 2026/01/22 13:15:34 UTC
Table: 'Expresso Nitro Freeroll(1050729355)#0' 3-max (real money) Seat #3 is the button
Seat 1: S. Godzy (300)
Seat 2: Guett07 (300)
Seat 3: MathisKcr (300)
*** ANTE/BLINDS ***
S. Godzy posts small blind 10
Guett07 posts big blind 20
Dealt to MathisKcr [2c 9c]
*** PRE-FLOP *** 
MathisKcr folds
S. Godzy raises 280 to 300 and is all-in
Guett07 calls 280 and is all-in
*** FLOP *** [2s Ah 6d]
*** TURN *** [2s Ah 6d][Th]
*** RIVER *** [2s Ah 6d Th][7s]
*** SHOW DOWN ***
Guett07 shows [9d Jh] (High card : Ace)
S. Godzy shows [Kc 3s] (High card : Ace)
S. Godzy collected 600 from pot
*** SUMMARY ***
Total pot 600 | No rake
Board: [2s Ah 6d Th 7s]
Seat 1: S. Godzy (small blind) showed [Kc 3s] and won 600 with High card : Ace
Seat 2: Guett07 (big blind) showed [9d Jh] and lost with High card : Ace


Winamax Poker - Tournament "Expresso Nitro Freeroll" buyIn: 0€ + 0€ level: 1 - HandId: #4512848216672174081-2-1769087751 - Holdem no limit (10/20) - 2026/01/22 13:15:51 UTC
Table: 'Expresso Nitro Freeroll(1050729355)#0' 3-max (real money) Seat #3 is the button
Seat 1: S. Godzy (600)
Seat 3: MathisKcr (300)
*** ANTE/BLINDS ***
MathisKcr posts small blind 10
S. Godzy posts big blind 20
Dealt to MathisKcr [8c Qh]
*** PRE-FLOP *** 
MathisKcr raises 20 to 40
S. Godzy raises 560 to 600 and is all-in
MathisKcr calls 260 and is all-in
*** FLOP *** [8d 9s 7c]
*** TURN *** [8d 9s 7c][7d]
*** RIVER *** [8d 9s 7c 7d][2c]
*** SHOW DOWN ***
S. Godzy shows [3d As] (One pair : 7)
MathisKcr shows [8c Qh] (Two pairs : 8 and 7)
MathisKcr collected 600 from main pot
S. Godzy collected 300 from side pot 1
*** SUMMARY ***
Total pot 900 | No rake
Board: [8d 9s 7c 7d 2c]
Seat 1: S. Godzy (big blind) showed [3d As] and won 300 with One pair : 7
Seat 3: MathisKcr (small blind) (button) showed [8c Qh] and won 600 with Two pairs : 8 and 7


Winamax Poker - Tournament "Expresso Nitro Freeroll" buyIn: 0€ + 0€ level: 1 - HandId: #4512848216672174081-3-1769087772 - Holdem no limit (10/20) - 2026/01/22 13:16:12 UTC
Table: 'Expresso Nitro Freeroll(1050729355)#0' 3-max (real money) Seat #1 is the button
Seat 1: S. Godzy (300)
Seat 3: MathisKcr (600)
*** ANTE/BLINDS ***
S. Godzy posts small blind 10
MathisKcr posts big blind 20
Dealt to MathisKcr [9c Ac]
*** PRE-FLOP *** 
S. Godzy raises 280 to 300 and is all-in
MathisKcr raises 300 to 600 and is all-in
*** FLOP *** [3s 2h Ks]
*** TURN *** [3s 2h Ks][6h]
*** RIVER *** [3s 2h Ks 6h][Kc]
*** SHOW DOWN ***
S. Godzy shows [Jh 8d] (One pair : Kings)
MathisKcr shows [9c Ac] (One pair : Kings)
MathisKcr collected 900 from pot
*** SUMMARY ***
Total pot 900 | No rake
Board: [3s 2h Ks 6h Kc]
Seat 1: S. Godzy (small blind) (button) showed [Jh 8d] and lost with One pair : Kings
Seat 3: MathisKcr (big blind) showed [9c Ac] and won 900 with One pair : Kings


