Winamax Poker - Tournament "TRIDENT SPACE KO" buyIn: 0.90€ + 0.10€ level: 1 - HandId: #4464721763795730485-1-1769685310 - Holdem no limit (3/10/20) - 2026/01/29 11:15:10 UTC
Table: 'TRIDENT SPACE KO(1039524042)#0052' 3-max (real money) Seat #3 is the button
Seat 1: MathisKcr (500, 0.50€ bounty)
Seat 2: Mokkro13 (500, 0.50€ bounty)
Seat 3: JeanKulki_ (500, 0.50€ bounty)
*** ANTE/BLINDS ***
MathisKcr posts ante 3
Mokkro13 posts ante 3
JeanKulki_ posts ante 3
MathisKcr posts small blind 10
Mokkro13 posts big blind 20
Dealt to MathisKcr [Ks Qh]
*** PRE-FLOP *** 
JeanKulki_ raises 20 to 40
MathisKcr raises 457 to 497 and is all-in
Mokkro13 calls 477 and is all-in
JeanKulki_ calls 457 and is all-in
*** FLOP *** [3s 2h Tc]
*** TURN *** [3s 2h Tc][9c]
*** RIVER *** [3s 2h Tc 9c][Kc]
*** SHOW DOWN ***
MathisKcr shows [Ks Qh] (One pair : Kings)
Mokkro13 shows [Ah Ad] (One pair : Aces)
JeanKulki_ shows [Jc Qc] (Straight flush King)
JeanKulki_ collected 1500 from pot
*** SUMMARY ***
Total pot 1500 | No rake
Board: [3s 2h Tc 9c Kc]
Seat 1: MathisKcr (small blind) showed [Ks Qh] and lost with One pair : Kings
Seat 2: Mokkro13 (big blind) showed [Ah Ad] and lost with One pair : Aces
Seat 3: JeanKulki_ (button) showed [Jc Qc] and won 1500 with Straight flush King


Winamax Poker - Tournament "TRIDENT SPACE KO" buyIn: 0.90€ + 0.10€ level: 1 - HandId: #4464721763795730453-5-1769685366 - Holdem no limit (3/10/20) - 2026/01/29 11:16:06 UTC
Table: 'TRIDENT SPACE KO(1039524042)#0020' 3-max (real money) Seat #1 is the button
Seat 1: Bella700 (493, 0.50€ bounty)
Seat 2: Try-AAgain (513, 0.50€ bounty)
Seat 3: MathisKcr (500, 0.50€ bounty)
*** ANTE/BLINDS ***
Try-AAgain posts ante 3
MathisKcr posts ante 3
Bella700 posts ante 3
Try-AAgain posts small blind 10
MathisKcr posts big blind 20
Dealt to MathisKcr [4h 7c]
*** PRE-FLOP *** 
Bella700 folds
Try-AAgain folds
MathisKcr collected 39 from pot
*** SUMMARY ***
Total pot 39 | No rake
Seat 3: MathisKcr (big blind) won 39


Winamax Poker - Tournament "TRIDENT SPACE KO" buyIn: 0.90€ + 0.10€ level: 1 - HandId: #4464721763795730453-6-1769685382 - Holdem no limit (3/10/20) - 2026/01/29 11:16:22 UTC
Table: 'TRIDENT SPACE KO(1039524042)#0020' 3-max (real money) Seat #2 is the button
Seat 1: Bella700 (490, 0.50€ bounty)
Seat 2: Try-AAgain (500, 0.50€ bounty)
Seat 3: MathisKcr (516, 0.50€ bounty)
*** ANTE/BLINDS ***
MathisKcr posts ante 3
Bella700 posts ante 3
Try-AAgain posts ante 3
MathisKcr posts small blind 10
Bella700 posts big blind 20
Dealt to MathisKcr [2d Qs]
*** PRE-FLOP *** 
Try-AAgain folds
MathisKcr raises 20 to 40
Bella700 calls 20
*** FLOP *** [2c 8s 4s]
MathisKcr bets 58
Bella700 calls 58
*** TURN *** [2c 8s 4s][6h]
MathisKcr checks
Bella700 checks
*** RIVER *** [2c 8s 4s 6h][As]
MathisKcr checks
Bella700 checks
*** SHOW DOWN ***
MathisKcr shows [2d Qs] (One pair : 2)
Bella700 shows [Td Ad] (One pair : Aces)
Bella700 collected 205 from pot
*** SUMMARY ***
Total pot 205 | No rake
Board: [2c 8s 4s 6h As]
Seat 1: Bella700 (big blind) showed [Td Ad] and won 205 with One pair : Aces
Seat 3: MathisKcr (small blind) showed [2d Qs] and lost with One pair : 2


Winamax Poker - Tournament "TRIDENT SPACE KO" buyIn: 0.90€ + 0.10€ level: 1 - HandId: #4464721763795730453-7-1769685401 - Holdem no limit (3/10/20) - 2026/01/29 11:16:41 UTC
Table: 'TRIDENT SPACE KO(1039524042)#0020' 3-max (real money) Seat #3 is the button
Seat 1: Bella700 (594, 0.50€ bounty)
Seat 2: Try-AAgain (497, 0.50€ bounty)
Seat 3: MathisKcr (415, 0.50€ bounty)
*** ANTE/BLINDS ***
Bella700 posts ante 3
Try-AAgain posts ante 3
MathisKcr posts ante 3
Bella700 posts small blind 10
Try-AAgain posts big blind 20
Dealt to MathisKcr [3s 2h]
*** PRE-FLOP *** 
MathisKcr folds
Bella700 calls 10
Try-AAgain checks
*** FLOP *** [6s Ks 4d]
Bella700 checks
Try-AAgain checks
*** TURN *** [6s Ks 4d][8h]
Bella700 checks
Try-AAgain checks
*** RIVER *** [6s Ks 4d 8h][6h]
Bella700 checks
Try-AAgain checks
*** SHOW DOWN ***
Bella700 shows [Qd 3h] (One pair : 6)
Try-AAgain shows [2s Ac] (One pair : 6)
Try-AAgain collected 49 from pot
*** SUMMARY ***
Total pot 49 | No rake
Board: [6s Ks 4d 8h 6h]
Seat 1: Bella700 (small blind) showed [Qd 3h] and lost with One pair : 6
Seat 2: Try-AAgain (big blind) showed [2s Ac] and won 49 with One pair : 6


Winamax Poker - Tournament "TRIDENT SPACE KO" buyIn: 0.90€ + 0.10€ level: 1 - HandId: #4464721763795730453-8-1769685420 - Holdem no limit (3/10/20) - 2026/01/29 11:17:00 UTC
Table: 'TRIDENT SPACE KO(1039524042)#0020' 3-max (real money) Seat #1 is the button
Seat 1: Bella700 (571, 0.50€ bounty)
Seat 2: Try-AAgain (523, 0.50€ bounty)
Seat 3: MathisKcr (412, 0.50€ bounty)
*** ANTE/BLINDS ***
Try-AAgain posts ante 3
MathisKcr posts ante 3
Bella700 posts ante 3
Try-AAgain posts small blind 10
MathisKcr posts big blind 20
Dealt to MathisKcr [4h Ks]
*** PRE-FLOP *** 
Bella700 folds
Try-AAgain raises 49 to 69
MathisKcr calls 49
*** FLOP *** [Kh Jc 9h]
Try-AAgain checks
MathisKcr bets 340 and is all-in
Try-AAgain folds
MathisKcr collected 487 from pot
*** SUMMARY ***
Total pot 487 | No rake
Board: [Kh Jc 9h]
Seat 3: MathisKcr (big blind) won 487


Winamax Poker - Tournament "TRIDENT SPACE KO" buyIn: 0.90€ + 0.10€ level: 1 - HandId: #4464721763795730453-9-1769685446 - Holdem no limit (3/10/20) - 2026/01/29 11:17:26 UTC
Table: 'TRIDENT SPACE KO(1039524042)#0020' 3-max (real money) Seat #2 is the button
Seat 1: Bella700 (568, 0.50€ bounty)
Seat 2: Try-AAgain (451, 0.50€ bounty)
Seat 3: MathisKcr (487, 0.50€ bounty)
*** ANTE/BLINDS ***
MathisKcr posts ante 3
Bella700 posts ante 3
Try-AAgain posts ante 3
MathisKcr posts small blind 10
Bella700 posts big blind 20
Dealt to MathisKcr [Ah 7d]
*** PRE-FLOP *** 
Try-AAgain raises 40 to 60
MathisKcr calls 50
Bella700 folds
*** FLOP *** [4h 3s Jd]
MathisKcr checks
Try-AAgain bets 97
MathisKcr folds
Try-AAgain collected 246 from pot
*** SUMMARY ***
Total pot 246 | No rake
Board: [4h 3s Jd]
Seat 2: Try-AAgain (button) won 246


Winamax Poker - Tournament "TRIDENT SPACE KO" buyIn: 0.90€ + 0.10€ level: 1 - HandId: #4464721763795730453-10-1769685475 - Holdem no limit (3/10/20) - 2026/01/29 11:17:55 UTC
Table: 'TRIDENT SPACE KO(1039524042)#0020' 3-max (real money) Seat #3 is the button
Seat 1: Bella700 (545, 0.50€ bounty)
Seat 2: Try-AAgain (537, 0.50€ bounty)
Seat 3: MathisKcr (424, 0.50€ bounty)
*** ANTE/BLINDS ***
Bella700 posts ante 3
Try-AAgain posts ante 3
MathisKcr posts ante 3
Bella700 posts small blind 10
Try-AAgain posts big blind 20
Dealt to MathisKcr [4s Kd]
*** PRE-FLOP *** 
MathisKcr calls 20
Bella700 calls 10
Try-AAgain checks
*** FLOP *** [5d 3h Th]
Bella700 checks
Try-AAgain bets 69
MathisKcr folds
Bella700 folds
Try-AAgain collected 138 from pot
*** SUMMARY ***
Total pot 138 | No rake
Board: [5d 3h Th]
Seat 2: Try-AAgain (big blind) won 138


Winamax Poker - Tournament "TRIDENT SPACE KO" buyIn: 0.90€ + 0.10€ level: 1 - HandId: #4464721763795730453-11-1769685519 - Holdem no limit (3/10/20) - 2026/01/29 11:18:39 UTC
Table: 'TRIDENT SPACE KO(1039524042)#0020' 3-max (real money) Seat #1 is the button
Seat 1: Bella700 (522, 0.50€ bounty)
Seat 2: Try-AAgain (583, 0.50€ bounty)
Seat 3: MathisKcr (401, 0.50€ bounty)
*** ANTE/BLINDS ***
Try-AAgain posts ante 3
MathisKcr posts ante 3
Bella700 posts ante 3
Try-AAgain posts small blind 10
MathisKcr posts big blind 20
Dealt to MathisKcr [9d 5h]
*** PRE-FLOP *** 
Bella700 calls 20
Try-AAgain folds
MathisKcr checks
*** FLOP *** [4c 2s Qs]
MathisKcr checks
Bella700 bets 59
MathisKcr folds
Bella700 collected 118 from pot
*** SUMMARY ***
Total pot 118 | No rake
Board: [4c 2s Qs]
Seat 1: Bella700 (button) won 118


Winamax Poker - Tournament "TRIDENT SPACE KO" buyIn: 0.90€ + 0.10€ level: 1 - HandId: #4464721763795730453-12-1769685551 - Holdem no limit (3/10/20) - 2026/01/29 11:19:11 UTC
Table: 'TRIDENT SPACE KO(1039524042)#0020' 3-max (real money) Seat #2 is the button
Seat 1: Bella700 (558, 0.50€ bounty)
Seat 2: Try-AAgain (570, 0.50€ bounty)
Seat 3: MathisKcr (378, 0.50€ bounty)
*** ANTE/BLINDS ***
MathisKcr posts ante 3
Bella700 posts ante 3
Try-AAgain posts ante 3
MathisKcr posts small blind 10
Bella700 posts big blind 20
Dealt to MathisKcr [9c 3d]
*** PRE-FLOP *** 
Try-AAgain folds
MathisKcr raises 20 to 40
Bella700 raises 515 to 555 and is all-in
MathisKcr folds
Bella700 collected 604 from pot
*** SUMMARY ***
Total pot 604 | No rake
Seat 1: Bella700 (big blind) won 604


Winamax Poker - Tournament "TRIDENT SPACE KO" buyIn: 0.90€ + 0.10€ level: 1 - HandId: #4464721763795730453-13-1769685561 - Holdem no limit (3/10/20) - 2026/01/29 11:19:21 UTC
Table: 'TRIDENT SPACE KO(1039524042)#0020' 3-max (real money) Seat #3 is the button
Seat 1: Bella700 (604, 0.50€ bounty)
Seat 2: Try-AAgain (567, 0.50€ bounty)
Seat 3: MathisKcr (335, 0.50€ bounty)
*** ANTE/BLINDS ***
Bella700 posts ante 3
Try-AAgain posts ante 3
MathisKcr posts ante 3
Bella700 posts small blind 10
Try-AAgain posts big blind 20
Dealt to MathisKcr [5c Ts]
*** PRE-FLOP *** 
MathisKcr folds
Bella700 folds
Try-AAgain collected 39 from pot
*** SUMMARY ***
Total pot 39 | No rake
Seat 2: Try-AAgain (big blind) won 39


Winamax Poker - Tournament "TRIDENT SPACE KO" buyIn: 0.90€ + 0.10€ level: 1 - HandId: #4464721763795730453-14-1769685568 - Holdem no limit (3/10/20) - 2026/01/29 11:19:28 UTC
Table: 'TRIDENT SPACE KO(1039524042)#0020' 3-max (real money) Seat #1 is the button
Seat 1: Bella700 (591, 0.50€ bounty)
Seat 2: Try-AAgain (583, 0.50€ bounty)
Seat 3: MathisKcr (332, 0.50€ bounty)
*** ANTE/BLINDS ***
Try-AAgain posts ante 3
MathisKcr posts ante 3
Bella700 posts ante 3
Try-AAgain posts small blind 10
MathisKcr posts big blind 20
Dealt to MathisKcr [Th 8d]
*** PRE-FLOP *** 
Bella700 calls 20
Try-AAgain folds
MathisKcr checks
*** FLOP *** [5h 6h 7d]
MathisKcr bets 309 and is all-in
Bella700 folds
MathisKcr collected 368 from pot
*** SUMMARY ***
Total pot 368 | No rake
Board: [5h 6h 7d]
Seat 3: MathisKcr (big blind) won 368


Winamax Poker - Tournament "TRIDENT SPACE KO" buyIn: 0.90€ + 0.10€ level: 1 - HandId: #4464721763795730453-15-1769685586 - Holdem no limit (3/10/20) - 2026/01/29 11:19:46 UTC
Table: 'TRIDENT SPACE KO(1039524042)#0020' 3-max (real money) Seat #2 is the button
Seat 1: Bella700 (568, 0.50€ bounty)
Seat 2: Try-AAgain (570, 0.50€ bounty)
Seat 3: MathisKcr (368, 0.50€ bounty)
*** ANTE/BLINDS ***
MathisKcr posts ante 3
Bella700 posts ante 3
Try-AAgain posts ante 3
MathisKcr posts small blind 10
Bella700 posts big blind 20
Dealt to MathisKcr [4d Jc]
*** PRE-FLOP *** 
Try-AAgain raises 59 to 79
MathisKcr folds
Bella700 folds
Try-AAgain collected 118 from pot
*** SUMMARY ***
Total pot 118 | No rake
Seat 2: Try-AAgain (button) won 118


Winamax Poker - Tournament "TRIDENT SPACE KO" buyIn: 0.90€ + 0.10€ level: 1 - HandId: #4464721763795730453-16-1769685603 - Holdem no limit (3/10/20) - 2026/01/29 11:20:03 UTC
Table: 'TRIDENT SPACE KO(1039524042)#0020' 3-max (real money) Seat #3 is the button
Seat 1: Bella700 (545, 0.50€ bounty)
Seat 2: Try-AAgain (606, 0.50€ bounty)
Seat 3: MathisKcr (355, 0.50€ bounty)
*** ANTE/BLINDS ***
Bella700 posts ante 3
Try-AAgain posts ante 3
MathisKcr posts ante 3
Bella700 posts small blind 10
Try-AAgain posts big blind 20
Dealt to MathisKcr [5h Ts]
*** PRE-FLOP *** 
MathisKcr folds
Bella700 calls 10
Try-AAgain checks
*** FLOP *** [8s Jd 5d]
Bella700 checks
Try-AAgain bets 39
Bella700 folds
Try-AAgain collected 88 from pot
*** SUMMARY ***
Total pot 88 | No rake
Board: [8s Jd 5d]
Seat 2: Try-AAgain (big blind) won 88


Winamax Poker - Tournament "TRIDENT SPACE KO" buyIn: 0.90€ + 0.10€ level: 1 - HandId: #4464721763795730453-17-1769685638 - Holdem no limit (3/10/20) - 2026/01/29 11:20:38 UTC
Table: 'TRIDENT SPACE KO(1039524042)#0020' 3-max (real money) Seat #1 is the button
Seat 1: Bella700 (522, 0.50€ bounty)
Seat 2: Try-AAgain (632, 0.50€ bounty)
Seat 3: MathisKcr (352, 0.50€ bounty)
*** ANTE/BLINDS ***
Try-AAgain posts ante 3
MathisKcr posts ante 3
Bella700 posts ante 3
Try-AAgain posts small blind 10
MathisKcr posts big blind 20
Dealt to MathisKcr [2h Jd]
*** PRE-FLOP *** 
Bella700 calls 20
Try-AAgain folds
MathisKcr checks
*** FLOP *** [Kd Kc 3c]
MathisKcr checks
Bella700 checks
*** TURN *** [Kd Kc 3c][2c]
MathisKcr bets 329 and is all-in
Bella700 folds
MathisKcr collected 388 from pot
*** SUMMARY ***
Total pot 388 | No rake
Board: [Kd Kc 3c 2c]
Seat 3: MathisKcr (big blind) won 388


Winamax Poker - Tournament "TRIDENT SPACE KO" buyIn: 0.90€ + 0.10€ level: 1 - HandId: #4464721763795730453-18-1769685664 - Holdem no limit (3/10/20) - 2026/01/29 11:21:04 UTC
Table: 'TRIDENT SPACE KO(1039524042)#0020' 3-max (real money) Seat #2 is the button
Seat 1: Bella700 (499, 0.50€ bounty)
Seat 2: Try-AAgain (619, 0.50€ bounty)
Seat 3: MathisKcr (388, 0.50€ bounty)
*** ANTE/BLINDS ***
MathisKcr posts ante 3
Bella700 posts ante 3
Try-AAgain posts ante 3
MathisKcr posts small blind 10
Bella700 posts big blind 20
Dealt to MathisKcr [5d 7d]
*** PRE-FLOP *** 
Try-AAgain folds
MathisKcr calls 10
Bella700 checks
*** FLOP *** [6c 7c 9c]
MathisKcr bets 365 and is all-in
Bella700 folds
MathisKcr collected 414 from pot
*** SUMMARY ***
Total pot 414 | No rake
Board: [6c 7c 9c]
Seat 3: MathisKcr (small blind) won 414


Winamax Poker - Tournament "TRIDENT SPACE KO" buyIn: 0.90€ + 0.10€ level: 1 - HandId: #4464721763795730453-19-1769685693 - Holdem no limit (3/10/20) - 2026/01/29 11:21:33 UTC
Table: 'TRIDENT SPACE KO(1039524042)#0020' 3-max (real money) Seat #3 is the button
Seat 1: Bella700 (476, 0.50€ bounty)
Seat 2: Try-AAgain (616, 0.50€ bounty)
Seat 3: MathisKcr (414, 0.50€ bounty)
*** ANTE/BLINDS ***
Bella700 posts ante 3
Try-AAgain posts ante 3
MathisKcr posts ante 3
Bella700 posts small blind 10
Try-AAgain posts big blind 20
Dealt to MathisKcr [5c 4d]
*** PRE-FLOP *** 
MathisKcr folds
Bella700 calls 10
Try-AAgain checks
*** FLOP *** [2c 2d Ah]
Bella700 checks
Try-AAgain checks
*** TURN *** [2c 2d Ah][7h]
Bella700 checks
Try-AAgain checks
*** RIVER *** [2c 2d Ah 7h][8h]
Bella700 checks
Try-AAgain checks
*** SHOW DOWN ***
Try-AAgain shows [3c 4h] (One pair : 2)
Bella700 shows [Ts 5s] (One pair : 2)
Bella700 collected 49 from pot
*** SUMMARY ***
Total pot 49 | No rake
Board: [2c 2d Ah 7h 8h]
Seat 1: Bella700 (small blind) showed [Ts 5s] and won 49 with One pair : 2
Seat 2: Try-AAgain (big blind) showed [3c 4h] and lost with One pair : 2


Winamax Poker - Tournament "TRIDENT SPACE KO" buyIn: 0.90€ + 0.10€ level: 1 - HandId: #4464721763795730453-20-1769685720 - Holdem no limit (3/10/20) - 2026/01/29 11:22:00 UTC
Table: 'TRIDENT SPACE KO(1039524042)#0020' 3-max (real money) Seat #1 is the button
Seat 1: Bella700 (502, 0.50€ bounty)
Seat 2: Try-AAgain (593, 0.50€ bounty)
Seat 3: MathisKcr (411, 0.50€ bounty)
*** ANTE/BLINDS ***
Try-AAgain posts ante 3
MathisKcr posts ante 3
Bella700 posts ante 3
Try-AAgain posts small blind 10
MathisKcr posts big blind 20
Dealt to MathisKcr [Qc 4c]
*** PRE-FLOP *** 
Bella700 calls 20
Try-AAgain folds
MathisKcr checks
*** FLOP *** [Qh Ts 2s]
MathisKcr bets 388 and is all-in
Bella700 folds
MathisKcr collected 447 from pot
*** SUMMARY ***
Total pot 447 | No rake
Board: [Qh Ts 2s]
Seat 3: MathisKcr (big blind) won 447


Winamax Poker - Tournament "TRIDENT SPACE KO" buyIn: 0.90€ + 0.10€ level: 1 - HandId: #4464721763795730453-21-1769685745 - Holdem no limit (3/10/20) - 2026/01/29 11:22:25 UTC
Table: 'TRIDENT SPACE KO(1039524042)#0020' 3-max (real money) Seat #2 is the button
Seat 1: Bella700 (479, 0.50€ bounty)
Seat 2: Try-AAgain (580, 0.50€ bounty)
Seat 3: MathisKcr (447, 0.50€ bounty)
*** ANTE/BLINDS ***
MathisKcr posts ante 3
Bella700 posts ante 3
Try-AAgain posts ante 3
MathisKcr posts small blind 10
Bella700 posts big blind 20
Dealt to MathisKcr [8h Ks]
*** PRE-FLOP *** 
Try-AAgain raises 30 to 50
MathisKcr calls 40
Bella700 calls 30
*** FLOP *** [8d 4c Td]
MathisKcr bets 40
Bella700 calls 40
Try-AAgain folds
*** TURN *** [8d 4c Td][Ts]
MathisKcr bets 40
Bella700 calls 40
*** RIVER *** [8d 4c Td Ts][9h]
MathisKcr checks
Bella700 checks
*** SHOW DOWN ***
Bella700 shows [4d 5d] (Two pairs : Tens and 4)
MathisKcr shows [8h Ks] (Two pairs : Tens and 8)
MathisKcr collected 319 from pot
*** SUMMARY ***
Total pot 319 | No rake
Board: [8d 4c Td Ts 9h]
Seat 1: Bella700 (big blind) showed [4d 5d] and lost with Two pairs : Tens and 4
Seat 3: MathisKcr (small blind) showed [8h Ks] and won 319 with Two pairs : Tens and 8


Winamax Poker - Tournament "TRIDENT SPACE KO" buyIn: 0.90€ + 0.10€ level: 1 - HandId: #4464721763795730453-22-1769685791 - Holdem no limit (3/10/20) - 2026/01/29 11:23:11 UTC
Table: 'TRIDENT SPACE KO(1039524042)#0020' 3-max (real money) Seat #3 is the button
Seat 1: Bella700 (346, 0.50€ bounty)
Seat 2: Try-AAgain (527, 0.50€ bounty)
Seat 3: MathisKcr (633, 0.50€ bounty)
*** ANTE/BLINDS ***
Bella700 posts ante 3
Try-AAgain posts ante 3
MathisKcr posts ante 3
Bella700 posts small blind 10
Try-AAgain posts big blind 20
Dealt to MathisKcr [Tc 7d]
*** PRE-FLOP *** 
MathisKcr folds
Bella700 raises 20 to 40
Try-AAgain folds
Bella700 collected 69 from pot
*** SUMMARY ***
Total pot 69 | No rake
Seat 1: Bella700 (small blind) won 69


Winamax Poker - Tournament "TRIDENT SPACE KO" buyIn: 0.90€ + 0.10€ level: 1 - HandId: #4464721763795730453-23-1769685816 - Holdem no limit (3/10/20) - 2026/01/29 11:23:36 UTC
Table: 'TRIDENT SPACE KO(1039524042)#0020' 3-max (real money) Seat #1 is the button
Seat 1: Bella700 (372, 0.50€ bounty)
Seat 2: Try-AAgain (504, 0.50€ bounty)
Seat 3: MathisKcr (630, 0.50€ bounty)
*** ANTE/BLINDS ***
Try-AAgain posts ante 3
MathisKcr posts ante 3
Bella700 posts ante 3
Try-AAgain posts small blind 10
MathisKcr posts big blind 20
Dealt to MathisKcr [5h As]
*** PRE-FLOP *** 
Bella700 folds
Try-AAgain folds
MathisKcr collected 39 from pot
*** SUMMARY ***
Total pot 39 | No rake
Seat 3: MathisKcr (big blind) won 39


Winamax Poker - Tournament "TRIDENT SPACE KO" buyIn: 0.90€ + 0.10€ level: 1 - HandId: #4464721763795730453-24-1769685834 - Holdem no limit (3/10/20) - 2026/01/29 11:23:54 UTC
Table: 'TRIDENT SPACE KO(1039524042)#0020' 3-max (real money) Seat #2 is the button
Seat 1: Bella700 (369, 0.50€ bounty)
Seat 2: Try-AAgain (491, 0.50€ bounty)
Seat 3: MathisKcr (646, 0.50€ bounty)
*** ANTE/BLINDS ***
MathisKcr posts ante 3
Bella700 posts ante 3
Try-AAgain posts ante 3
MathisKcr posts small blind 10
Bella700 posts big blind 20
Dealt to MathisKcr [3d 8d]
*** PRE-FLOP *** 
Try-AAgain raises 59 to 79
MathisKcr folds
Bella700 calls 59
*** FLOP *** [3c Ah 9h]
Bella700 checks
Try-AAgain bets 89
Bella700 calls 89
*** TURN *** [3c Ah 9h][7h]
Bella700 bets 198 and is all-in
Try-AAgain calls 198
*** RIVER *** [3c Ah 9h 7h][Jd]
*** SHOW DOWN ***
Try-AAgain shows [As Jh] (Two pairs : Aces and Jacks)
Bella700 shows [Th 8h] (Flush Ace high)
Bella700 collected 751 from pot
*** SUMMARY ***
Total pot 751 | No rake
Board: [3c Ah 9h 7h Jd]
Seat 1: Bella700 (big blind) showed [Th 8h] and won 751 with Flush Ace high
Seat 2: Try-AAgain (button) showed [As Jh] and lost with Two pairs : Aces and Jacks


Winamax Poker - Tournament "TRIDENT SPACE KO" buyIn: 0.90€ + 0.10€ level: 1 - HandId: #4464721763795730453-25-1769685891 - Holdem no limit (3/10/20) - 2026/01/29 11:24:51 UTC
Table: 'TRIDENT SPACE KO(1039524042)#0020' 3-max (real money) Seat #3 is the button
Seat 1: Bella700 (751, 0.50€ bounty)
Seat 2: Try-AAgain (122, 0.50€ bounty)
Seat 3: MathisKcr (633, 0.50€ bounty)
*** ANTE/BLINDS ***
Bella700 posts ante 3
Try-AAgain posts ante 3
MathisKcr posts ante 3
Bella700 posts small blind 10
Try-AAgain posts big blind 20
Dealt to MathisKcr [As 7d]
*** PRE-FLOP *** 
MathisKcr raises 20 to 40
Bella700 calls 30
Try-AAgain folds
*** FLOP *** [4c 8h 5h]
Bella700 checks
MathisKcr bets 40
Bella700 folds
MathisKcr collected 149 from pot
*** SUMMARY ***
Total pot 149 | No rake
Board: [4c 8h 5h]
Seat 3: MathisKcr (button) won 149


Winamax Poker - Tournament "TRIDENT SPACE KO" buyIn: 0.90€ + 0.10€ level: 2 - HandId: #4464721763795730453-26-1769685912 - Holdem no limit (3/12/25) - 2026/01/29 11:25:12 UTC
Table: 'TRIDENT SPACE KO(1039524042)#0020' 3-max (real money) Seat #1 is the button
Seat 1: Bella700 (708, 0.50€ bounty)
Seat 2: Try-AAgain (99, 0.50€ bounty)
Seat 3: MathisKcr (699, 0.50€ bounty)
*** ANTE/BLINDS ***
Try-AAgain posts ante 3
MathisKcr posts ante 3
Bella700 posts ante 3
Try-AAgain posts small blind 12
MathisKcr posts big blind 25
Dealt to MathisKcr [4c Ks]
*** PRE-FLOP *** 
Bella700 folds
Try-AAgain raises 71 to 96 and is all-in
MathisKcr calls 71
*** FLOP *** [Td Ah Qh]
*** TURN *** [Td Ah Qh][8c]
*** RIVER *** [Td Ah Qh 8c][Ad]
*** SHOW DOWN ***
MathisKcr shows [4c Ks] (One pair : Aces)
Try-AAgain shows [Js As] (Trips of Aces)
Try-AAgain collected 201 from pot
*** SUMMARY ***
Total pot 201 | No rake
Board: [Td Ah Qh 8c Ad]
Seat 2: Try-AAgain (small blind) showed [Js As] and won 201 with Trips of Aces
Seat 3: MathisKcr (big blind) showed [4c Ks] and lost with One pair : Aces


Winamax Poker - Tournament "TRIDENT SPACE KO" buyIn: 0.90€ + 0.10€ level: 2 - HandId: #4464721763795730453-27-1769685933 - Holdem no limit (3/12/25) - 2026/01/29 11:25:33 UTC
Table: 'TRIDENT SPACE KO(1039524042)#0020' 3-max (real money) Seat #2 is the button
Seat 1: Bella700 (705, 0.50€ bounty)
Seat 2: Try-AAgain (201, 0.50€ bounty)
Seat 3: MathisKcr (600, 0.50€ bounty)
*** ANTE/BLINDS ***
MathisKcr posts ante 3
Bella700 posts ante 3
Try-AAgain posts ante 3
MathisKcr posts small blind 12
Bella700 posts big blind 25
Dealt to MathisKcr [4c Kd]
*** PRE-FLOP *** 
Try-AAgain raises 173 to 198 and is all-in
MathisKcr folds
Bella700 calls 173
*** FLOP *** [7s 6d 5s]
*** TURN *** [7s 6d 5s][Ks]
*** RIVER *** [7s 6d 5s Ks][Qs]
*** SHOW DOWN ***
Bella700 shows [Qd 7h] (Two pairs : Queens and 7)
Try-AAgain shows [9s Ts] (Flush King high)
Try-AAgain collected 417 from pot
*** SUMMARY ***
Total pot 417 | No rake
Board: [7s 6d 5s Ks Qs]
Seat 1: Bella700 (big blind) showed [Qd 7h] and lost with Two pairs : Queens and 7
Seat 2: Try-AAgain (button) showed [9s Ts] and won 417 with Flush King high


Winamax Poker - Tournament "TRIDENT SPACE KO" buyIn: 0.90€ + 0.10€ level: 2 - HandId: #4464721763795730453-28-1769685971 - Holdem no limit (3/12/25) - 2026/01/29 11:26:11 UTC
Table: 'TRIDENT SPACE KO(1039524042)#0020' 3-max (real money) Seat #3 is the button
Seat 1: Bella700 (504, 0.50€ bounty)
Seat 2: Try-AAgain (417, 0.50€ bounty)
Seat 3: MathisKcr (585, 0.50€ bounty)
*** ANTE/BLINDS ***
Bella700 posts ante 3
Try-AAgain posts ante 3
MathisKcr posts ante 3
Bella700 posts small blind 12
Try-AAgain posts big blind 25
Dealt to MathisKcr [7d Ah]
*** PRE-FLOP *** 
MathisKcr raises 557 to 582 and is all-in
Bella700 calls 489 and is all-in
Try-AAgain folds
*** FLOP *** [7h 6d 8h]
*** TURN *** [7h 6d 8h][Ac]
*** RIVER *** [7h 6d 8h Ac][Th]
*** SHOW DOWN ***
Bella700 shows [Ad 8s] (Two pairs : Aces and 8)
MathisKcr shows [7d Ah] (Two pairs : Aces and 7)
MathisKcr collected 81 from side pot 1
Bella700 collected 1036 from main pot
*** SUMMARY ***
Total pot 1117 | No rake
Board: [7h 6d 8h Ac Th]
Seat 1: Bella700 (small blind) showed [Ad 8s] and won 1036 with Two pairs : Aces and 8
Seat 3: MathisKcr (button) showed [7d Ah] and won 81 with Two pairs : Aces and 7


Winamax Poker - Tournament "TRIDENT SPACE KO" buyIn: 0.90€ + 0.10€ level: 2 - HandId: #4464721763795730453-29-1769685986 - Holdem no limit (3/12/25) - 2026/01/29 11:26:26 UTC
Table: 'TRIDENT SPACE KO(1039524042)#0020' 3-max (real money) Seat #1 is the button
Seat 1: Bella700 (1036, 0.50€ bounty)
Seat 2: Try-AAgain (389, 0.50€ bounty)
Seat 3: MathisKcr (81, 0.50€ bounty)
*** ANTE/BLINDS ***
Try-AAgain posts ante 3
MathisKcr posts ante 3
Bella700 posts ante 3
Try-AAgain posts small blind 12
MathisKcr posts big blind 25
Dealt to MathisKcr [8d Td]
*** PRE-FLOP *** 
Bella700 folds
Try-AAgain folds
MathisKcr collected 46 from pot
*** SUMMARY ***
Total pot 46 | No rake
Seat 3: MathisKcr (big blind) won 46


Winamax Poker - Tournament "TRIDENT SPACE KO" buyIn: 0.90€ + 0.10€ level: 2 - HandId: #4464721763795730453-30-1769685995 - Holdem no limit (3/12/25) - 2026/01/29 11:26:35 UTC
Table: 'TRIDENT SPACE KO(1039524042)#0020' 3-max (real money) Seat #2 is the button
Seat 1: Bella700 (1033, 0.50€ bounty)
Seat 2: Try-AAgain (374, 0.50€ bounty)
Seat 3: MathisKcr (99, 0.50€ bounty)
*** ANTE/BLINDS ***
MathisKcr posts ante 3
Bella700 posts ante 3
Try-AAgain posts ante 3
MathisKcr posts small blind 12
Bella700 posts big blind 25
Dealt to MathisKcr [As Qs]
*** PRE-FLOP *** 
Try-AAgain folds
MathisKcr raises 71 to 96 and is all-in
Bella700 folds
MathisKcr collected 130 from pot
*** SUMMARY ***
Total pot 130 | No rake
Seat 3: MathisKcr (small blind) won 130


Winamax Poker - Tournament "TRIDENT SPACE KO" buyIn: 0.90€ + 0.10€ level: 2 - HandId: #4464721763795730453-31-1769686005 - Holdem no limit (3/12/25) - 2026/01/29 11:26:45 UTC
Table: 'TRIDENT SPACE KO(1039524042)#0020' 3-max (real money) Seat #3 is the button
Seat 1: Bella700 (1005, 0.50€ bounty)
Seat 2: Try-AAgain (371, 0.50€ bounty)
Seat 3: MathisKcr (130, 0.50€ bounty)
*** ANTE/BLINDS ***
Bella700 posts ante 3
Try-AAgain posts ante 3
MathisKcr posts ante 3
Bella700 posts small blind 12
Try-AAgain posts big blind 25
Dealt to MathisKcr [Qc Qh]
*** PRE-FLOP *** 
MathisKcr raises 102 to 127 and is all-in
Bella700 calls 115
Try-AAgain raises 241 to 368 and is all-in
Bella700 calls 241
*** FLOP *** [5s Kh 8c]
*** TURN *** [5s Kh 8c][9s]
*** RIVER *** [5s Kh 8c 9s][7c]
*** SHOW DOWN ***
Try-AAgain shows [Ad Qd] (High card : Ace)
MathisKcr shows [Qc Qh] (One pair : Queens)
Bella700 shows [6h 7d] (Straight 9 high)
Bella700 collected 872 from pot
*** SUMMARY ***
Total pot 872 | No rake
Board: [5s Kh 8c 9s 7c]
Seat 1: Bella700 (small blind) showed [6h 7d] and won 872 with Straight 9 high
Seat 2: Try-AAgain (big blind) showed [Ad Qd] and lost with High card : Ace
Seat 3: MathisKcr (button) showed [Qc Qh] and lost with One pair : Queens


