Winamax Poker - Tournament "Expresso Nitro" buyIn: 0.93€ + 0.07€ level: 1 - HandId: #4696958848877985793-1-1775852238 - Holdem no limit (10/20) - 2026/04/10 20:17:18 UTC
Table: 'Expresso Nitro(1093595952)#0' 3-max (real money) Seat #3 is the button
Seat 1: MathisKcr (300)
Seat 2: Lamazo (300)
Seat 3: Pirate166070 (300)
*** ANTE/BLINDS ***
MathisKcr posts small blind 10
Lamazo posts big blind 20
Dealt to MathisKcr [Ts Ks]
*** PRE-FLOP *** 
Pirate166070 raises 280 to 300 and is all-in
MathisKcr calls 290 and is all-in
Lamazo folds
*** FLOP *** [Td Qc Th]
*** TURN *** [Td Qc Th][7d]
*** RIVER *** [Td Qc Th 7d][2h]
*** SHOW DOWN ***
Pirate166070 shows [Ad 6d] (One pair : Tens)
MathisKcr shows [Ts Ks] (Trips of Tens)
MathisKcr collected 620 from pot
*** SUMMARY ***
Total pot 620 | No rake
Board: [Td Qc Th 7d 2h]
Seat 1: MathisKcr (small blind) showed [Ts Ks] and won 620 with Trips of Tens
Seat 3: Pirate166070 (button) showed [Ad 6d] and lost with One pair : Tens


Winamax Poker - Tournament "Expresso Nitro" buyIn: 0.93€ + 0.07€ level: 1 - HandId: #4696958848877985793-2-1775852258 - Holdem no limit (10/20) - 2026/04/10 20:17:38 UTC
Table: 'Expresso Nitro(1093595952)#0' 3-max (real money) Seat #2 is the button
Seat 1: MathisKcr (620)
Seat 2: Lamazo (280)
*** ANTE/BLINDS ***
Lamazo posts small blind 10
MathisKcr posts big blind 20
Dealt to MathisKcr [5h 9s]
*** PRE-FLOP *** 
Lamazo calls 10
MathisKcr checks
*** FLOP *** [8c 4s 8d]
MathisKcr bets 40
Lamazo calls 40
*** TURN *** [8c 4s 8d][Qs]
MathisKcr checks
Lamazo bets 78
MathisKcr folds
Lamazo collected 198 from pot
*** SUMMARY ***
Total pot 198 | No rake
Board: [8c 4s 8d Qs]
Seat 2: Lamazo (small blind) (button) won 198


Winamax Poker - Tournament "Expresso Nitro" buyIn: 0.93€ + 0.07€ level: 1 - HandId: #4696958848877985793-3-1775852290 - Holdem no limit (10/20) - 2026/04/10 20:18:10 UTC
Table: 'Expresso Nitro(1093595952)#0' 3-max (real money) Seat #1 is the button
Seat 1: MathisKcr (560)
Seat 2: Lamazo (340)
*** ANTE/BLINDS ***
MathisKcr posts small blind 10
Lamazo posts big blind 20
Dealt to MathisKcr [2h 5h]
*** PRE-FLOP *** 
MathisKcr folds
Lamazo collected 30 from pot
*** SUMMARY ***
Total pot 30 | No rake
Seat 2: Lamazo (big blind) won 30


Winamax Poker - Tournament "Expresso Nitro" buyIn: 0.93€ + 0.07€ level: 1 - HandId: #4696958848877985793-4-1775852295 - Holdem no limit (10/20) - 2026/04/10 20:18:15 UTC
Table: 'Expresso Nitro(1093595952)#0' 3-max (real money) Seat #2 is the button
Seat 1: MathisKcr (550)
Seat 2: Lamazo (350)
*** ANTE/BLINDS ***
Lamazo posts small blind 10
MathisKcr posts big blind 20
Dealt to MathisKcr [3c 5c]
*** PRE-FLOP *** 
Lamazo raises 40 to 60
MathisKcr folds
Lamazo collected 80 from pot
*** SUMMARY ***
Total pot 80 | No rake
Seat 2: Lamazo (small blind) (button) won 80


Winamax Poker - Tournament "Expresso Nitro" buyIn: 0.93€ + 0.07€ level: 2 - HandId: #4696958848877985793-5-1775852302 - Holdem no limit (15/30) - 2026/04/10 20:18:22 UTC
Table: 'Expresso Nitro(1093595952)#0' 3-max (real money) Seat #1 is the button
Seat 1: MathisKcr (530)
Seat 2: Lamazo (370)
*** ANTE/BLINDS ***
MathisKcr posts small blind 15
Lamazo posts big blind 30
Dealt to MathisKcr [Ts 9h]
*** PRE-FLOP *** 
MathisKcr raises 500 to 530 and is all-in
Lamazo folds
MathisKcr collected 560 from pot
*** SUMMARY ***
Total pot 560 | No rake
Seat 1: MathisKcr (small blind) (button) won 560


Winamax Poker - Tournament "Expresso Nitro" buyIn: 0.93€ + 0.07€ level: 2 - HandId: #4696958848877985793-6-1775852309 - Holdem no limit (15/30) - 2026/04/10 20:18:29 UTC
Table: 'Expresso Nitro(1093595952)#0' 3-max (real money) Seat #2 is the button
Seat 1: MathisKcr (560)
Seat 2: Lamazo (340)
*** ANTE/BLINDS ***
Lamazo posts small blind 15
MathisKcr posts big blind 30
Dealt to MathisKcr [6s 7d]
*** PRE-FLOP *** 
Lamazo calls 15
MathisKcr checks
*** FLOP *** [Qh 3d Ks]
MathisKcr checks
Lamazo checks
*** TURN *** [Qh 3d Ks][3s]
MathisKcr checks
Lamazo bets 39
MathisKcr folds
Lamazo collected 99 from pot
*** SUMMARY ***
Total pot 99 | No rake
Board: [Qh 3d Ks 3s]
Seat 2: Lamazo (small blind) (button) won 99


Winamax Poker - Tournament "Expresso Nitro" buyIn: 0.93€ + 0.07€ level: 2 - HandId: #4696958848877985793-7-1775852334 - Holdem no limit (15/30) - 2026/04/10 20:18:54 UTC
Table: 'Expresso Nitro(1093595952)#0' 3-max (real money) Seat #1 is the button
Seat 1: MathisKcr (530)
Seat 2: Lamazo (370)
*** ANTE/BLINDS ***
MathisKcr posts small blind 15
Lamazo posts big blind 30
Dealt to MathisKcr [3c 2d]
*** PRE-FLOP *** 
MathisKcr folds
Lamazo collected 45 from pot
*** SUMMARY ***
Total pot 45 | No rake
Seat 2: Lamazo (big blind) won 45


Winamax Poker - Tournament "Expresso Nitro" buyIn: 0.93€ + 0.07€ level: 2 - HandId: #4696958848877985793-8-1775852339 - Holdem no limit (15/30) - 2026/04/10 20:18:59 UTC
Table: 'Expresso Nitro(1093595952)#0' 3-max (real money) Seat #2 is the button
Seat 1: MathisKcr (515)
Seat 2: Lamazo (385)
*** ANTE/BLINDS ***
Lamazo posts small blind 15
MathisKcr posts big blind 30
Dealt to MathisKcr [Kc Js]
*** PRE-FLOP *** 
Lamazo calls 15
MathisKcr raises 485 to 515 and is all-in
Lamazo folds
MathisKcr collected 545 from pot
*** SUMMARY ***
Total pot 545 | No rake
Seat 1: MathisKcr (big blind) won 545


Winamax Poker - Tournament "Expresso Nitro" buyIn: 0.93€ + 0.07€ level: 2 - HandId: #4696958848877985793-9-1775852349 - Holdem no limit (15/30) - 2026/04/10 20:19:09 UTC
Table: 'Expresso Nitro(1093595952)#0' 3-max (real money) Seat #1 is the button
Seat 1: MathisKcr (545)
Seat 2: Lamazo (355)
*** ANTE/BLINDS ***
MathisKcr posts small blind 15
Lamazo posts big blind 30
Dealt to MathisKcr [5d Jh]
*** PRE-FLOP *** 
MathisKcr raises 515 to 545 and is all-in
Lamazo folds
MathisKcr collected 575 from pot
*** SUMMARY ***
Total pot 575 | No rake
Seat 1: MathisKcr (small blind) (button) won 575


Winamax Poker - Tournament "Expresso Nitro" buyIn: 0.93€ + 0.07€ level: 3 - HandId: #4696958848877985793-10-1775852356 - Holdem no limit (20/40) - 2026/04/10 20:19:16 UTC
Table: 'Expresso Nitro(1093595952)#0' 3-max (real money) Seat #2 is the button
Seat 1: MathisKcr (575)
Seat 2: Lamazo (325)
*** ANTE/BLINDS ***
Lamazo posts small blind 20
MathisKcr posts big blind 40
Dealt to MathisKcr [Jh Ad]
*** PRE-FLOP *** 
Lamazo folds
MathisKcr collected 60 from pot
*** SUMMARY ***
Total pot 60 | No rake
Seat 1: MathisKcr (big blind) won 60


Winamax Poker - Tournament "Expresso Nitro" buyIn: 0.93€ + 0.07€ level: 3 - HandId: #4696958848877985793-11-1775852366 - Holdem no limit (20/40) - 2026/04/10 20:19:26 UTC
Table: 'Expresso Nitro(1093595952)#0' 3-max (real money) Seat #1 is the button
Seat 1: MathisKcr (595)
Seat 2: Lamazo (305)
*** ANTE/BLINDS ***
MathisKcr posts small blind 20
Lamazo posts big blind 40
Dealt to MathisKcr [Js 7h]
*** PRE-FLOP *** 
MathisKcr raises 555 to 595 and is all-in
Lamazo folds
MathisKcr collected 635 from pot
*** SUMMARY ***
Total pot 635 | No rake
Seat 1: MathisKcr (small blind) (button) won 635


Winamax Poker - Tournament "Expresso Nitro" buyIn: 0.93€ + 0.07€ level: 3 - HandId: #4696958848877985793-12-1775852375 - Holdem no limit (20/40) - 2026/04/10 20:19:35 UTC
Table: 'Expresso Nitro(1093595952)#0' 3-max (real money) Seat #2 is the button
Seat 1: MathisKcr (635)
Seat 2: Lamazo (265)
*** ANTE/BLINDS ***
Lamazo posts small blind 20
MathisKcr posts big blind 40
Dealt to MathisKcr [4s Ts]
*** PRE-FLOP *** 
Lamazo raises 80 to 120
MathisKcr folds
Lamazo collected 160 from pot
*** SUMMARY ***
Total pot 160 | No rake
Seat 2: Lamazo (small blind) (button) won 160


Winamax Poker - Tournament "Expresso Nitro" buyIn: 0.93€ + 0.07€ level: 3 - HandId: #4696958848877985793-13-1775852396 - Holdem no limit (20/40) - 2026/04/10 20:19:56 UTC
Table: 'Expresso Nitro(1093595952)#0' 3-max (real money) Seat #1 is the button
Seat 1: MathisKcr (595)
Seat 2: Lamazo (305)
*** ANTE/BLINDS ***
MathisKcr posts small blind 20
Lamazo posts big blind 40
Dealt to MathisKcr [Td 3c]
*** PRE-FLOP *** 
MathisKcr folds
Lamazo collected 60 from pot
*** SUMMARY ***
Total pot 60 | No rake
Seat 2: Lamazo (big blind) won 60


Winamax Poker - Tournament "Expresso Nitro" buyIn: 0.93€ + 0.07€ level: 3 - HandId: #4696958848877985793-14-1775852401 - Holdem no limit (20/40) - 2026/04/10 20:20:01 UTC
Table: 'Expresso Nitro(1093595952)#0' 3-max (real money) Seat #2 is the button
Seat 1: MathisKcr (575)
Seat 2: Lamazo (325)
*** ANTE/BLINDS ***
Lamazo posts small blind 20
MathisKcr posts big blind 40
Dealt to MathisKcr [Qh 6s]
*** PRE-FLOP *** 
Lamazo raises 80 to 120
MathisKcr folds
Lamazo collected 160 from pot
*** SUMMARY ***
Total pot 160 | No rake
Seat 2: Lamazo (small blind) (button) won 160


Winamax Poker - Tournament "Expresso Nitro" buyIn: 0.93€ + 0.07€ level: 3 - HandId: #4696958848877985793-15-1775852415 - Holdem no limit (20/40) - 2026/04/10 20:20:15 UTC
Table: 'Expresso Nitro(1093595952)#0' 3-max (real money) Seat #1 is the button
Seat 1: MathisKcr (535)
Seat 2: Lamazo (365)
*** ANTE/BLINDS ***
MathisKcr posts small blind 20
Lamazo posts big blind 40
Dealt to MathisKcr [Tc 4d]
*** PRE-FLOP *** 
MathisKcr folds
Lamazo collected 60 from pot
*** SUMMARY ***
Total pot 60 | No rake
Seat 2: Lamazo (big blind) won 60


Winamax Poker - Tournament "Expresso Nitro" buyIn: 0.93€ + 0.07€ level: 4 - HandId: #4696958848877985793-16-1775852419 - Holdem no limit (30/60) - 2026/04/10 20:20:19 UTC
Table: 'Expresso Nitro(1093595952)#0' 3-max (real money) Seat #2 is the button
Seat 1: MathisKcr (515)
Seat 2: Lamazo (385)
*** ANTE/BLINDS ***
Lamazo posts small blind 30
MathisKcr posts big blind 60
Dealt to MathisKcr [Kd 9s]
*** PRE-FLOP *** 
Lamazo calls 30
MathisKcr raises 455 to 515 and is all-in
Lamazo calls 325 and is all-in
*** FLOP *** [6h Kc 5s]
*** TURN *** [6h Kc 5s][8h]
*** RIVER *** [6h Kc 5s 8h][7s]
*** SHOW DOWN ***
Lamazo shows [As 8d] (One pair : 8)
MathisKcr shows [Kd 9s] (Straight 9 high)
MathisKcr collected 900 from pot
*** SUMMARY ***
Total pot 900 | No rake
Board: [6h Kc 5s 8h 7s]
Seat 1: MathisKcr (big blind) showed [Kd 9s] and won 900 with Straight 9 high
Seat 2: Lamazo (small blind) (button) showed [As 8d] and lost with One pair : 8


