Winamax Poker - Tournament "Last Chance FUSION" buyIn: 0.90€ + 0.10€ level: 1 - HandId: #4572343469455966209-1-1773738010 - Holdem no limit (3/10/20) - 2026/03/17 09:00:10 UTC
Table: 'Last Chance FUSION(1064581673)#000' 6-max (real money) Seat #2 is the button
Seat 1: Manghiuc644 (500)
Seat 2: boblecomique (500)
Seat 4: BimLeAllin (500)
Seat 6: MathisKcr (500)
*** ANTE/BLINDS ***
BimLeAllin posts ante 3
MathisKcr posts ante 3
Manghiuc644 posts ante 3
boblecomique posts ante 3
BimLeAllin posts small blind 10
MathisKcr posts big blind 20
Dealt to MathisKcr [9d 2s]
*** PRE-FLOP *** 
Manghiuc644 folds
boblecomique folds
BimLeAllin folds
MathisKcr collected 42 from pot
*** SUMMARY ***
Total pot 42 | No rake
Seat 6: MathisKcr (big blind) won 42


Winamax Poker - Tournament "Last Chance FUSION" buyIn: 0.90€ + 0.10€ level: 1 - HandId: #4572343469455966209-2-1773738054 - Holdem no limit (3/10/20) - 2026/03/17 09:00:54 UTC
Table: 'Last Chance FUSION(1064581673)#000' 6-max (real money) Seat #4 is the button
Seat 1: Manghiuc644 (497)
Seat 2: boblecomique (497)
Seat 4: BimLeAllin (487)
Seat 6: MathisKcr (519)
*** ANTE/BLINDS ***
MathisKcr posts ante 3
Manghiuc644 posts ante 3
boblecomique posts ante 3
BimLeAllin posts ante 3
MathisKcr posts small blind 10
Manghiuc644 posts big blind 20
Dealt to MathisKcr [Jd 5d]
*** PRE-FLOP *** 
boblecomique folds
BimLeAllin folds
MathisKcr raises 30 to 50
Manghiuc644 folds
MathisKcr collected 82 from pot
*** SUMMARY ***
Total pot 82 | No rake
Seat 6: MathisKcr (small blind) won 82


Winamax Poker - Tournament "Last Chance FUSION" buyIn: 0.90€ + 0.10€ level: 1 - HandId: #4572343469455966209-3-1773738069 - Holdem no limit (3/10/20) - 2026/03/17 09:01:09 UTC
Table: 'Last Chance FUSION(1064581673)#000' 6-max (real money) Seat #6 is the button
Seat 1: Manghiuc644 (474)
Seat 2: boblecomique (494)
Seat 4: BimLeAllin (484)
Seat 6: MathisKcr (548)
*** ANTE/BLINDS ***
Manghiuc644 posts ante 3
boblecomique posts ante 3
BimLeAllin posts ante 3
MathisKcr posts ante 3
Manghiuc644 posts small blind 10
boblecomique posts big blind 20
Dealt to MathisKcr [Js 6s]
*** PRE-FLOP *** 
BimLeAllin raises 30 to 50
MathisKcr folds
Manghiuc644 folds
boblecomique folds
BimLeAllin collected 92 from pot
*** SUMMARY ***
Total pot 92 | No rake
Seat 4: BimLeAllin won 92


Winamax Poker - Tournament "Last Chance FUSION" buyIn: 0.90€ + 0.10€ level: 1 - HandId: #4572343469455966209-4-1773738078 - Holdem no limit (3/10/20) - 2026/03/17 09:01:18 UTC
Table: 'Last Chance FUSION(1064581673)#000' 6-max (real money) Seat #1 is the button
Seat 1: Manghiuc644 (461)
Seat 2: boblecomique (471)
Seat 4: BimLeAllin (523)
Seat 6: MathisKcr (545)
*** ANTE/BLINDS ***
boblecomique posts ante 3
BimLeAllin posts ante 3
Manghiuc644 posts ante 3
MathisKcr posts ante 3
boblecomique posts small blind 10
BimLeAllin posts big blind 20
Dealt to MathisKcr [Ah Kd]
*** PRE-FLOP *** 
MathisKcr raises 20 to 40
Manghiuc644 folds
boblecomique calls 30
BimLeAllin folds
*** FLOP *** [2c 6h 9s]
boblecomique checks
MathisKcr bets 39
boblecomique folds
MathisKcr collected 151 from pot
*** SUMMARY ***
Total pot 151 | No rake
Board: [2c 6h 9s]
Seat 6: MathisKcr won 151


Winamax Poker - Tournament "Last Chance FUSION" buyIn: 0.90€ + 0.10€ level: 1 - HandId: #4572343469455966209-5-1773738101 - Holdem no limit (3/10/20) - 2026/03/17 09:01:41 UTC
Table: 'Last Chance FUSION(1064581673)#000' 6-max (real money) Seat #2 is the button
Seat 1: Manghiuc644 (458)
Seat 2: boblecomique (428)
Seat 4: BimLeAllin (500)
Seat 6: MathisKcr (614)
*** ANTE/BLINDS ***
BimLeAllin posts ante 3
MathisKcr posts ante 3
Manghiuc644 posts ante 3
boblecomique posts ante 3
BimLeAllin posts small blind 10
MathisKcr posts big blind 20
Dealt to MathisKcr [Jh Js]
*** PRE-FLOP *** 
Manghiuc644 raises 30 to 50
boblecomique calls 50
BimLeAllin folds
MathisKcr raises 100 to 150
Manghiuc644 calls 100
boblecomique folds
*** FLOP *** [9s Ks 2s]
MathisKcr bets 130
Manghiuc644 calls 130
*** TURN *** [9s Ks 2s][7s]
MathisKcr checks
Manghiuc644 bets 175 and is all-in
MathisKcr calls 175
*** RIVER *** [9s Ks 2s 7s][Qd]
*** SHOW DOWN ***
MathisKcr shows [Jh Js] (Flush King high)
Manghiuc644 shows [Qs Jd] (Flush King high)
Manghiuc644 collected 982 from pot
*** SUMMARY ***
Total pot 982 | No rake
Board: [9s Ks 2s 7s Qd]
Seat 1: Manghiuc644 showed [Qs Jd] and won 982 with Flush King high
Seat 6: MathisKcr (big blind) showed [Jh Js] and lost with Flush King high


Winamax Poker - Tournament "Last Chance FUSION" buyIn: 0.90€ + 0.10€ level: 1 - HandId: #4572343469455966209-6-1773738157 - Holdem no limit (3/10/20) - 2026/03/17 09:02:37 UTC
Table: 'Last Chance FUSION(1064581673)#000' 6-max (real money) Seat #4 is the button
Seat 1: Manghiuc644 (982)
Seat 2: boblecomique (375)
Seat 4: BimLeAllin (487)
Seat 6: MathisKcr (156)
*** ANTE/BLINDS ***
MathisKcr posts ante 3
Manghiuc644 posts ante 3
boblecomique posts ante 3
BimLeAllin posts ante 3
MathisKcr posts small blind 10
Manghiuc644 posts big blind 20
Dealt to MathisKcr [Td 7s]
*** PRE-FLOP *** 
boblecomique folds
BimLeAllin folds
MathisKcr folds
Manghiuc644 collected 42 from pot
*** SUMMARY ***
Total pot 42 | No rake
Seat 1: Manghiuc644 (big blind) won 42


Winamax Poker - Tournament "Last Chance FUSION" buyIn: 0.90€ + 0.10€ level: 1 - HandId: #4572343469455966209-7-1773738167 - Holdem no limit (3/10/20) - 2026/03/17 09:02:47 UTC
Table: 'Last Chance FUSION(1064581673)#000' 6-max (real money) Seat #6 is the button
Seat 1: Manghiuc644 (1001)
Seat 3: soipafache (500)
Seat 4: BimLeAllin (484)
Seat 6: MathisKcr (143)
*** ANTE/BLINDS ***
Manghiuc644 posts ante 3
soipafache posts ante 3
BimLeAllin posts ante 3
MathisKcr posts ante 3
Manghiuc644 posts small blind 10
soipafache posts big blind 20
Dealt to MathisKcr [3d 4d]
*** PRE-FLOP *** 
BimLeAllin folds
MathisKcr folds
Manghiuc644 calls 10
soipafache checks
*** FLOP *** [8s Js 8h]
Manghiuc644 bets 20
soipafache folds
Manghiuc644 collected 72 from pot
*** SUMMARY ***
Total pot 72 | No rake
Board: [8s Js 8h]
Seat 1: Manghiuc644 (small blind) won 72


Winamax Poker - Tournament "Last Chance FUSION" buyIn: 0.90€ + 0.10€ level: 1 - HandId: #4572343469455966209-8-1773738188 - Holdem no limit (3/10/20) - 2026/03/17 09:03:08 UTC
Table: 'Last Chance FUSION(1064581673)#000' 6-max (real money) Seat #1 is the button
Seat 1: Manghiuc644 (1030)
Seat 3: soipafache (477)
Seat 4: BimLeAllin (481)
Seat 6: MathisKcr (140)
*** ANTE/BLINDS ***
soipafache posts ante 3
BimLeAllin posts ante 3
Manghiuc644 posts ante 3
MathisKcr posts ante 3
soipafache posts small blind 10
BimLeAllin posts big blind 20
Dealt to MathisKcr [7d 8h]
*** PRE-FLOP *** 
MathisKcr folds
Manghiuc644 raises 30 to 50
soipafache folds
BimLeAllin calls 30
*** FLOP *** [Qs 3c 2s]
BimLeAllin checks
Manghiuc644 checks
*** TURN *** [Qs 3c 2s][Jh]
BimLeAllin checks
Manghiuc644 bets 43
BimLeAllin folds
Manghiuc644 collected 165 from pot
*** SUMMARY ***
Total pot 165 | No rake
Board: [Qs 3c 2s Jh]
Seat 1: Manghiuc644 (button) won 165


Winamax Poker - Tournament "Last Chance FUSION" buyIn: 0.90€ + 0.10€ level: 1 - HandId: #4572343469455966209-9-1773738231 - Holdem no limit (3/10/20) - 2026/03/17 09:03:51 UTC
Table: 'Last Chance FUSION(1064581673)#000' 6-max (real money) Seat #3 is the button
Seat 1: Manghiuc644 (1099)
Seat 3: soipafache (464)
Seat 4: BimLeAllin (428)
Seat 6: MathisKcr (137)
*** ANTE/BLINDS ***
BimLeAllin posts ante 3
MathisKcr posts ante 3
Manghiuc644 posts ante 3
soipafache posts ante 3
BimLeAllin posts small blind 10
MathisKcr posts big blind 20
Dealt to MathisKcr [2d Ac]
*** PRE-FLOP *** 
Manghiuc644 folds
soipafache raises 20 to 40
BimLeAllin calls 30
MathisKcr raises 94 to 134 and is all-in
soipafache calls 94
BimLeAllin calls 94
*** FLOP *** [9c Ks 5d]
BimLeAllin checks
soipafache checks
*** TURN *** [9c Ks 5d][9d]
BimLeAllin checks
soipafache checks
*** RIVER *** [9c Ks 5d 9d][8h]
BimLeAllin checks
soipafache bets 145
BimLeAllin folds
*** SHOW DOWN ***
MathisKcr shows [2d Ac] (One pair : 9)
soipafache shows [Tc 8d] (Two pairs : 9 and 8)
soipafache collected 559 from pot
*** SUMMARY ***
Total pot 559 | No rake
Board: [9c Ks 5d 9d 8h]
Seat 3: soipafache (button) showed [Tc 8d] and won 559 with Two pairs : 9 and 8
Seat 6: MathisKcr (big blind) showed [2d Ac] and lost with One pair : 9


