Winamax Poker - Tournament "Expresso Nitro" buyIn: 0.93€ + 0.07€ level: 1 - HandId: #4688825108532297729-1-1775567799 - Holdem no limit (10/20) - 2026/04/07 13:16:39 UTC
Table: 'Expresso Nitro(1091702168)#0' 3-max (real money) Seat #1 is the button
Seat 1: aurel39120 (300)
Seat 2: Let me Spin (300)
Seat 3: MathisKcr (300)
*** ANTE/BLINDS ***
Let me Spin posts small blind 10
MathisKcr posts big blind 20
Dealt to MathisKcr [Ah 7h]
*** PRE-FLOP *** 
aurel39120 folds
Let me Spin calls 10
MathisKcr raises 280 to 300 and is all-in
Let me Spin folds
MathisKcr collected 320 from pot
*** SUMMARY ***
Total pot 320 | No rake
Seat 3: MathisKcr (big blind) won 320


Winamax Poker - Tournament "Expresso Nitro" buyIn: 0.93€ + 0.07€ level: 1 - HandId: #4688825108532297729-2-1775567810 - Holdem no limit (10/20) - 2026/04/07 13:16:50 UTC
Table: 'Expresso Nitro(1091702168)#0' 3-max (real money) Seat #2 is the button
Seat 1: aurel39120 (300)
Seat 2: Let me Spin (280)
Seat 3: MathisKcr (320)
*** ANTE/BLINDS ***
MathisKcr posts small blind 10
aurel39120 posts big blind 20
Dealt to MathisKcr [4d 8s]
*** PRE-FLOP *** 
Let me Spin folds
MathisKcr folds
aurel39120 collected 30 from pot
*** SUMMARY ***
Total pot 30 | No rake
Seat 1: aurel39120 (big blind) won 30


Winamax Poker - Tournament "Expresso Nitro" buyIn: 0.93€ + 0.07€ level: 1 - HandId: #4688825108532297729-3-1775567820 - Holdem no limit (10/20) - 2026/04/07 13:17:00 UTC
Table: 'Expresso Nitro(1091702168)#0' 3-max (real money) Seat #3 is the button
Seat 1: aurel39120 (310)
Seat 2: Let me Spin (280)
Seat 3: MathisKcr (310)
*** ANTE/BLINDS ***
aurel39120 posts small blind 10
Let me Spin posts big blind 20
Dealt to MathisKcr [Ts Ad]
*** PRE-FLOP *** 
MathisKcr raises 20 to 40
aurel39120 calls 30
Let me Spin folds
*** FLOP *** [Ac 5c 9s]
aurel39120 checks
MathisKcr bets 35
aurel39120 folds
MathisKcr collected 135 from pot
*** SUMMARY ***
Total pot 135 | No rake
Board: [Ac 5c 9s]
Seat 3: MathisKcr (button) won 135


Winamax Poker - Tournament "Expresso Nitro" buyIn: 0.93€ + 0.07€ level: 1 - HandId: #4688825108532297729-4-1775567832 - Holdem no limit (10/20) - 2026/04/07 13:17:12 UTC
Table: 'Expresso Nitro(1091702168)#0' 3-max (real money) Seat #1 is the button
Seat 1: aurel39120 (270)
Seat 2: Let me Spin (260)
Seat 3: MathisKcr (370)
*** ANTE/BLINDS ***
Let me Spin posts small blind 10
MathisKcr posts big blind 20
Dealt to MathisKcr [9s 8s]
*** PRE-FLOP *** 
aurel39120 raises 20 to 40
Let me Spin calls 30
MathisKcr calls 20
*** FLOP *** [Qs 2s 4h]
Let me Spin checks
MathisKcr bets 42
aurel39120 raises 188 to 230 and is all-in
Let me Spin folds
MathisKcr calls 188
*** TURN *** [Qs 2s 4h][4d]
*** RIVER *** [Qs 2s 4h 4d][Kh]
*** SHOW DOWN ***
MathisKcr shows [9s 8s] (One pair : 4)
aurel39120 shows [2c Ac] (Two pairs : 4 and 2)
aurel39120 collected 580 from pot
*** SUMMARY ***
Total pot 580 | No rake
Board: [Qs 2s 4h 4d Kh]
Seat 1: aurel39120 (button) showed [2c Ac] and won 580 with Two pairs : 4 and 2
Seat 3: MathisKcr (big blind) showed [9s 8s] and lost with One pair : 4


Winamax Poker - Tournament "Expresso Nitro" buyIn: 0.93€ + 0.07€ level: 2 - HandId: #4688825108532297729-5-1775567866 - Holdem no limit (15/30) - 2026/04/07 13:17:46 UTC
Table: 'Expresso Nitro(1091702168)#0' 3-max (real money) Seat #2 is the button
Seat 1: aurel39120 (580)
Seat 2: Let me Spin (220)
Seat 3: MathisKcr (100)
*** ANTE/BLINDS ***
MathisKcr posts small blind 15
aurel39120 posts big blind 30
Dealt to MathisKcr [Ah Td]
*** PRE-FLOP *** 
Let me Spin raises 30 to 60
MathisKcr raises 40 to 100 and is all-in
aurel39120 calls 70
Let me Spin calls 40
*** FLOP *** [5h 8d 6s]
aurel39120 checks
Let me Spin bets 45
aurel39120 raises 45 to 90
Let me Spin calls 45
*** TURN *** [5h 8d 6s][3h]
aurel39120 bets 30
Let me Spin calls 30 and is all-in
*** RIVER *** [5h 8d 6s 3h][9h]
*** SHOW DOWN ***
aurel39120 shows [Kc Js] (High card : King)
MathisKcr shows [Ah Td] (High card : Ace)
Let me Spin shows [6c As] (One pair : 6)
Let me Spin collected 540 from pot
*** SUMMARY ***
Total pot 540 | No rake
Board: [5h 8d 6s 3h 9h]
Seat 1: aurel39120 (big blind) showed [Kc Js] and lost with High card : King
Seat 2: Let me Spin (button) showed [6c As] and won 540 with One pair : 6
Seat 3: MathisKcr (small blind) showed [Ah Td] and lost with High card : Ace


