Winamax Poker - Tournament "Expresso Nitro" buyIn: 0.93€ + 0.07€ level: 1 - HandId: #4601567693953302529-1-1772392784 - Holdem no limit (10/20) - 2026/03/01 19:19:44 UTC
Table: 'Expresso Nitro(1071385968)#0' 3-max (real money) Seat #1 is the button
Seat 1: Kapinova1 (300)
Seat 2: stoneStatutc (300)
Seat 3: MathisKcr (300)
*** ANTE/BLINDS ***
stoneStatutc posts small blind 10
MathisKcr posts big blind 20
Dealt to MathisKcr [Js 9c]
*** PRE-FLOP *** 
Kapinova1 calls 20
stoneStatutc raises 280 to 300 and is all-in
MathisKcr calls 280 and is all-in
Kapinova1 folds
*** FLOP *** [Qs 4s Ac]
*** TURN *** [Qs 4s Ac][4d]
*** RIVER *** [Qs 4s Ac 4d][Ts]
*** SHOW DOWN ***
MathisKcr shows [Js 9c] (One pair : 4)
stoneStatutc shows [Jh Ah] (Two pairs : Aces and 4)
stoneStatutc collected 620 from pot
*** SUMMARY ***
Total pot 620 | No rake
Board: [Qs 4s Ac 4d Ts]
Seat 2: stoneStatutc (small blind) showed [Jh Ah] and won 620 with Two pairs : Aces and 4
Seat 3: MathisKcr (big blind) showed [Js 9c] and lost with One pair : 4


