Winamax Poker - Tournament "Expresso Nitro" buyIn: 0.93€ + 0.07€ level: 1 - HandId: #4670559308407111681-1-1774879160 - Holdem no limit (10/20) - 2026/03/30 13:59:20 UTC
Table: 'Expresso Nitro(1087449330)#0' 3-max (real money) Seat #2 is the button
Seat 1: TA Matador61 (300)
Seat 2: MathisKcr (300)
Seat 3: Tiitoouu (300)
*** ANTE/BLINDS ***
Tiitoouu posts small blind 10
TA Matador61 posts big blind 20
Dealt to MathisKcr [5c 7d]
*** PRE-FLOP *** 
MathisKcr folds
Tiitoouu calls 10
TA Matador61 checks
*** FLOP *** [8s Kh 4c]
Tiitoouu checks
TA Matador61 checks
*** TURN *** [8s Kh 4c][6c]
Tiitoouu checks
TA Matador61 checks
*** RIVER *** [8s Kh 4c 6c][8d]
Tiitoouu checks
TA Matador61 checks
*** SHOW DOWN ***
TA Matador61 shows [2c Ts] (One pair : 8)
Tiitoouu shows [Th Js] (One pair : 8)
Tiitoouu collected 40 from pot
*** SUMMARY ***
Total pot 40 | No rake
Board: [8s Kh 4c 6c 8d]
Seat 1: TA Matador61 (big blind) showed [2c Ts] and lost with One pair : 8
Seat 3: Tiitoouu (small blind) showed [Th Js] and won 40 with One pair : 8


Winamax Poker - Tournament "Expresso Nitro" buyIn: 0.93€ + 0.07€ level: 1 - HandId: #4670559308407111681-2-1774879177 - Holdem no limit (10/20) - 2026/03/30 13:59:37 UTC
Table: 'Expresso Nitro(1087449330)#0' 3-max (real money) Seat #3 is the button
Seat 1: TA Matador61 (280)
Seat 2: MathisKcr (300)
Seat 3: Tiitoouu (320)
*** ANTE/BLINDS ***
TA Matador61 posts small blind 10
MathisKcr posts big blind 20
Dealt to MathisKcr [Js 7s]
*** PRE-FLOP *** 
Tiitoouu calls 20
TA Matador61 raises 60 to 80
MathisKcr folds
Tiitoouu calls 60
*** FLOP *** [Ts 6s 5d]
TA Matador61 checks
Tiitoouu checks
*** TURN *** [Ts 6s 5d][5h]
TA Matador61 bets 180
Tiitoouu folds
TA Matador61 collected 360 from pot
*** SUMMARY ***
Total pot 360 | No rake
Board: [Ts 6s 5d 5h]
Seat 1: TA Matador61 (small blind) won 360


Winamax Poker - Tournament "Expresso Nitro" buyIn: 0.93€ + 0.07€ level: 1 - HandId: #4670559308407111681-3-1774879201 - Holdem no limit (10/20) - 2026/03/30 14:00:01 UTC
Table: 'Expresso Nitro(1087449330)#0' 3-max (real money) Seat #1 is the button
Seat 1: TA Matador61 (380)
Seat 2: MathisKcr (280)
Seat 3: Tiitoouu (240)
*** ANTE/BLINDS ***
MathisKcr posts small blind 10
Tiitoouu posts big blind 20
Dealt to MathisKcr [7h 4s]
*** PRE-FLOP *** 
TA Matador61 folds
MathisKcr folds
Tiitoouu collected 30 from pot
*** SUMMARY ***
Total pot 30 | No rake
Seat 3: Tiitoouu (big blind) won 30


Winamax Poker - Tournament "Expresso Nitro" buyIn: 0.93€ + 0.07€ level: 1 - HandId: #4670559308407111681-4-1774879209 - Holdem no limit (10/20) - 2026/03/30 14:00:09 UTC
Table: 'Expresso Nitro(1087449330)#0' 3-max (real money) Seat #2 is the button
Seat 1: TA Matador61 (380)
Seat 2: MathisKcr (270)
Seat 3: Tiitoouu (250)
*** ANTE/BLINDS ***
Tiitoouu posts small blind 10
TA Matador61 posts big blind 20
Dealt to MathisKcr [4s 5d]
*** PRE-FLOP *** 
MathisKcr folds
Tiitoouu raises 230 to 250 and is all-in
TA Matador61 folds
Tiitoouu collected 270 from pot
*** SUMMARY ***
Total pot 270 | No rake
Seat 3: Tiitoouu (small blind) won 270


Winamax Poker - Tournament "Expresso Nitro" buyIn: 0.93€ + 0.07€ level: 2 - HandId: #4670559308407111681-5-1774879228 - Holdem no limit (15/30) - 2026/03/30 14:00:28 UTC
Table: 'Expresso Nitro(1087449330)#0' 3-max (real money) Seat #3 is the button
Seat 1: TA Matador61 (360)
Seat 2: MathisKcr (270)
Seat 3: Tiitoouu (270)
*** ANTE/BLINDS ***
TA Matador61 posts small blind 15
MathisKcr posts big blind 30
Dealt to MathisKcr [8c 3h]
*** PRE-FLOP *** 
Tiitoouu folds
TA Matador61 folds
MathisKcr collected 45 from pot
*** SUMMARY ***
Total pot 45 | No rake
Seat 2: MathisKcr (big blind) won 45


Winamax Poker - Tournament "Expresso Nitro" buyIn: 0.93€ + 0.07€ level: 2 - HandId: #4670559308407111681-6-1774879234 - Holdem no limit (15/30) - 2026/03/30 14:00:34 UTC
Table: 'Expresso Nitro(1087449330)#0' 3-max (real money) Seat #1 is the button
Seat 1: TA Matador61 (345)
Seat 2: MathisKcr (285)
Seat 3: Tiitoouu (270)
*** ANTE/BLINDS ***
MathisKcr posts small blind 15
Tiitoouu posts big blind 30
Dealt to MathisKcr [4c 7d]
*** PRE-FLOP *** 
TA Matador61 calls 30
MathisKcr folds
Tiitoouu checks
*** FLOP *** [7h Ah 8d]
Tiitoouu checks
TA Matador61 bets 315 and is all-in
Tiitoouu folds
TA Matador61 collected 390 from pot
*** SUMMARY ***
Total pot 390 | No rake
Board: [7h Ah 8d]
Seat 1: TA Matador61 (button) won 390


Winamax Poker - Tournament "Expresso Nitro" buyIn: 0.93€ + 0.07€ level: 2 - HandId: #4670559308407111681-7-1774879266 - Holdem no limit (15/30) - 2026/03/30 14:01:06 UTC
Table: 'Expresso Nitro(1087449330)#0' 3-max (real money) Seat #2 is the button
Seat 1: TA Matador61 (390)
Seat 2: MathisKcr (270)
Seat 3: Tiitoouu (240)
*** ANTE/BLINDS ***
Tiitoouu posts small blind 15
TA Matador61 posts big blind 30
Dealt to MathisKcr [5c Ac]
*** PRE-FLOP *** 
MathisKcr raises 30 to 60
Tiitoouu raises 180 to 240 and is all-in
TA Matador61 folds
MathisKcr calls 180
*** FLOP *** [2d Ts 7s]
*** TURN *** [2d Ts 7s][Kd]
*** RIVER *** [2d Ts 7s Kd][3s]
*** SHOW DOWN ***
Tiitoouu shows [Qc Jh] (High card : King)
MathisKcr shows [5c Ac] (High card : Ace)
MathisKcr collected 510 from pot
*** SUMMARY ***
Total pot 510 | No rake
Board: [2d Ts 7s Kd 3s]
Seat 2: MathisKcr (button) showed [5c Ac] and won 510 with High card : Ace
Seat 3: Tiitoouu (small blind) showed [Qc Jh] and lost with High card : King


Winamax Poker - Tournament "Expresso Nitro" buyIn: 0.93€ + 0.07€ level: 3 - HandId: #4670559308407111681-8-1774879293 - Holdem no limit (20/40) - 2026/03/30 14:01:33 UTC
Table: 'Expresso Nitro(1087449330)#0' 3-max (real money) Seat #1 is the button
Seat 1: TA Matador61 (360)
Seat 2: MathisKcr (540)
*** ANTE/BLINDS ***
TA Matador61 posts small blind 20
MathisKcr posts big blind 40
Dealt to MathisKcr [Js Jd]
*** PRE-FLOP *** 
TA Matador61 raises 40 to 80
MathisKcr raises 460 to 540 and is all-in
TA Matador61 calls 280 and is all-in
*** FLOP *** [9h 4c 8c]
*** TURN *** [9h 4c 8c][5d]
*** RIVER *** [9h 4c 8c 5d][4s]
*** SHOW DOWN ***
TA Matador61 shows [Kd 9d] (Two pairs : 9 and 4)
MathisKcr shows [Js Jd] (Two pairs : Jacks and 4)
MathisKcr collected 900 from pot
*** SUMMARY ***
Total pot 900 | No rake
Board: [9h 4c 8c 5d 4s]
Seat 1: TA Matador61 (small blind) (button) showed [Kd 9d] and lost with Two pairs : 9 and 4
Seat 2: MathisKcr (big blind) showed [Js Jd] and won 900 with Two pairs : Jacks and 4


