Winamax Poker - Tournament "Expresso Nitro" buyIn: 0.93€ + 0.07€ level: 1 - HandId: #4606312975685386241-1-1772568249 - Holdem no limit (10/20) - 2026/03/03 20:04:09 UTC
Table: 'Expresso Nitro(1072490815)#0' 3-max (real money) Seat #1 is the button
Seat 1: Mac-10 (300)
Seat 2: OsitoGoloso (300)
Seat 3: MathisKcr (300)
*** ANTE/BLINDS ***
OsitoGoloso posts small blind 10
MathisKcr posts big blind 20
Dealt to MathisKcr [4c 7h]
*** PRE-FLOP *** 
Mac-10 raises 280 to 300 and is all-in
OsitoGoloso calls 290 and is all-in
MathisKcr folds
*** FLOP *** [Jd 9h Ah]
*** TURN *** [Jd 9h Ah][Jc]
*** RIVER *** [Jd 9h Ah Jc][Kd]
*** SHOW DOWN ***
Mac-10 shows [Tc 6c] (One pair : Jacks)
OsitoGoloso shows [8s Ts] (One pair : Jacks)
OsitoGoloso collected 310 from pot
Mac-10 collected 310 from pot
*** SUMMARY ***
Total pot 620 | No rake
Board: [Jd 9h Ah Jc Kd]
Seat 1: Mac-10 (button) showed [Tc 6c] and won 310 with One pair : Jacks
Seat 2: OsitoGoloso (small blind) showed [8s Ts] and won 310 with One pair : Jacks


Winamax Poker - Tournament "Expresso Nitro" buyIn: 0.93€ + 0.07€ level: 1 - HandId: #4606312975685386241-2-1772568267 - Holdem no limit (10/20) - 2026/03/03 20:04:27 UTC
Table: 'Expresso Nitro(1072490815)#0' 3-max (real money) Seat #2 is the button
Seat 1: Mac-10 (310)
Seat 2: OsitoGoloso (310)
Seat 3: MathisKcr (280)
*** ANTE/BLINDS ***
MathisKcr posts small blind 10
Mac-10 posts big blind 20
Dealt to MathisKcr [3s Jd]
*** PRE-FLOP *** 
OsitoGoloso raises 290 to 310 and is all-in
MathisKcr folds
Mac-10 folds
OsitoGoloso collected 340 from pot
*** SUMMARY ***
Total pot 340 | No rake
Seat 2: OsitoGoloso (button) won 340


Winamax Poker - Tournament "Expresso Nitro" buyIn: 0.93€ + 0.07€ level: 1 - HandId: #4606312975685386241-3-1772568277 - Holdem no limit (10/20) - 2026/03/03 20:04:37 UTC
Table: 'Expresso Nitro(1072490815)#0' 3-max (real money) Seat #3 is the button
Seat 1: Mac-10 (290)
Seat 2: OsitoGoloso (340)
Seat 3: MathisKcr (270)
*** ANTE/BLINDS ***
Mac-10 posts small blind 10
OsitoGoloso posts big blind 20
Dealt to MathisKcr [3d Jc]
*** PRE-FLOP *** 
MathisKcr folds
Mac-10 folds
OsitoGoloso collected 30 from pot
*** SUMMARY ***
Total pot 30 | No rake
Seat 2: OsitoGoloso (big blind) won 30


Winamax Poker - Tournament "Expresso Nitro" buyIn: 0.93€ + 0.07€ level: 1 - HandId: #4606312975685386241-4-1772568282 - Holdem no limit (10/20) - 2026/03/03 20:04:42 UTC
Table: 'Expresso Nitro(1072490815)#0' 3-max (real money) Seat #1 is the button
Seat 1: Mac-10 (280)
Seat 2: OsitoGoloso (350)
Seat 3: MathisKcr (270)
*** ANTE/BLINDS ***
OsitoGoloso posts small blind 10
MathisKcr posts big blind 20
Dealt to MathisKcr [9s Th]
*** PRE-FLOP *** 
Mac-10 folds
OsitoGoloso raises 20 to 40
MathisKcr calls 20
*** FLOP *** [7s Js 5s]
OsitoGoloso bets 52
MathisKcr calls 52
*** TURN *** [7s Js 5s][Ks]
OsitoGoloso checks
MathisKcr bets 64
OsitoGoloso raises 194 to 258 and is all-in
MathisKcr calls 114 and is all-in
*** RIVER *** [7s Js 5s Ks][Kd]
*** SHOW DOWN ***
MathisKcr shows [9s Th] (Flush King high)
OsitoGoloso shows [As Ad] (Flush Ace high)
OsitoGoloso collected 620 from pot
*** SUMMARY ***
Total pot 620 | No rake
Board: [7s Js 5s Ks Kd]
Seat 2: OsitoGoloso (small blind) showed [As Ad] and won 620 with Flush Ace high
Seat 3: MathisKcr (big blind) showed [9s Th] and lost with Flush King high


