Winamax Poker - Tournament "Expresso Nitro" buyIn: 0.93€ + 0.07€ level: 1 - HandId: #4655839540655685633-1-1774283549 - Holdem no limit (10/20) - 2026/03/23 16:32:29 UTC
Table: 'Expresso Nitro(1084022117)#0' 3-max (real money) Seat #1 is the button
Seat 1: ocelagafe59 (300)
Seat 2: MathisKcr (300)
Seat 3: Kadi420 (300)
*** ANTE/BLINDS ***
MathisKcr posts small blind 10
Kadi420 posts big blind 20
Dealt to MathisKcr [3c Kh]
*** PRE-FLOP *** 
ocelagafe59 raises 20 to 40
MathisKcr calls 30
Kadi420 calls 20
*** FLOP *** [Tc 3d Qs]
MathisKcr checks
Kadi420 checks
ocelagafe59 checks
*** TURN *** [Tc 3d Qs][Jd]
MathisKcr checks
Kadi420 checks
ocelagafe59 checks
*** RIVER *** [Tc 3d Qs Jd][Qc]
MathisKcr checks
Kadi420 checks
ocelagafe59 checks
*** SHOW DOWN ***
ocelagafe59 shows [9d Ad] (One pair : Queens)
Kadi420 shows [9s 5s] (One pair : Queens)
MathisKcr shows [3c Kh] (Two pairs : Queens and 3)
MathisKcr collected 120 from pot
*** SUMMARY ***
Total pot 120 | No rake
Board: [Tc 3d Qs Jd Qc]
Seat 1: ocelagafe59 (button) showed [9d Ad] and lost with One pair : Queens
Seat 2: MathisKcr (small blind) showed [3c Kh] and won 120 with Two pairs : Queens and 3
Seat 3: Kadi420 (big blind) showed [9s 5s] and lost with One pair : Queens


Winamax Poker - Tournament "Expresso Nitro" buyIn: 0.93€ + 0.07€ level: 1 - HandId: #4655839540655685633-2-1774283587 - Holdem no limit (10/20) - 2026/03/23 16:33:07 UTC
Table: 'Expresso Nitro(1084022117)#0' 3-max (real money) Seat #2 is the button
Seat 1: ocelagafe59 (260)
Seat 2: MathisKcr (380)
Seat 3: Kadi420 (260)
*** ANTE/BLINDS ***
Kadi420 posts small blind 10
ocelagafe59 posts big blind 20
Dealt to MathisKcr [2d 9c]
*** PRE-FLOP *** 
MathisKcr folds
Kadi420 calls 10
ocelagafe59 raises 240 to 260 and is all-in
Kadi420 folds
ocelagafe59 collected 280 from pot
*** SUMMARY ***
Total pot 280 | No rake
Seat 1: ocelagafe59 (big blind) won 280


Winamax Poker - Tournament "Expresso Nitro" buyIn: 0.93€ + 0.07€ level: 1 - HandId: #4655839540655685633-3-1774283603 - Holdem no limit (10/20) - 2026/03/23 16:33:23 UTC
Table: 'Expresso Nitro(1084022117)#0' 3-max (real money) Seat #3 is the button
Seat 1: ocelagafe59 (280)
Seat 2: MathisKcr (380)
Seat 3: Kadi420 (240)
*** ANTE/BLINDS ***
ocelagafe59 posts small blind 10
MathisKcr posts big blind 20
Dealt to MathisKcr [2c 2h]
*** PRE-FLOP *** 
Kadi420 calls 20
ocelagafe59 calls 10
MathisKcr raises 360 to 380 and is all-in
Kadi420 calls 220 and is all-in
ocelagafe59 folds
*** FLOP *** [9h 6c Qc]
*** TURN *** [9h 6c Qc][9s]
*** RIVER *** [9h 6c Qc 9s][Jh]
*** SHOW DOWN ***
MathisKcr shows [2c 2h] (Two pairs : 9 and 2)
Kadi420 shows [Qd Qh] (Full of Queens and 9)
Kadi420 collected 500 from main pot
MathisKcr collected 140 from side pot 1
*** SUMMARY ***
Total pot 640 | No rake
Board: [9h 6c Qc 9s Jh]
Seat 2: MathisKcr (big blind) showed [2c 2h] and won 140 with Two pairs : 9 and 2
Seat 3: Kadi420 (button) showed [Qd Qh] and won 500 with Full of Queens and 9


Winamax Poker - Tournament "Expresso Nitro" buyIn: 0.93€ + 0.07€ level: 2 - HandId: #4655839540655685633-4-1774283626 - Holdem no limit (15/30) - 2026/03/23 16:33:46 UTC
Table: 'Expresso Nitro(1084022117)#0' 3-max (real money) Seat #1 is the button
Seat 1: ocelagafe59 (260)
Seat 2: MathisKcr (140)
Seat 3: Kadi420 (500)
*** ANTE/BLINDS ***
MathisKcr posts small blind 15
Kadi420 posts big blind 30
Dealt to MathisKcr [Js 7s]
*** PRE-FLOP *** 
ocelagafe59 calls 30
MathisKcr raises 30 to 60
Kadi420 calls 30
ocelagafe59 calls 30
*** FLOP *** [4h 2s Ks]
MathisKcr bets 60
Kadi420 calls 60
ocelagafe59 calls 60
*** TURN *** [4h 2s Ks][5s]
MathisKcr bets 20 and is all-in
Kadi420 calls 20
ocelagafe59 raises 120 to 140 and is all-in
Kadi420 calls 120
*** RIVER *** [4h 2s Ks 5s][Kh]
*** SHOW DOWN ***
ocelagafe59 shows [2d Jd] (Two pairs : Kings and 2)
MathisKcr shows [Js 7s] (Flush King high)
Kadi420 shows [Kc Ac] (Trips of Kings)
Kadi420 collected 240 from side pot 1
MathisKcr collected 420 from main pot
*** SUMMARY ***
Total pot 660 | No rake
Board: [4h 2s Ks 5s Kh]
Seat 1: ocelagafe59 (button) showed [2d Jd] and lost with Two pairs : Kings and 2
Seat 2: MathisKcr (small blind) showed [Js 7s] and won 420 with Flush King high
Seat 3: Kadi420 (big blind) showed [Kc Ac] and won 240 with Trips of Kings


Winamax Poker - Tournament "Expresso Nitro" buyIn: 0.93€ + 0.07€ level: 3 - HandId: #4655839540655685633-5-1774283672 - Holdem no limit (20/40) - 2026/03/23 16:34:32 UTC
Table: 'Expresso Nitro(1084022117)#0' 3-max (real money) Seat #3 is the button
Seat 2: MathisKcr (420)
Seat 3: Kadi420 (480)
*** ANTE/BLINDS ***
Kadi420 posts small blind 20
MathisKcr posts big blind 40
Dealt to MathisKcr [5h 2c]
*** PRE-FLOP *** 
Kadi420 calls 20
MathisKcr checks
*** FLOP *** [6d Ts Js]
MathisKcr checks
Kadi420 checks
*** TURN *** [6d Ts Js][8d]
MathisKcr checks
Kadi420 checks
*** RIVER *** [6d Ts Js 8d][8s]
MathisKcr checks
Kadi420 checks
*** SHOW DOWN ***
MathisKcr shows [5h 2c] (One pair : 8)
Kadi420 shows [Kh Ad] (One pair : 8)
Kadi420 collected 80 from pot
*** SUMMARY ***
Total pot 80 | No rake
Board: [6d Ts Js 8d 8s]
Seat 2: MathisKcr (big blind) showed [5h 2c] and lost with One pair : 8
Seat 3: Kadi420 (small blind) (button) showed [Kh Ad] and won 80 with One pair : 8


Winamax Poker - Tournament "Expresso Nitro" buyIn: 0.93€ + 0.07€ level: 3 - HandId: #4655839540655685633-6-1774283709 - Holdem no limit (20/40) - 2026/03/23 16:35:09 UTC
Table: 'Expresso Nitro(1084022117)#0' 3-max (real money) Seat #2 is the button
Seat 2: MathisKcr (380)
Seat 3: Kadi420 (520)
*** ANTE/BLINDS ***
MathisKcr posts small blind 20
Kadi420 posts big blind 40
Dealt to MathisKcr [7c 9s]
*** PRE-FLOP *** 
MathisKcr calls 20
Kadi420 checks
*** FLOP *** [Jd 5c 6h]
Kadi420 checks
MathisKcr checks
*** TURN *** [Jd 5c 6h][8d]
Kadi420 checks
MathisKcr checks
*** RIVER *** [Jd 5c 6h 8d][7d]
Kadi420 checks
MathisKcr bets 340 and is all-in
Kadi420 folds
MathisKcr collected 420 from pot
*** SUMMARY ***
Total pot 420 | No rake
Board: [Jd 5c 6h 8d 7d]
Seat 2: MathisKcr (small blind) (button) won 420


Winamax Poker - Tournament "Expresso Nitro" buyIn: 0.93€ + 0.07€ level: 4 - HandId: #4655839540655685633-7-1774283756 - Holdem no limit (30/60) - 2026/03/23 16:35:56 UTC
Table: 'Expresso Nitro(1084022117)#0' 3-max (real money) Seat #3 is the button
Seat 2: MathisKcr (420)
Seat 3: Kadi420 (480)
*** ANTE/BLINDS ***
Kadi420 posts small blind 30
MathisKcr posts big blind 60
Dealt to MathisKcr [6c Th]
*** PRE-FLOP *** 
Kadi420 calls 30
MathisKcr checks
*** FLOP *** [Kh 5d 2h]
MathisKcr checks
Kadi420 checks
*** TURN *** [Kh 5d 2h][4d]
MathisKcr checks
Kadi420 checks
*** RIVER *** [Kh 5d 2h 4d][8h]
MathisKcr bets 360 and is all-in
Kadi420 folds
MathisKcr collected 480 from pot
*** SUMMARY ***
Total pot 480 | No rake
Board: [Kh 5d 2h 4d 8h]
Seat 2: MathisKcr (big blind) won 480


Winamax Poker - Tournament "Expresso Nitro" buyIn: 0.93€ + 0.07€ level: 5 - HandId: #4655839540655685633-8-1774283788 - Holdem no limit (40/80) - 2026/03/23 16:36:28 UTC
Table: 'Expresso Nitro(1084022117)#0' 3-max (real money) Seat #2 is the button
Seat 2: MathisKcr (480)
Seat 3: Kadi420 (420)
*** ANTE/BLINDS ***
MathisKcr posts small blind 40
Kadi420 posts big blind 80
Dealt to MathisKcr [Th 9c]
*** PRE-FLOP *** 
MathisKcr raises 80 to 160
Kadi420 calls 80
*** FLOP *** [Ts 2s 3s]
Kadi420 checks
MathisKcr bets 160
Kadi420 folds
MathisKcr collected 480 from pot
*** SUMMARY ***
Total pot 480 | No rake
Board: [Ts 2s 3s]
Seat 2: MathisKcr (small blind) (button) won 480


Winamax Poker - Tournament "Expresso Nitro" buyIn: 0.93€ + 0.07€ level: 5 - HandId: #4655839540655685633-9-1774283826 - Holdem no limit (40/80) - 2026/03/23 16:37:06 UTC
Table: 'Expresso Nitro(1084022117)#0' 3-max (real money) Seat #3 is the button
Seat 2: MathisKcr (640)
Seat 3: Kadi420 (260)
*** ANTE/BLINDS ***
Kadi420 posts small blind 40
MathisKcr posts big blind 80
Dealt to MathisKcr [4h 2s]
*** PRE-FLOP *** 
Kadi420 calls 40
MathisKcr checks
*** FLOP *** [4s As Ac]
MathisKcr bets 160
Kadi420 calls 160
*** TURN *** [4s As Ac][8c]
MathisKcr bets 400 and is all-in
Kadi420 calls 20 and is all-in
*** RIVER *** [4s As Ac 8c][Js]
*** SHOW DOWN ***
MathisKcr shows [4h 2s] (Two pairs : Aces and 4)
Kadi420 shows [9d Ah] (Trips of Aces)
Kadi420 collected 520 from main pot
MathisKcr collected 380 from side pot 1
*** SUMMARY ***
Total pot 900 | No rake
Board: [4s As Ac 8c Js]
Seat 2: MathisKcr (big blind) showed [4h 2s] and won 380 with Two pairs : Aces and 4
Seat 3: Kadi420 (small blind) (button) showed [9d Ah] and won 520 with Trips of Aces


Winamax Poker - Tournament "Expresso Nitro" buyIn: 0.93€ + 0.07€ level: 5 - HandId: #4655839540655685633-10-1774283842 - Holdem no limit (40/80) - 2026/03/23 16:37:22 UTC
Table: 'Expresso Nitro(1084022117)#0' 3-max (real money) Seat #2 is the button
Seat 2: MathisKcr (380)
Seat 3: Kadi420 (520)
*** ANTE/BLINDS ***
MathisKcr posts small blind 40
Kadi420 posts big blind 80
Dealt to MathisKcr [Qd 7s]
*** PRE-FLOP *** 
MathisKcr raises 300 to 380 and is all-in
Kadi420 calls 300
*** FLOP *** [Tc 9c Kd]
*** TURN *** [Tc 9c Kd][4s]
*** RIVER *** [Tc 9c Kd 4s][2d]
*** SHOW DOWN ***
MathisKcr shows [Qd 7s] (High card : King)
Kadi420 shows [Jd Ad] (High card : Ace)
Kadi420 collected 760 from pot
*** SUMMARY ***
Total pot 760 | No rake
Board: [Tc 9c Kd 4s 2d]
Seat 2: MathisKcr (small blind) (button) showed [Qd 7s] and lost with High card : King
Seat 3: Kadi420 (big blind) showed [Jd Ad] and won 760 with High card : Ace


