Winamax Poker - Tournament "Expresso Nitro" buyIn: 0.93€ + 0.07€ level: 1 - HandId: #4692169084169617409-1-1775678357 - Holdem no limit (10/20) - 2026/04/08 19:59:17 UTC
Table: 'Expresso Nitro(1092480748)#0' 3-max (real money) Seat #2 is the button
Seat 1: Partouparter (300)
Seat 2: CiziaZike22 (300)
Seat 3: MathisKcr (300)
*** ANTE/BLINDS ***
MathisKcr posts small blind 10
Partouparter posts big blind 20
Dealt to MathisKcr [9s 8c]
*** PRE-FLOP *** 
CiziaZike22 raises 20 to 40
MathisKcr folds
Partouparter calls 20
*** FLOP *** [6s 2h 4h]
Partouparter checks
CiziaZike22 bets 45
Partouparter folds
CiziaZike22 collected 135 from pot
*** SUMMARY ***
Total pot 135 | No rake
Board: [6s 2h 4h]
Seat 2: CiziaZike22 (button) won 135


Winamax Poker - Tournament "Expresso Nitro" buyIn: 0.93€ + 0.07€ level: 1 - HandId: #4692169084169617409-2-1775678392 - Holdem no limit (10/20) - 2026/04/08 19:59:52 UTC
Table: 'Expresso Nitro(1092480748)#0' 3-max (real money) Seat #3 is the button
Seat 1: Partouparter (260)
Seat 2: CiziaZike22 (350)
Seat 3: MathisKcr (290)
*** ANTE/BLINDS ***
Partouparter posts small blind 10
CiziaZike22 posts big blind 20
Dealt to MathisKcr [Jh 3s]
*** PRE-FLOP *** 
MathisKcr folds
Partouparter calls 10
CiziaZike22 raises 330 to 350 and is all-in
Partouparter folds
CiziaZike22 collected 370 from pot
*** SUMMARY ***
Total pot 370 | No rake
Seat 2: CiziaZike22 (big blind) won 370


Winamax Poker - Tournament "Expresso Nitro" buyIn: 0.93€ + 0.07€ level: 1 - HandId: #4692169084169617409-3-1775678407 - Holdem no limit (10/20) - 2026/04/08 20:00:07 UTC
Table: 'Expresso Nitro(1092480748)#0' 3-max (real money) Seat #1 is the button
Seat 1: Partouparter (240)
Seat 2: CiziaZike22 (370)
Seat 3: MathisKcr (290)
*** ANTE/BLINDS ***
CiziaZike22 posts small blind 10
MathisKcr posts big blind 20
Dealt to MathisKcr [Ts 7h]
*** PRE-FLOP *** 
Partouparter calls 20
CiziaZike22 raises 350 to 370 and is all-in
MathisKcr folds
Partouparter calls 220 and is all-in
*** FLOP *** [8s 4c Qs]
*** TURN *** [8s 4c Qs][7d]
*** RIVER *** [8s 4c Qs 7d][As]
*** SHOW DOWN ***
Partouparter shows [Kc Kd] (One pair : Kings)
CiziaZike22 shows [Kh Qh] (One pair : Queens)
CiziaZike22 collected 130 from side pot 1
Partouparter collected 500 from main pot
*** SUMMARY ***
Total pot 630 | No rake
Board: [8s 4c Qs 7d As]
Seat 1: Partouparter (button) showed [Kc Kd] and won 500 with One pair : Kings
Seat 2: CiziaZike22 (small blind) showed [Kh Qh] and won 130 with One pair : Queens


Winamax Poker - Tournament "Expresso Nitro" buyIn: 0.93€ + 0.07€ level: 2 - HandId: #4692169084169617409-4-1775678427 - Holdem no limit (15/30) - 2026/04/08 20:00:27 UTC
Table: 'Expresso Nitro(1092480748)#0' 3-max (real money) Seat #2 is the button
Seat 1: Partouparter (500)
Seat 2: CiziaZike22 (130)
Seat 3: MathisKcr (270)
*** ANTE/BLINDS ***
MathisKcr posts small blind 15
Partouparter posts big blind 30
Dealt to MathisKcr [7c 4s]
*** PRE-FLOP *** 
CiziaZike22 raises 100 to 130 and is all-in
MathisKcr folds
Partouparter raises 370 to 500 and is all-in
*** FLOP *** [9h 2s Ad]
*** TURN *** [9h 2s Ad][8s]
*** RIVER *** [9h 2s Ad 8s][8d]
*** SHOW DOWN ***
CiziaZike22 shows [5c 5h] (Two pairs : 8 and 5)
Partouparter shows [Ac Td] (Two pairs : Aces and 8)
Partouparter collected 645 from pot
*** SUMMARY ***
Total pot 645 | No rake
Board: [9h 2s Ad 8s 8d]
Seat 1: Partouparter (big blind) showed [Ac Td] and won 645 with Two pairs : Aces and 8
Seat 2: CiziaZike22 (button) showed [5c 5h] and lost with Two pairs : 8 and 5


Winamax Poker - Tournament "Expresso Nitro" buyIn: 0.93€ + 0.07€ level: 2 - HandId: #4692169084169617409-5-1775678446 - Holdem no limit (15/30) - 2026/04/08 20:00:46 UTC
Table: 'Expresso Nitro(1092480748)#0' 3-max (real money) Seat #1 is the button
Seat 1: Partouparter (645)
Seat 3: MathisKcr (255)
*** ANTE/BLINDS ***
Partouparter posts small blind 15
MathisKcr posts big blind 30
Dealt to MathisKcr [Jh 5h]
*** PRE-FLOP *** 
Partouparter calls 15
MathisKcr raises 225 to 255 and is all-in
Partouparter folds
MathisKcr collected 285 from pot
*** SUMMARY ***
Total pot 285 | No rake
Seat 3: MathisKcr (big blind) won 285


Winamax Poker - Tournament "Expresso Nitro" buyIn: 0.93€ + 0.07€ level: 2 - HandId: #4692169084169617409-6-1775678460 - Holdem no limit (15/30) - 2026/04/08 20:01:00 UTC
Table: 'Expresso Nitro(1092480748)#0' 3-max (real money) Seat #3 is the button
Seat 1: Partouparter (615)
Seat 3: MathisKcr (285)
*** ANTE/BLINDS ***
MathisKcr posts small blind 15
Partouparter posts big blind 30
Dealt to MathisKcr [Jc Kd]
*** PRE-FLOP *** 
MathisKcr raises 255 to 285 and is all-in
Partouparter calls 255
*** FLOP *** [Qh Kc 9s]
*** TURN *** [Qh Kc 9s][Kh]
*** RIVER *** [Qh Kc 9s Kh][6s]
*** SHOW DOWN ***
Partouparter shows [Qs Ah] (Two pairs : Kings and Queens)
MathisKcr shows [Jc Kd] (Trips of Kings)
MathisKcr collected 570 from pot
*** SUMMARY ***
Total pot 570 | No rake
Board: [Qh Kc 9s Kh 6s]
Seat 1: Partouparter (big blind) showed [Qs Ah] and lost with Two pairs : Kings and Queens
Seat 3: MathisKcr (small blind) (button) showed [Jc Kd] and won 570 with Trips of Kings


Winamax Poker - Tournament "Expresso Nitro" buyIn: 0.93€ + 0.07€ level: 2 - HandId: #4692169084169617409-7-1775678473 - Holdem no limit (15/30) - 2026/04/08 20:01:13 UTC
Table: 'Expresso Nitro(1092480748)#0' 3-max (real money) Seat #1 is the button
Seat 1: Partouparter (330)
Seat 3: MathisKcr (570)
*** ANTE/BLINDS ***
Partouparter posts small blind 15
MathisKcr posts big blind 30
Dealt to MathisKcr [Js Tc]
*** PRE-FLOP *** 
Partouparter raises 300 to 330 and is all-in
MathisKcr calls 300
*** FLOP *** [8s 9h 2s]
*** TURN *** [8s 9h 2s][Qh]
*** RIVER *** [8s 9h 2s Qh][Qc]
*** SHOW DOWN ***
Partouparter shows [Ad 7s] (One pair : Queens)
MathisKcr shows [Js Tc] (Straight Queen high)
MathisKcr collected 660 from pot
*** SUMMARY ***
Total pot 660 | No rake
Board: [8s 9h 2s Qh Qc]
Seat 1: Partouparter (small blind) (button) showed [Ad 7s] and lost with One pair : Queens
Seat 3: MathisKcr (big blind) showed [Js Tc] and won 660 with Straight Queen high


