Winamax Poker - Tournament "Expresso Nitro" buyIn: 0.93€ + 0.07€ level: 1 - HandId: #4605005737964339201-1-1772526088 - Holdem no limit (10/20) - 2026/03/03 08:21:28 UTC
Table: 'Expresso Nitro(1072186450)#0' 3-max (real money) Seat #2 is the button
Seat 1: JeSaPLGoaT (300)
Seat 2: MathisKcr (300)
Seat 3: ventturon440 (300)
*** ANTE/BLINDS ***
ventturon440 posts small blind 10
JeSaPLGoaT posts big blind 20
Dealt to MathisKcr [3c 4s]
*** PRE-FLOP *** 
MathisKcr folds
ventturon440 calls 10
JeSaPLGoaT checks
*** FLOP *** [Ac 5d Ts]
ventturon440 checks
JeSaPLGoaT bets 26
ventturon440 folds
JeSaPLGoaT collected 66 from pot
*** SUMMARY ***
Total pot 66 | No rake
Board: [Ac 5d Ts]
Seat 1: JeSaPLGoaT (big blind) won 66


Winamax Poker - Tournament "Expresso Nitro" buyIn: 0.93€ + 0.07€ level: 1 - HandId: #4605005737964339201-2-1772526103 - Holdem no limit (10/20) - 2026/03/03 08:21:43 UTC
Table: 'Expresso Nitro(1072186450)#0' 3-max (real money) Seat #3 is the button
Seat 1: JeSaPLGoaT (320)
Seat 2: MathisKcr (300)
Seat 3: ventturon440 (280)
*** ANTE/BLINDS ***
JeSaPLGoaT posts small blind 10
MathisKcr posts big blind 20
Dealt to MathisKcr [9h 5s]
*** PRE-FLOP *** 
ventturon440 calls 20
JeSaPLGoaT calls 10
MathisKcr checks
*** FLOP *** [7s 3d Jd]
JeSaPLGoaT checks
MathisKcr checks
ventturon440 bets 60
JeSaPLGoaT folds
MathisKcr folds
ventturon440 collected 120 from pot
*** SUMMARY ***
Total pot 120 | No rake
Board: [7s 3d Jd]
Seat 3: ventturon440 (button) won 120


Winamax Poker - Tournament "Expresso Nitro" buyIn: 0.93€ + 0.07€ level: 1 - HandId: #4605005737964339201-3-1772526129 - Holdem no limit (10/20) - 2026/03/03 08:22:09 UTC
Table: 'Expresso Nitro(1072186450)#0' 3-max (real money) Seat #1 is the button
Seat 1: JeSaPLGoaT (300)
Seat 2: MathisKcr (280)
Seat 3: ventturon440 (320)
*** ANTE/BLINDS ***
MathisKcr posts small blind 10
ventturon440 posts big blind 20
Dealt to MathisKcr [Jd 5d]
*** PRE-FLOP *** 
JeSaPLGoaT folds
MathisKcr raises 20 to 40
ventturon440 calls 20
*** FLOP *** [6c 9s Th]
MathisKcr checks
ventturon440 bets 80
MathisKcr folds
ventturon440 collected 160 from pot
*** SUMMARY ***
Total pot 160 | No rake
Board: [6c 9s Th]
Seat 3: ventturon440 (big blind) won 160


Winamax Poker - Tournament "Expresso Nitro" buyIn: 0.93€ + 0.07€ level: 1 - HandId: #4605005737964339201-4-1772526144 - Holdem no limit (10/20) - 2026/03/03 08:22:24 UTC
Table: 'Expresso Nitro(1072186450)#0' 3-max (real money) Seat #2 is the button
Seat 1: JeSaPLGoaT (300)
Seat 2: MathisKcr (240)
Seat 3: ventturon440 (360)
*** ANTE/BLINDS ***
ventturon440 posts small blind 10
JeSaPLGoaT posts big blind 20
Dealt to MathisKcr [4h 6s]
*** PRE-FLOP *** 
MathisKcr folds
ventturon440 raises 40 to 60
JeSaPLGoaT calls 40
*** FLOP *** [Js 3c 2s]
ventturon440 bets 300 and is all-in
JeSaPLGoaT folds
ventturon440 collected 420 from pot
*** SUMMARY ***
Total pot 420 | No rake
Board: [Js 3c 2s]
Seat 3: ventturon440 (small blind) won 420


Winamax Poker - Tournament "Expresso Nitro" buyIn: 0.93€ + 0.07€ level: 2 - HandId: #4605005737964339201-5-1772526156 - Holdem no limit (15/30) - 2026/03/03 08:22:36 UTC
Table: 'Expresso Nitro(1072186450)#0' 3-max (real money) Seat #3 is the button
Seat 1: JeSaPLGoaT (240)
Seat 2: MathisKcr (240)
Seat 3: ventturon440 (420)
*** ANTE/BLINDS ***
JeSaPLGoaT posts small blind 15
MathisKcr posts big blind 30
Dealt to MathisKcr [3d 6c]
*** PRE-FLOP *** 
ventturon440 folds
JeSaPLGoaT folds
MathisKcr collected 45 from pot
*** SUMMARY ***
Total pot 45 | No rake
Seat 2: MathisKcr (big blind) won 45


Winamax Poker - Tournament "Expresso Nitro" buyIn: 0.93€ + 0.07€ level: 2 - HandId: #4605005737964339201-6-1772526164 - Holdem no limit (15/30) - 2026/03/03 08:22:44 UTC
Table: 'Expresso Nitro(1072186450)#0' 3-max (real money) Seat #1 is the button
Seat 1: JeSaPLGoaT (225)
Seat 2: MathisKcr (255)
Seat 3: ventturon440 (420)
*** ANTE/BLINDS ***
MathisKcr posts small blind 15
ventturon440 posts big blind 30
Dealt to MathisKcr [5s Jc]
*** PRE-FLOP *** 
JeSaPLGoaT folds
MathisKcr calls 15
ventturon440 raises 45 to 75
MathisKcr folds
ventturon440 collected 105 from pot
*** SUMMARY ***
Total pot 105 | No rake
Seat 3: ventturon440 (big blind) won 105


Winamax Poker - Tournament "Expresso Nitro" buyIn: 0.93€ + 0.07€ level: 2 - HandId: #4605005737964339201-7-1772526180 - Holdem no limit (15/30) - 2026/03/03 08:23:00 UTC
Table: 'Expresso Nitro(1072186450)#0' 3-max (real money) Seat #2 is the button
Seat 1: JeSaPLGoaT (225)
Seat 2: MathisKcr (225)
Seat 3: ventturon440 (450)
*** ANTE/BLINDS ***
ventturon440 posts small blind 15
JeSaPLGoaT posts big blind 30
Dealt to MathisKcr [9d 7c]
*** PRE-FLOP *** 
MathisKcr folds
ventturon440 raises 30 to 60
JeSaPLGoaT raises 165 to 225 and is all-in
ventturon440 calls 165
*** FLOP *** [Qc 3h 5h]
*** TURN *** [Qc 3h 5h][Jc]
*** RIVER *** [Qc 3h 5h Jc][9s]
*** SHOW DOWN ***
ventturon440 shows [Ad Ks] (High card : Ace)
JeSaPLGoaT shows [9h 9c] (Trips of 9)
JeSaPLGoaT collected 450 from pot
*** SUMMARY ***
Total pot 450 | No rake
Board: [Qc 3h 5h Jc 9s]
Seat 1: JeSaPLGoaT (big blind) showed [9h 9c] and won 450 with Trips of 9
Seat 3: ventturon440 (small blind) showed [Ad Ks] and lost with High card : Ace


Winamax Poker - Tournament "Expresso Nitro" buyIn: 0.93€ + 0.07€ level: 2 - HandId: #4605005737964339201-8-1772526197 - Holdem no limit (15/30) - 2026/03/03 08:23:17 UTC
Table: 'Expresso Nitro(1072186450)#0' 3-max (real money) Seat #3 is the button
Seat 1: JeSaPLGoaT (450)
Seat 2: MathisKcr (225)
Seat 3: ventturon440 (225)
*** ANTE/BLINDS ***
JeSaPLGoaT posts small blind 15
MathisKcr posts big blind 30
Dealt to MathisKcr [7s 6d]
*** PRE-FLOP *** 
ventturon440 calls 30
JeSaPLGoaT calls 15
MathisKcr checks
*** FLOP *** [3c 4h 2h]
JeSaPLGoaT checks
MathisKcr checks
ventturon440 bets 195 and is all-in
JeSaPLGoaT folds
MathisKcr folds
ventturon440 collected 285 from pot
*** SUMMARY ***
Total pot 285 | No rake
Board: [3c 4h 2h]
Seat 3: ventturon440 (button) won 285


Winamax Poker - Tournament "Expresso Nitro" buyIn: 0.93€ + 0.07€ level: 3 - HandId: #4605005737964339201-9-1772526220 - Holdem no limit (20/40) - 2026/03/03 08:23:40 UTC
Table: 'Expresso Nitro(1072186450)#0' 3-max (real money) Seat #1 is the button
Seat 1: JeSaPLGoaT (420)
Seat 2: MathisKcr (195)
Seat 3: ventturon440 (285)
*** ANTE/BLINDS ***
MathisKcr posts small blind 20
ventturon440 posts big blind 40
Dealt to MathisKcr [6c Jc]
*** PRE-FLOP *** 
JeSaPLGoaT folds
MathisKcr raises 155 to 195 and is all-in
ventturon440 calls 155
*** FLOP *** [9d Ac 8h]
*** TURN *** [9d Ac 8h][9h]
*** RIVER *** [9d Ac 8h 9h][Qh]
*** SHOW DOWN ***
MathisKcr shows [6c Jc] (One pair : 9)
ventturon440 shows [9s Qc] (Full of 9 and Queens)
ventturon440 collected 390 from pot
*** SUMMARY ***
Total pot 390 | No rake
Board: [9d Ac 8h 9h Qh]
Seat 2: MathisKcr (small blind) showed [6c Jc] and lost with One pair : 9
Seat 3: ventturon440 (big blind) showed [9s Qc] and won 390 with Full of 9 and Queens


