Winamax Poker - Tournament "Expresso Nitro" buyIn: 0.93€ + 0.07€ level: 1 - HandId: #4698403194840023041-1-1775913166 - Holdem no limit (10/20) - 2026/04/11 13:12:46 UTC
Table: 'Expresso Nitro(1093932240)#0' 3-max (real money) Seat #2 is the button
Seat 1: MathisKcr (300)
Seat 2: Badgepioche (300)
Seat 3: ANTHOO_JR (300)
*** ANTE/BLINDS ***
ANTHOO_JR posts small blind 10
MathisKcr posts big blind 20
Dealt to MathisKcr [6c 5c]
*** PRE-FLOP *** 
Badgepioche calls 20
ANTHOO_JR raises 30 to 50
MathisKcr folds
Badgepioche calls 30
*** FLOP *** [9s Jd 7d]
ANTHOO_JR bets 78
Badgepioche folds
ANTHOO_JR collected 198 from pot
*** SUMMARY ***
Total pot 198 | No rake
Board: [9s Jd 7d]
Seat 3: ANTHOO_JR (small blind) won 198


Winamax Poker - Tournament "Expresso Nitro" buyIn: 0.93€ + 0.07€ level: 1 - HandId: #4698403194840023041-2-1775913186 - Holdem no limit (10/20) - 2026/04/11 13:13:06 UTC
Table: 'Expresso Nitro(1093932240)#0' 3-max (real money) Seat #3 is the button
Seat 1: MathisKcr (280)
Seat 2: Badgepioche (250)
Seat 3: ANTHOO_JR (370)
*** ANTE/BLINDS ***
MathisKcr posts small blind 10
Badgepioche posts big blind 20
Dealt to MathisKcr [Tc Qd]
*** PRE-FLOP *** 
ANTHOO_JR calls 20
MathisKcr raises 260 to 280 and is all-in
Badgepioche calls 230 and is all-in
ANTHOO_JR folds
*** FLOP *** [Ah 9c 4s]
*** TURN *** [Ah 9c 4s][Jd]
*** RIVER *** [Ah 9c 4s Jd][4c]
*** SHOW DOWN ***
MathisKcr shows [Tc Qd] (One pair : 4)
Badgepioche shows [6c As] (Two pairs : Aces and 4)
Badgepioche collected 520 from main pot
MathisKcr collected 30 from side pot 1
*** SUMMARY ***
Total pot 550 | No rake
Board: [Ah 9c 4s Jd 4c]
Seat 1: MathisKcr (small blind) showed [Tc Qd] and won 30 with One pair : 4
Seat 2: Badgepioche (big blind) showed [6c As] and won 520 with Two pairs : Aces and 4


Winamax Poker - Tournament "Expresso Nitro" buyIn: 0.93€ + 0.07€ level: 1 - HandId: #4698403194840023041-3-1775913200 - Holdem no limit (10/20) - 2026/04/11 13:13:20 UTC
Table: 'Expresso Nitro(1093932240)#0' 3-max (real money) Seat #1 is the button
Seat 1: MathisKcr (30)
Seat 2: Badgepioche (520)
Seat 3: ANTHOO_JR (350)
*** ANTE/BLINDS ***
Badgepioche posts small blind 10
ANTHOO_JR posts big blind 20
Dealt to MathisKcr [2s Th]
*** PRE-FLOP *** 
MathisKcr folds
Badgepioche folds
ANTHOO_JR collected 30 from pot
*** SUMMARY ***
Total pot 30 | No rake
Seat 3: ANTHOO_JR (big blind) won 30


Winamax Poker - Tournament "Expresso Nitro" buyIn: 0.93€ + 0.07€ level: 1 - HandId: #4698403194840023041-4-1775913207 - Holdem no limit (10/20) - 2026/04/11 13:13:27 UTC
Table: 'Expresso Nitro(1093932240)#0' 3-max (real money) Seat #2 is the button
Seat 1: MathisKcr (30)
Seat 2: Badgepioche (510)
Seat 3: ANTHOO_JR (360)
*** ANTE/BLINDS ***
ANTHOO_JR posts small blind 10
MathisKcr posts big blind 20
Dealt to MathisKcr [Ts 9s]
*** PRE-FLOP *** 
Badgepioche calls 20
ANTHOO_JR raises 340 to 360 and is all-in
MathisKcr calls 10 and is all-in
Badgepioche folds
*** FLOP *** [6c Kh 3s]
*** TURN *** [6c Kh 3s][Js]
*** RIVER *** [6c Kh 3s Js][Td]
*** SHOW DOWN ***
MathisKcr shows [Ts 9s] (One pair : Tens)
ANTHOO_JR shows [Jc Ah] (One pair : Jacks)
ANTHOO_JR collected 410 from pot
*** SUMMARY ***
Total pot 410 | No rake
Board: [6c Kh 3s Js Td]
Seat 1: MathisKcr (big blind) showed [Ts 9s] and lost with One pair : Tens
Seat 3: ANTHOO_JR (small blind) showed [Jc Ah] and won 410 with One pair : Jacks


