Winamax Poker - Tournament "Expresso Nitro" buyIn: 0.23€ + 0.02€ level: 1 - HandId: #4677412667462254593-1-1775133951 - Holdem no limit (10/20) - 2026/04/02 12:45:51 UTC
Table: 'Expresso Nitro(1089045002)#0' 3-max (real money) Seat #2 is the button
Seat 1: MathisKcr (300)
Seat 2: lj.61 (300)
Seat 3: Nnitaz (300)
*** ANTE/BLINDS ***
Nnitaz posts small blind 10
MathisKcr posts big blind 20
Dealt to MathisKcr [Kc 6c]
*** PRE-FLOP *** 
lj.61 raises 280 to 300 and is all-in
Nnitaz calls 290 and is all-in
MathisKcr calls 280 and is all-in
*** FLOP *** [Qd 2d As]
*** TURN *** [Qd 2d As][9d]
*** RIVER *** [Qd 2d As 9d][7h]
*** SHOW DOWN ***
MathisKcr shows [Kc 6c] (High card : Ace)
lj.61 shows [4h Qc] (One pair : Queens)
Nnitaz shows [4d Kd] (Flush King high)
Nnitaz collected 900 from pot
*** SUMMARY ***
Total pot 900 | No rake
Board: [Qd 2d As 9d 7h]
Seat 1: MathisKcr (big blind) showed [Kc 6c] and lost with High card : Ace
Seat 2: lj.61 (button) showed [4h Qc] and lost with One pair : Queens
Seat 3: Nnitaz (small blind) showed [4d Kd] and won 900 with Flush King high


