Winamax Poker - Tournament "SPACE KO" buyIn: 0.90€ + 0.10€ level: 1 - HandId: #4633397322921803856-1-1776110416 - Holdem no limit (25/100/200) - 2026/04/13 20:00:16 UTC
Table: 'SPACE KO(1078796881)#079' 6-max (real money) Seat #5 is the button
Seat 1: manu74200 (20000, 0.50€ bounty)
Seat 2: Pepone ONE (20000, 0.50€ bounty)
Seat 3: RATIONAL. (20000, 0.50€ bounty)
Seat 4: MathisKcr (20000, 0.50€ bounty)
Seat 5: Cafeines (20000, 0.50€ bounty)
Seat 6: - Rocky Naze (20000, 0.50€ bounty)
*** ANTE/BLINDS ***
- Rocky Naze posts ante 25
RATIONAL. posts ante 25
MathisKcr posts ante 25
Cafeines posts ante 25
- Rocky Naze posts small blind 100
RATIONAL. posts big blind 200
Dealt to MathisKcr [Jh 3c]
*** PRE-FLOP *** 
MathisKcr folds
Cafeines folds
- Rocky Naze raises 19775 to 19975 and is all-in
RATIONAL. folds
- Rocky Naze collected 20275 from pot
*** SUMMARY ***
Total pot 20275 | No rake
Seat 6: - Rocky Naze (small blind) won 20275


Winamax Poker - Tournament "SPACE KO" buyIn: 0.90€ + 0.10€ level: 1 - HandId: #4633397322921803856-2-1776110430 - Holdem no limit (25/100/200) - 2026/04/13 20:00:30 UTC
Table: 'SPACE KO(1078796881)#079' 6-max (real money) Seat #6 is the button
Seat 1: manu74200 (20000, 0.50€ bounty)
Seat 2: Pepone ONE (20000, 0.50€ bounty)
Seat 4: MathisKcr (19975, 0.50€ bounty)
Seat 5: Cafeines (19975, 0.50€ bounty)
Seat 6: - Rocky Naze (20275, 0.50€ bounty)
*** ANTE/BLINDS ***
MathisKcr posts ante 25
Cafeines posts ante 25
- Rocky Naze posts ante 25
MathisKcr posts big blind 200
Dealt to MathisKcr [Td 6s]
*** PRE-FLOP *** 
Cafeines folds
- Rocky Naze folds
MathisKcr collected 275 from pot
*** SUMMARY ***
Total pot 275 | No rake
Seat 4: MathisKcr (big blind) won 275


Winamax Poker - Tournament "SPACE KO" buyIn: 0.90€ + 0.10€ level: 1 - HandId: #4633397322921803861-1-1776110447 - Holdem no limit (25/100/200) - 2026/04/13 20:00:47 UTC
Table: 'SPACE KO(1078796881)#084' 6-max (real money) Seat #3 is the button
Seat 2: MathisKcr (20025, 0.50€ bounty)
Seat 3: Chesterini (19975, 0.50€ bounty)
Seat 5: Rami_cha (20000, 0.50€ bounty)
*** ANTE/BLINDS ***
Rami_cha posts ante 25
MathisKcr posts ante 25
Chesterini posts ante 25
Rami_cha posts small blind 100
MathisKcr posts big blind 200
Dealt to MathisKcr [6c 7s]
*** PRE-FLOP *** 
Chesterini raises 300 to 500
Rami_cha folds
MathisKcr calls 300
*** FLOP *** [2h 3h Ad]
MathisKcr checks
Chesterini bets 411
MathisKcr folds
Chesterini collected 1586 from pot
*** SUMMARY ***
Total pot 1586 | No rake
Board: [2h 3h Ad]
Seat 3: Chesterini (button) won 1586


Winamax Poker - Tournament "SPACE KO" buyIn: 0.90€ + 0.10€ level: 1 - HandId: #4633397322921803861-2-1776110520 - Holdem no limit (25/100/200) - 2026/04/13 20:02:00 UTC
Table: 'SPACE KO(1078796881)#084' 6-max (real money) Seat #5 is the button
Seat 2: MathisKcr (19500, 0.50€ bounty)
Seat 3: Chesterini (20625, 0.50€ bounty)
Seat 4: Juda_bricot2 (20000, 0.50€ bounty)
Seat 5: Rami_cha (19875, 0.50€ bounty)
Seat 6: JF Zeus94567 (20000, 0.50€ bounty)
*** ANTE/BLINDS ***
MathisKcr posts ante 25
Chesterini posts ante 25
Juda_bricot2 posts ante 25
Rami_cha posts ante 25
MathisKcr posts small blind 100
Chesterini posts big blind 200
Dealt to MathisKcr [2h 5c]
*** PRE-FLOP *** 
Juda_bricot2 calls 200
Rami_cha raises 200 to 400
MathisKcr folds
Chesterini calls 200
Juda_bricot2 calls 200
*** FLOP *** [Kh 9s 9d]
Chesterini checks
Juda_bricot2 bets 490
Rami_cha folds
Chesterini folds
Juda_bricot2 collected 1890 from pot
*** SUMMARY ***
Total pot 1890 | No rake
Board: [Kh 9s 9d]
Seat 4: Juda_bricot2 won 1890


Winamax Poker - Tournament "SPACE KO" buyIn: 0.90€ + 0.10€ level: 1 - HandId: #4633397322921803861-3-1776110578 - Holdem no limit (25/100/200) - 2026/04/13 20:02:58 UTC
Table: 'SPACE KO(1078796881)#084' 6-max (real money) Seat #2 is the button
Seat 1: REGULAATOR (20000, 0.50€ bounty)
Seat 2: MathisKcr (19375, 0.50€ bounty)
Seat 3: Chesterini (20200, 0.50€ bounty)
Seat 4: Juda_bricot2 (20975, 0.50€ bounty)
Seat 5: Rami_cha (19450, 0.50€ bounty)
Seat 6: JF Zeus94567 (20000, 0.50€ bounty)
*** ANTE/BLINDS ***
Chesterini posts ante 25
Juda_bricot2 posts ante 25
REGULAATOR posts ante 25
MathisKcr posts ante 25
Rami_cha posts ante 25
JF Zeus94567 posts ante 25
Chesterini posts small blind 100
Juda_bricot2 posts big blind 200
Dealt to MathisKcr [Qc Ks]
*** PRE-FLOP *** 
Rami_cha folds
JF Zeus94567 raises 300 to 500
REGULAATOR folds
MathisKcr calls 500
Chesterini folds
Juda_bricot2 folds
*** FLOP *** [Qs 4s As]
JF Zeus94567 bets 507
MathisKcr calls 507
*** TURN *** [Qs 4s As][5c]
JF Zeus94567 bets 862
MathisKcr calls 862
*** RIVER *** [Qs 4s As 5c][Qh]
JF Zeus94567 bets 1466
MathisKcr raises 4066 to 5532
JF Zeus94567 folds
MathisKcr collected 11186 from pot
*** SUMMARY ***
Total pot 11186 | No rake
Board: [Qs 4s As 5c Qh]
Seat 2: MathisKcr (button) won 11186


Winamax Poker - Tournament "SPACE KO" buyIn: 0.90€ + 0.10€ level: 1 - HandId: #4633397322921803861-4-1776110694 - Holdem no limit (25/100/200) - 2026/04/13 20:04:54 UTC
Table: 'SPACE KO(1078796881)#084' 6-max (real money) Seat #3 is the button
Seat 1: REGULAATOR (19975, 0.50€ bounty)
Seat 2: MathisKcr (23135, 0.50€ bounty)
Seat 3: Chesterini (20075, 0.50€ bounty)
Seat 4: Juda_bricot2 (20750, 0.50€ bounty)
Seat 5: Rami_cha (19425, 0.50€ bounty)
Seat 6: JF Zeus94567 (16640, 0.50€ bounty)
*** ANTE/BLINDS ***
Juda_bricot2 posts ante 25
Rami_cha posts ante 25
REGULAATOR posts ante 25
MathisKcr posts ante 25
Chesterini posts ante 25
JF Zeus94567 posts ante 25
Juda_bricot2 posts small blind 100
Rami_cha posts big blind 200
Dealt to MathisKcr [7s 3c]
*** PRE-FLOP *** 
JF Zeus94567 folds
REGULAATOR folds
MathisKcr folds
Chesterini folds
Juda_bricot2 folds
Rami_cha collected 450 from pot
*** SUMMARY ***
Total pot 450 | No rake
Seat 5: Rami_cha (big blind) won 450


Winamax Poker - Tournament "SPACE KO" buyIn: 0.90€ + 0.10€ level: 1 - HandId: #4633397322921803861-5-1776110726 - Holdem no limit (25/100/200) - 2026/04/13 20:05:26 UTC
Table: 'SPACE KO(1078796881)#084' 6-max (real money) Seat #4 is the button
Seat 1: REGULAATOR (19950, 0.50€ bounty)
Seat 2: MathisKcr (23110, 0.50€ bounty)
Seat 3: Chesterini (20050, 0.50€ bounty)
Seat 4: Juda_bricot2 (20625, 0.50€ bounty)
Seat 5: Rami_cha (19650, 0.50€ bounty)
Seat 6: JF Zeus94567 (16615, 0.50€ bounty)
*** ANTE/BLINDS ***
Rami_cha posts ante 25
JF Zeus94567 posts ante 25
REGULAATOR posts ante 25
MathisKcr posts ante 25
Chesterini posts ante 25
Juda_bricot2 posts ante 25
Rami_cha posts small blind 100
JF Zeus94567 posts big blind 200
Dealt to MathisKcr [6h 6c]
*** PRE-FLOP *** 
REGULAATOR folds
MathisKcr raises 200 to 400
Chesterini folds
Juda_bricot2 calls 400
Rami_cha calls 300
JF Zeus94567 raises 16190 to 16590 and is all-in
MathisKcr folds
Juda_bricot2 calls 16190
Rami_cha folds
*** FLOP *** [2d 5d 8c]
*** TURN *** [2d 5d 8c][2c]
*** RIVER *** [2d 5d 8c 2c][Ts]
*** SHOW DOWN ***
JF Zeus94567 shows [Jd Ks] (One pair : 2)
Juda_bricot2 shows [Th Qc] (Two pairs : Tens and 2)
Juda_bricot2 collected 34130 from pot
*** SUMMARY ***
Total pot 34130 | No rake
Board: [2d 5d 8c 2c Ts]
Seat 4: Juda_bricot2 (button) showed [Th Qc] and won 34130 with Two pairs : Tens and 2
Seat 6: JF Zeus94567 (big blind) showed [Jd Ks] and lost with One pair : 2


Winamax Poker - Tournament "SPACE KO" buyIn: 0.90€ + 0.10€ level: 1 - HandId: #4633397322921803861-6-1776110798 - Holdem no limit (25/100/200) - 2026/04/13 20:06:38 UTC
Table: 'SPACE KO(1078796881)#084' 6-max (real money) Seat #5 is the button
Seat 1: REGULAATOR (19925, 0.50€ bounty)
Seat 2: MathisKcr (22685, 0.50€ bounty)
Seat 3: Chesterini (20025, 0.50€ bounty)
Seat 4: Juda_bricot2 (38140, 0.60€ bounty)
Seat 5: Rami_cha (19225, 0.50€ bounty)
*** ANTE/BLINDS ***
REGULAATOR posts ante 25
MathisKcr posts ante 25
Chesterini posts ante 25
Juda_bricot2 posts ante 25
Rami_cha posts ante 25
REGULAATOR posts big blind 200
Dealt to MathisKcr [Kh 5h]
*** PRE-FLOP *** 
MathisKcr raises 200 to 400
Chesterini raises 1000 to 1400
Juda_bricot2 calls 1400
Rami_cha folds
REGULAATOR folds
MathisKcr folds
*** FLOP *** [9s 5s Kc]
Chesterini bets 2063
Juda_bricot2 calls 2063
*** TURN *** [9s 5s Kc][4c]
Chesterini checks
Juda_bricot2 checks
*** RIVER *** [9s 5s Kc 4c][5c]
Chesterini checks
Juda_bricot2 checks
*** SHOW DOWN ***
Juda_bricot2 shows [Tc Jh] (One pair : 5)
Chesterini shows [As 4s] (Two pairs : 5 and 4)
Chesterini collected 7651 from pot
*** SUMMARY ***
Total pot 7651 | No rake
Board: [9s 5s Kc 4c 5c]
Seat 3: Chesterini showed [As 4s] and won 7651 with Two pairs : 5 and 4
Seat 4: Juda_bricot2 showed [Tc Jh] and lost with One pair : 5


Winamax Poker - Tournament "SPACE KO" buyIn: 0.90€ + 0.10€ level: 1 - HandId: #4633397322921803861-7-1776110869 - Holdem no limit (25/100/200) - 2026/04/13 20:07:49 UTC
Table: 'SPACE KO(1078796881)#084' 6-max (real money) Seat #6 is the button
Seat 1: REGULAATOR (19700, 0.50€ bounty)
Seat 2: MathisKcr (22260, 0.50€ bounty)
Seat 3: Chesterini (24188, 0.50€ bounty)
Seat 4: Juda_bricot2 (34652, 0.60€ bounty)
Seat 5: Rami_cha (19200, 0.50€ bounty)
Seat 6: BVB57200 (20000, 0.50€ bounty)
*** ANTE/BLINDS ***
REGULAATOR posts ante 25
MathisKcr posts ante 25
Chesterini posts ante 25
Juda_bricot2 posts ante 25
Rami_cha posts ante 25
REGULAATOR posts small blind 100
MathisKcr posts big blind 200
Dealt to MathisKcr [Jc 3h]
*** PRE-FLOP *** 
Chesterini raises 200 to 400
Juda_bricot2 calls 400
Rami_cha folds
REGULAATOR calls 300
MathisKcr calls 200
*** FLOP *** [9d 7c 9h]
REGULAATOR checks
MathisKcr checks
Chesterini checks
Juda_bricot2 bets 604
REGULAATOR calls 604
MathisKcr folds
Chesterini folds
*** TURN *** [9d 7c 9h][4d]
REGULAATOR bets 733
Juda_bricot2 raises 2603 to 3336
REGULAATOR folds
Juda_bricot2 collected 7002 from pot
*** SUMMARY ***
Total pot 7002 | No rake
Board: [9d 7c 9h 4d]
Seat 4: Juda_bricot2 won 7002


Winamax Poker - Tournament "SPACE KO" buyIn: 0.90€ + 0.10€ level: 1 - HandId: #4633397322921803861-8-1776111002 - Holdem no limit (25/100/200) - 2026/04/13 20:10:02 UTC
Table: 'SPACE KO(1078796881)#084' 6-max (real money) Seat #1 is the button
Seat 1: REGULAATOR (17938, 0.50€ bounty)
Seat 2: MathisKcr (21835, 0.50€ bounty)
Seat 3: Chesterini (23763, 0.50€ bounty)
Seat 4: Juda_bricot2 (37289, 0.60€ bounty)
Seat 5: Rami_cha (19175, 0.50€ bounty)
Seat 6: BVB57200 (20000, 0.50€ bounty)
*** ANTE/BLINDS ***
MathisKcr posts ante 25
Chesterini posts ante 25
REGULAATOR posts ante 25
Juda_bricot2 posts ante 25
Rami_cha posts ante 25
BVB57200 posts ante 25
MathisKcr posts small blind 100
Chesterini posts big blind 200
Dealt to MathisKcr [6h 2h]
*** PRE-FLOP *** 
Juda_bricot2 folds
Rami_cha folds
BVB57200 calls 200
REGULAATOR folds
MathisKcr folds
Chesterini raises 650 to 850
BVB57200 calls 650
*** FLOP *** [9c 6d 8c]
Chesterini bets 975
BVB57200 calls 975
*** TURN *** [9c 6d 8c][Kc]
Chesterini bets 1665
BVB57200 calls 1665
*** RIVER *** [9c 6d 8c Kc][Js]
Chesterini checks
BVB57200 bets 7230
Chesterini folds
BVB57200 collected 14460 from pot
*** SUMMARY ***
Total pot 14460 | No rake
Board: [9c 6d 8c Kc Js]
Seat 6: BVB57200 won 14460


Winamax Poker - Tournament "SPACE KO" buyIn: 0.90€ + 0.10€ level: 1 - HandId: #4633397322921803861-9-1776111073 - Holdem no limit (25/100/200) - 2026/04/13 20:11:13 UTC
Table: 'SPACE KO(1078796881)#084' 6-max (real money) Seat #2 is the button
Seat 1: REGULAATOR (17913, 0.50€ bounty)
Seat 2: MathisKcr (21710, 0.50€ bounty)
Seat 3: Chesterini (20248, 0.50€ bounty)
Seat 4: Juda_bricot2 (37264, 0.60€ bounty)
Seat 5: Rami_cha (19150, 0.50€ bounty)
Seat 6: BVB57200 (23715, 0.50€ bounty)
*** ANTE/BLINDS ***
Chesterini posts ante 25
Juda_bricot2 posts ante 25
REGULAATOR posts ante 25
MathisKcr posts ante 25
Rami_cha posts ante 25
BVB57200 posts ante 25
Chesterini posts small blind 100
Juda_bricot2 posts big blind 200
Dealt to MathisKcr [9c Ts]
*** PRE-FLOP *** 
Rami_cha folds
BVB57200 folds
REGULAATOR folds
MathisKcr raises 200 to 400
Chesterini calls 300
Juda_bricot2 calls 200
*** FLOP *** [4d Td 9s]
Chesterini checks
Juda_bricot2 bets 878
MathisKcr calls 878
Chesterini calls 878
*** TURN *** [4d Td 9s][6h]
Chesterini checks
Juda_bricot2 bets 1394
MathisKcr calls 1394
Chesterini calls 1394
*** RIVER *** [4d Td 9s 6h][9h]
Chesterini checks
Juda_bricot2 checks
MathisKcr bets 2858
Chesterini folds
Juda_bricot2 folds
MathisKcr collected 11024 from pot
*** SUMMARY ***
Total pot 11024 | No rake
Board: [4d Td 9s 6h 9h]
Seat 2: MathisKcr (button) won 11024


Winamax Poker - Tournament "SPACE KO" buyIn: 0.90€ + 0.10€ level: 1 - HandId: #4633397322921803861-10-1776111161 - Holdem no limit (25/100/200) - 2026/04/13 20:12:41 UTC
Table: 'SPACE KO(1078796881)#084' 6-max (real money) Seat #3 is the button
Seat 1: REGULAATOR (17888, 0.50€ bounty)
Seat 2: MathisKcr (27179, 0.50€ bounty)
Seat 3: Chesterini (17551, 0.50€ bounty)
Seat 4: Juda_bricot2 (34567, 0.60€ bounty)
Seat 5: Rami_cha (19125, 0.50€ bounty)
Seat 6: BVB57200 (23690, 0.50€ bounty)
*** ANTE/BLINDS ***
Juda_bricot2 posts ante 25
Rami_cha posts ante 25
REGULAATOR posts ante 25
MathisKcr posts ante 25
Chesterini posts ante 25
BVB57200 posts ante 25
Juda_bricot2 posts small blind 100
Rami_cha posts big blind 200
Dealt to MathisKcr [6h 4c]
*** PRE-FLOP *** 
BVB57200 raises 650 to 850
REGULAATOR calls 850
MathisKcr folds
Chesterini folds
Juda_bricot2 folds
Rami_cha raises 18250 to 19100 and is all-in
BVB57200 calls 18250
REGULAATOR folds
*** FLOP *** [7h 3c Th]
*** TURN *** [7h 3c Th][Tc]
*** RIVER *** [7h 3c Th Tc][3s]
*** SHOW DOWN ***
Rami_cha shows [Ac Kh] (Two pairs : Tens and 3)
BVB57200 shows [As 8s] (Two pairs : Tens and 3)
BVB57200 collected 19650 from pot
Rami_cha collected 19650 from pot
*** SUMMARY ***
Total pot 39300 | No rake
Board: [7h 3c Th Tc 3s]
Seat 5: Rami_cha (big blind) showed [Ac Kh] and won 19650 with Two pairs : Tens and 3
Seat 6: BVB57200 showed [As 8s] and won 19650 with Two pairs : Tens and 3


Winamax Poker - Tournament "SPACE KO" buyIn: 0.90€ + 0.10€ level: 1 - HandId: #4633397322921803861-11-1776111246 - Holdem no limit (25/100/200) - 2026/04/13 20:14:06 UTC
Table: 'SPACE KO(1078796881)#084' 6-max (real money) Seat #4 is the button
Seat 1: REGULAATOR (17013, 0.50€ bounty)
Seat 2: MathisKcr (27154, 0.50€ bounty)
Seat 3: Chesterini (17526, 0.50€ bounty)
Seat 4: Juda_bricot2 (34442, 0.60€ bounty)
Seat 5: Rami_cha (19650, 0.50€ bounty)
Seat 6: BVB57200 (24215, 0.50€ bounty)
*** ANTE/BLINDS ***
Rami_cha posts ante 25
BVB57200 posts ante 25
REGULAATOR posts ante 25
MathisKcr posts ante 25
Chesterini posts ante 25
Juda_bricot2 posts ante 25
Rami_cha posts small blind 100
BVB57200 posts big blind 200
Dealt to MathisKcr [Ts 9s]
*** PRE-FLOP *** 
REGULAATOR folds
MathisKcr raises 200 to 400
Chesterini folds
Juda_bricot2 calls 400
Rami_cha folds
BVB57200 folds
*** FLOP *** [Kh 7d Qd]
MathisKcr checks
Juda_bricot2 bets 200
MathisKcr calls 200
*** TURN *** [Kh 7d Qd][4d]
MathisKcr checks
Juda_bricot2 checks
*** RIVER *** [Kh 7d Qd 4d][5h]
MathisKcr bets 1073
Juda_bricot2 folds
MathisKcr collected 2723 from pot
*** SUMMARY ***
Total pot 2723 | No rake
Board: [Kh 7d Qd 4d 5h]
Seat 2: MathisKcr won 2723


Winamax Poker - Tournament "SPACE KO" buyIn: 0.90€ + 0.10€ level: 1 - HandId: #4633397322921803861-12-1776111361 - Holdem no limit (25/100/200) - 2026/04/13 20:16:01 UTC
Table: 'SPACE KO(1078796881)#084' 6-max (real money) Seat #5 is the button
Seat 1: REGULAATOR (16988, 0.50€ bounty)
Seat 2: MathisKcr (28179, 0.50€ bounty)
Seat 3: Chesterini (17501, 0.50€ bounty)
Seat 4: Juda_bricot2 (33817, 0.60€ bounty)
Seat 5: Rami_cha (19525, 0.50€ bounty)
Seat 6: BVB57200 (23990, 0.50€ bounty)
*** ANTE/BLINDS ***
BVB57200 posts ante 25
REGULAATOR posts ante 25
MathisKcr posts ante 25
Chesterini posts ante 25
Juda_bricot2 posts ante 25
Rami_cha posts ante 25
BVB57200 posts small blind 100
REGULAATOR posts big blind 200
Dealt to MathisKcr [4d 7d]
*** PRE-FLOP *** 
MathisKcr folds
Chesterini raises 200 to 400
Juda_bricot2 folds
Rami_cha folds
BVB57200 calls 300
REGULAATOR calls 200
*** FLOP *** [Td Tc 4s]
BVB57200 checks
REGULAATOR checks
Chesterini bets 372
BVB57200 folds
REGULAATOR folds
Chesterini collected 1722 from pot
*** SUMMARY ***
Total pot 1722 | No rake
Board: [Td Tc 4s]
Seat 3: Chesterini won 1722


Winamax Poker - Tournament "SPACE KO" buyIn: 0.90€ + 0.10€ level: 1 - HandId: #4633397322921803861-13-1776111407 - Holdem no limit (25/100/200) - 2026/04/13 20:16:47 UTC
Table: 'SPACE KO(1078796881)#084' 6-max (real money) Seat #6 is the button
Seat 1: REGULAATOR (16563, 0.50€ bounty)
Seat 2: MathisKcr (28154, 0.50€ bounty)
Seat 3: Chesterini (18426, 0.50€ bounty)
Seat 4: Juda_bricot2 (33792, 0.60€ bounty)
Seat 5: Rami_cha (19500, 0.50€ bounty)
Seat 6: BVB57200 (23565, 0.50€ bounty)
*** ANTE/BLINDS ***
REGULAATOR posts ante 25
MathisKcr posts ante 25
Chesterini posts ante 25
Juda_bricot2 posts ante 25
Rami_cha posts ante 25
BVB57200 posts ante 25
REGULAATOR posts small blind 100
MathisKcr posts big blind 200
Dealt to MathisKcr [9h As]
*** PRE-FLOP *** 
Chesterini folds
Juda_bricot2 folds
Rami_cha folds
BVB57200 calls 200
REGULAATOR folds
MathisKcr raises 200 to 400
BVB57200 calls 200
*** FLOP *** [Qh 9s 9d]
MathisKcr bets 368
BVB57200 calls 368
*** TURN *** [Qh 9s 9d][2d]
MathisKcr checks
BVB57200 bets 1786
MathisKcr calls 1786
*** RIVER *** [Qh 9s 9d 2d][5h]
MathisKcr bets 2679
BVB57200 calls 2679
*** SHOW DOWN ***
BVB57200 shows [Jh Kh] (One pair : 9)
MathisKcr shows [9h As] (Trips of 9)
MathisKcr collected 10716 from pot
*** SUMMARY ***
Total pot 10716 | No rake
Board: [Qh 9s 9d 2d 5h]
Seat 2: MathisKcr (big blind) showed [9h As] and won 10716 with Trips of 9
Seat 6: BVB57200 (button) showed [Jh Kh] and lost with One pair : 9


Winamax Poker - Tournament "SPACE KO" buyIn: 0.90€ + 0.10€ level: 1 - HandId: #4633397322921803861-14-1776111508 - Holdem no limit (25/100/200) - 2026/04/13 20:18:28 UTC
Table: 'SPACE KO(1078796881)#084' 6-max (real money) Seat #1 is the button
Seat 1: REGULAATOR (16438, 0.50€ bounty)
Seat 2: MathisKcr (33612, 0.50€ bounty)
Seat 3: Chesterini (18401, 0.50€ bounty)
Seat 4: Juda_bricot2 (33767, 0.60€ bounty)
Seat 5: Rami_cha (19475, 0.50€ bounty)
Seat 6: BVB57200 (18307, 0.50€ bounty)
*** ANTE/BLINDS ***
MathisKcr posts ante 25
Chesterini posts ante 25
REGULAATOR posts ante 25
Juda_bricot2 posts ante 25
Rami_cha posts ante 25
BVB57200 posts ante 25
MathisKcr posts small blind 100
Chesterini posts big blind 200
Dealt to MathisKcr [Th Jc]
*** PRE-FLOP *** 
Juda_bricot2 calls 200
Rami_cha folds
BVB57200 calls 200
REGULAATOR folds
MathisKcr raises 200 to 400
Chesterini folds
Juda_bricot2 calls 200
BVB57200 calls 200
*** FLOP *** [8h 3h 5d]
MathisKcr checks
Juda_bricot2 bets 1008
BVB57200 folds
MathisKcr folds
Juda_bricot2 collected 2558 from pot
*** SUMMARY ***
Total pot 2558 | No rake
Board: [8h 3h 5d]
Seat 4: Juda_bricot2 won 2558


Winamax Poker - Tournament "SPACE KO" buyIn: 0.90€ + 0.10€ level: 2 - HandId: #4633397322921803861-15-1776111602 - Holdem no limit (30/125/250) - 2026/04/13 20:20:02 UTC
Table: 'SPACE KO(1078796881)#084' 6-max (real money) Seat #2 is the button
Seat 1: REGULAATOR (16413, 0.50€ bounty)
Seat 2: MathisKcr (33187, 0.50€ bounty)
Seat 3: Chesterini (18176, 0.50€ bounty)
Seat 4: Juda_bricot2 (34892, 0.60€ bounty)
Seat 5: Rami_cha (19450, 0.50€ bounty)
Seat 6: BVB57200 (17882, 0.50€ bounty)
*** ANTE/BLINDS ***
Chesterini posts ante 30
Juda_bricot2 posts ante 30
REGULAATOR posts ante 30
MathisKcr posts ante 30
Rami_cha posts ante 30
BVB57200 posts ante 30
Chesterini posts small blind 125
Juda_bricot2 posts big blind 250
Dealt to MathisKcr [7h 6s]
*** PRE-FLOP *** 
Rami_cha raises 250 to 500
BVB57200 folds
REGULAATOR folds
MathisKcr folds
Chesterini folds
Juda_bricot2 folds
Rami_cha collected 1055 from pot
*** SUMMARY ***
Total pot 1055 | No rake
Seat 5: Rami_cha won 1055


Winamax Poker - Tournament "SPACE KO" buyIn: 0.90€ + 0.10€ level: 2 - HandId: #4633397322921803861-16-1776111665 - Holdem no limit (30/125/250) - 2026/04/13 20:21:05 UTC
Table: 'SPACE KO(1078796881)#084' 6-max (real money) Seat #3 is the button
Seat 1: REGULAATOR (16383, 0.50€ bounty)
Seat 2: MathisKcr (33157, 0.50€ bounty)
Seat 3: Chesterini (18021, 0.50€ bounty)
Seat 4: Juda_bricot2 (34612, 0.60€ bounty)
Seat 5: Rami_cha (19975, 0.50€ bounty)
Seat 6: BVB57200 (17852, 0.50€ bounty)
*** ANTE/BLINDS ***
Juda_bricot2 posts ante 30
Rami_cha posts ante 30
REGULAATOR posts ante 30
MathisKcr posts ante 30
Chesterini posts ante 30
BVB57200 posts ante 30
Juda_bricot2 posts small blind 125
Rami_cha posts big blind 250
Dealt to MathisKcr [Jc Td]
*** PRE-FLOP *** 
BVB57200 calls 250
REGULAATOR folds
MathisKcr raises 250 to 500
Chesterini folds
Juda_bricot2 folds
Rami_cha folds
BVB57200 calls 250
*** FLOP *** [Tc 6c 2c]
BVB57200 bets 1555
MathisKcr calls 1555
*** TURN *** [Tc 6c 2c][7d]
BVB57200 bets 4665
MathisKcr calls 4665
*** RIVER *** [Tc 6c 2c 7d][5s]
BVB57200 checks
MathisKcr checks
*** SHOW DOWN ***
MathisKcr shows [Jc Td] (One pair : Tens)
BVB57200 shows [8c Kc] (Flush King high)
BVB57200 collected 13995 from pot
*** SUMMARY ***
Total pot 13995 | No rake
Board: [Tc 6c 2c 7d 5s]
Seat 2: MathisKcr showed [Jc Td] and lost with One pair : Tens
Seat 6: BVB57200 showed [8c Kc] and won 13995 with Flush King high


Winamax Poker - Tournament "SPACE KO" buyIn: 0.90€ + 0.10€ level: 2 - HandId: #4633397322921803861-17-1776111721 - Holdem no limit (30/125/250) - 2026/04/13 20:22:01 UTC
Table: 'SPACE KO(1078796881)#084' 6-max (real money) Seat #4 is the button
Seat 1: REGULAATOR (16353, 0.50€ bounty)
Seat 2: MathisKcr (26407, 0.50€ bounty)
Seat 3: Chesterini (17991, 0.50€ bounty)
Seat 4: Juda_bricot2 (34457, 0.60€ bounty)
Seat 5: Rami_cha (19695, 0.50€ bounty)
Seat 6: BVB57200 (25097, 0.50€ bounty)
*** ANTE/BLINDS ***
Rami_cha posts ante 30
BVB57200 posts ante 30
REGULAATOR posts ante 30
MathisKcr posts ante 30
Chesterini posts ante 30
Juda_bricot2 posts ante 30
Rami_cha posts small blind 125
BVB57200 posts big blind 250
Dealt to MathisKcr [Ac 2h]
*** PRE-FLOP *** 
REGULAATOR folds
MathisKcr raises 250 to 500
Chesterini folds
Juda_bricot2 folds
Rami_cha calls 375
BVB57200 calls 250
*** FLOP *** [Kd 9d Ah]
Rami_cha checks
BVB57200 checks
MathisKcr bets 588
Rami_cha folds
BVB57200 folds
MathisKcr collected 2268 from pot
*** SUMMARY ***
Total pot 2268 | No rake
Board: [Kd 9d Ah]
Seat 2: MathisKcr won 2268


Winamax Poker - Tournament "SPACE KO" buyIn: 0.90€ + 0.10€ level: 2 - HandId: #4633397322921803861-18-1776111767 - Holdem no limit (30/125/250) - 2026/04/13 20:22:47 UTC
Table: 'SPACE KO(1078796881)#084' 6-max (real money) Seat #5 is the button
Seat 1: REGULAATOR (16323, 0.50€ bounty)
Seat 2: MathisKcr (27557, 0.50€ bounty)
Seat 3: Chesterini (17961, 0.50€ bounty)
Seat 4: Juda_bricot2 (34427, 0.60€ bounty)
Seat 5: Rami_cha (19165, 0.50€ bounty)
Seat 6: BVB57200 (24567, 0.50€ bounty)
*** ANTE/BLINDS ***
BVB57200 posts ante 30
REGULAATOR posts ante 30
MathisKcr posts ante 30
Chesterini posts ante 30
Juda_bricot2 posts ante 30
Rami_cha posts ante 30
BVB57200 posts small blind 125
REGULAATOR posts big blind 250
Dealt to MathisKcr [9s 9d]
*** PRE-FLOP *** 
MathisKcr raises 250 to 500
Chesterini folds
Juda_bricot2 calls 500
Rami_cha folds
BVB57200 calls 375
REGULAATOR raises 1500 to 2000
MathisKcr calls 1500
Juda_bricot2 calls 1500
BVB57200 calls 1500
*** FLOP *** [Tc 3c 5d]
BVB57200 checks
REGULAATOR bets 2045
MathisKcr raises 23482 to 25527 and is all-in
Juda_bricot2 calls 25527
BVB57200 folds
REGULAATOR calls 12248 and is all-in
*** TURN *** [Tc 3c 5d][7h]
*** RIVER *** [Tc 3c 5d 7h][Kh]
*** SHOW DOWN ***
MathisKcr shows [9s 9d] (One pair : 9)
REGULAATOR shows [3s 3d] (Trips of 3)
Juda_bricot2 shows [Ad Ts] (One pair : Tens)
Juda_bricot2 collected 22468 from side pot 1
REGULAATOR collected 51059 from main pot
*** SUMMARY ***
Total pot 73527 | No rake
Board: [Tc 3c 5d 7h Kh]
Seat 1: REGULAATOR (big blind) showed [3s 3d] and won 51059 with Trips of 3
Seat 2: MathisKcr showed [9s 9d] and lost with One pair : 9
Seat 4: Juda_bricot2 showed [Ad Ts] and won 22468 with One pair : Tens


