Winamax Poker - Tournament "Expresso Nitro" buyIn: 0.93€ + 0.07€ level: 1 - HandId: #4661904923535867905-1-1774531235 - Holdem no limit (10/20) - 2026/03/26 13:20:35 UTC
Table: 'Expresso Nitro(1085434324)#0' 3-max (real money) Seat #1 is the button
Seat 1: Nadirii (300)
Seat 2: MathisKcr (300)
Seat 3: Gibbon.Bleu5 (300)
*** ANTE/BLINDS ***
MathisKcr posts small blind 10
Gibbon.Bleu5 posts big blind 20
Dealt to MathisKcr [Ah Jc]
*** PRE-FLOP *** 
Nadirii folds
MathisKcr raises 280 to 300 and is all-in
Gibbon.Bleu5 folds
MathisKcr collected 320 from pot
*** SUMMARY ***
Total pot 320 | No rake
Seat 2: MathisKcr (small blind) won 320


Winamax Poker - Tournament "Expresso Nitro" buyIn: 0.93€ + 0.07€ level: 1 - HandId: #4661904923535867905-2-1774531243 - Holdem no limit (10/20) - 2026/03/26 13:20:43 UTC
Table: 'Expresso Nitro(1085434324)#0' 3-max (real money) Seat #2 is the button
Seat 1: Nadirii (300)
Seat 2: MathisKcr (320)
Seat 3: Gibbon.Bleu5 (280)
*** ANTE/BLINDS ***
Gibbon.Bleu5 posts small blind 10
Nadirii posts big blind 20
Dealt to MathisKcr [4d 5d]
*** PRE-FLOP *** 
MathisKcr raises 20 to 40
Gibbon.Bleu5 calls 30
Nadirii calls 20
*** FLOP *** [3c 9h 5h]
Gibbon.Bleu5 checks
Nadirii bets 260 and is all-in
MathisKcr calls 260
Gibbon.Bleu5 calls 240 and is all-in
*** TURN *** [3c 9h 5h][Jh]
*** RIVER *** [3c 9h 5h Jh][7s]
*** SHOW DOWN ***
MathisKcr shows [4d 5d] (One pair : 5)
Nadirii shows [Tc 5c] (One pair : 5)
Gibbon.Bleu5 shows [7h Ah] (Flush Ace high)
Gibbon.Bleu5 collected 840 from main pot
Nadirii collected 40 from side pot 1
*** SUMMARY ***
Total pot 880 | No rake
Board: [3c 9h 5h Jh 7s]
Seat 1: Nadirii (big blind) showed [Tc 5c] and won 40 with One pair : 5
Seat 2: MathisKcr (button) showed [4d 5d] and lost with One pair : 5
Seat 3: Gibbon.Bleu5 (small blind) showed [7h Ah] and won 840 with Flush Ace high


Winamax Poker - Tournament "Expresso Nitro" buyIn: 0.93€ + 0.07€ level: 1 - HandId: #4661904923535867905-3-1774531267 - Holdem no limit (10/20) - 2026/03/26 13:21:07 UTC
Table: 'Expresso Nitro(1085434324)#0' 3-max (real money) Seat #3 is the button
Seat 1: Nadirii (40)
Seat 2: MathisKcr (20)
Seat 3: Gibbon.Bleu5 (840)
*** ANTE/BLINDS ***
Nadirii posts small blind 10
MathisKcr posts big blind 20 and is all-in
Dealt to MathisKcr [7d 9d]
*** PRE-FLOP *** 
Gibbon.Bleu5 raises 820 to 840 and is all-in
Nadirii folds
*** FLOP *** [Tc 7s Js]
*** TURN *** [Tc 7s Js][Kd]
*** RIVER *** [Tc 7s Js Kd][3d]
*** SHOW DOWN ***
MathisKcr shows [7d 9d] (One pair : 7)
Gibbon.Bleu5 shows [Jc 2s] (One pair : Jacks)
Gibbon.Bleu5 collected 870 from pot
*** SUMMARY ***
Total pot 870 | No rake
Board: [Tc 7s Js Kd 3d]
Seat 2: MathisKcr (big blind) showed [7d 9d] and lost with One pair : 7
Seat 3: Gibbon.Bleu5 (button) showed [Jc 2s] and won 870 with One pair : Jacks


