Winamax Poker - Tournament "Expresso Nitro" buyIn: 0.46€ + 0.04€ level: 1 - HandId: #4494712575530893313-1-1768318427 - Holdem no limit (10/20) - 2026/01/13 15:33:47 UTC
Table: 'Expresso Nitro(1046506822)#0' 3-max (real money) Seat #3 is the button
Seat 1: MathisKcr (300)
Seat 2: Solo Ranking (300)
Seat 3: Luz7779 (300)
*** ANTE/BLINDS ***
MathisKcr posts small blind 10
Solo Ranking posts big blind 20
Dealt to MathisKcr [Jh 4d]
*** PRE-FLOP *** 
Luz7779 calls 20
MathisKcr calls 10
Solo Ranking checks
*** FLOP *** [5c 8c 9h]
MathisKcr bets 40
Solo Ranking calls 40
Luz7779 folds
*** TURN *** [5c 8c 9h][As]
MathisKcr checks
Solo Ranking bets 70
MathisKcr folds
Solo Ranking collected 210 from pot
*** SUMMARY ***
Total pot 210 | No rake
Board: [5c 8c 9h As]
Seat 2: Solo Ranking (big blind) won 210


Winamax Poker - Tournament "Expresso Nitro" buyIn: 0.46€ + 0.04€ level: 1 - HandId: #4494712575530893313-2-1768318462 - Holdem no limit (10/20) - 2026/01/13 15:34:22 UTC
Table: 'Expresso Nitro(1046506822)#0' 3-max (real money) Seat #1 is the button
Seat 1: MathisKcr (240)
Seat 2: Solo Ranking (380)
Seat 3: Luz7779 (280)
*** ANTE/BLINDS ***
Solo Ranking posts small blind 10
Luz7779 posts big blind 20
Dealt to MathisKcr [8s 5h]
*** PRE-FLOP *** 
MathisKcr folds
Solo Ranking folds
Luz7779 collected 30 from pot
*** SUMMARY ***
Total pot 30 | No rake
Seat 3: Luz7779 (big blind) won 30


Winamax Poker - Tournament "Expresso Nitro" buyIn: 0.46€ + 0.04€ level: 1 - HandId: #4494712575530893313-3-1768318470 - Holdem no limit (10/20) - 2026/01/13 15:34:30 UTC
Table: 'Expresso Nitro(1046506822)#0' 3-max (real money) Seat #2 is the button
Seat 1: MathisKcr (240)
Seat 2: Solo Ranking (370)
Seat 3: Luz7779 (290)
*** ANTE/BLINDS ***
Luz7779 posts small blind 10
MathisKcr posts big blind 20
Dealt to MathisKcr [4s Js]
*** PRE-FLOP *** 
Solo Ranking raises 20 to 40
Luz7779 raises 250 to 290 and is all-in
MathisKcr folds
Solo Ranking folds
Luz7779 collected 350 from pot
*** SUMMARY ***
Total pot 350 | No rake
Seat 3: Luz7779 (small blind) won 350


Winamax Poker - Tournament "Expresso Nitro" buyIn: 0.46€ + 0.04€ level: 1 - HandId: #4494712575530893313-4-1768318483 - Holdem no limit (10/20) - 2026/01/13 15:34:43 UTC
Table: 'Expresso Nitro(1046506822)#0' 3-max (real money) Seat #3 is the button
Seat 1: MathisKcr (220)
Seat 2: Solo Ranking (330)
Seat 3: Luz7779 (350)
*** ANTE/BLINDS ***
MathisKcr posts small blind 10
Solo Ranking posts big blind 20
Dealt to MathisKcr [Ac 3h]
*** PRE-FLOP *** 
Luz7779 folds
MathisKcr raises 20 to 40
Solo Ranking calls 20
*** FLOP *** [Tc Ts 6h]
MathisKcr bets 40
Solo Ranking folds
MathisKcr collected 120 from pot
*** SUMMARY ***
Total pot 120 | No rake
Board: [Tc Ts 6h]
Seat 1: MathisKcr (small blind) won 120


Winamax Poker - Tournament "Expresso Nitro" buyIn: 0.46€ + 0.04€ level: 2 - HandId: #4494712575530893313-5-1768318501 - Holdem no limit (15/30) - 2026/01/13 15:35:01 UTC
Table: 'Expresso Nitro(1046506822)#0' 3-max (real money) Seat #1 is the button
Seat 1: MathisKcr (260)
Seat 2: Solo Ranking (290)
Seat 3: Luz7779 (350)
*** ANTE/BLINDS ***
Solo Ranking posts small blind 15
Luz7779 posts big blind 30
Dealt to MathisKcr [4d Jd]
*** PRE-FLOP *** 
MathisKcr raises 30 to 60
Solo Ranking folds
Luz7779 calls 30
*** FLOP *** [9d 5d Ah]
Luz7779 bets 290 and is all-in
MathisKcr calls 200 and is all-in
*** TURN *** [9d 5d Ah][6h]
*** RIVER *** [9d 5d Ah 6h][Td]
*** SHOW DOWN ***
MathisKcr shows [4d Jd] (Flush Jack high)
Luz7779 shows [9s Kh] (One pair : 9)
Luz7779 collected 90 from side pot 1
MathisKcr collected 535 from main pot
*** SUMMARY ***
Total pot 625 | No rake
Board: [9d 5d Ah 6h Td]
Seat 1: MathisKcr (button) showed [4d Jd] and won 535 with Flush Jack high
Seat 3: Luz7779 (big blind) showed [9s Kh] and won 90 with One pair : 9


Winamax Poker - Tournament "Expresso Nitro" buyIn: 0.46€ + 0.04€ level: 2 - HandId: #4494712575530893313-6-1768318517 - Holdem no limit (15/30) - 2026/01/13 15:35:17 UTC
Table: 'Expresso Nitro(1046506822)#0' 3-max (real money) Seat #2 is the button
Seat 1: MathisKcr (535)
Seat 2: Solo Ranking (275)
Seat 3: Luz7779 (90)
*** ANTE/BLINDS ***
Luz7779 posts small blind 15
MathisKcr posts big blind 30
Dealt to MathisKcr [Kc 2s]
*** PRE-FLOP *** 
Solo Ranking raises 245 to 275 and is all-in
Luz7779 calls 75 and is all-in
MathisKcr folds
*** FLOP *** [3c Jd Qc]
*** TURN *** [3c Jd Qc][2h]
*** RIVER *** [3c Jd Qc 2h][4d]
*** SHOW DOWN ***
Solo Ranking shows [Qd Kd] (One pair : Queens)
Luz7779 shows [3s Qs] (Two pairs : Queens and 3)
Luz7779 collected 210 from main pot
Solo Ranking collected 185 from side pot 1
*** SUMMARY ***
Total pot 395 | No rake
Board: [3c Jd Qc 2h 4d]
Seat 2: Solo Ranking (button) showed [Qd Kd] and won 185 with One pair : Queens
Seat 3: Luz7779 (small blind) showed [3s Qs] and won 210 with Two pairs : Queens and 3


Winamax Poker - Tournament "Expresso Nitro" buyIn: 0.46€ + 0.04€ level: 2 - HandId: #4494712575530893313-7-1768318533 - Holdem no limit (15/30) - 2026/01/13 15:35:33 UTC
Table: 'Expresso Nitro(1046506822)#0' 3-max (real money) Seat #3 is the button
Seat 1: MathisKcr (505)
Seat 2: Solo Ranking (185)
Seat 3: Luz7779 (210)
*** ANTE/BLINDS ***
MathisKcr posts small blind 15
Solo Ranking posts big blind 30
Dealt to MathisKcr [9c 2s]
*** PRE-FLOP *** 
Luz7779 folds
MathisKcr raises 30 to 60
Solo Ranking folds
MathisKcr collected 90 from pot
*** SUMMARY ***
Total pot 90 | No rake
Seat 1: MathisKcr (small blind) won 90


Winamax Poker - Tournament "Expresso Nitro" buyIn: 0.46€ + 0.04€ level: 2 - HandId: #4494712575530893313-8-1768318543 - Holdem no limit (15/30) - 2026/01/13 15:35:43 UTC
Table: 'Expresso Nitro(1046506822)#0' 3-max (real money) Seat #1 is the button
Seat 1: MathisKcr (535)
Seat 2: Solo Ranking (155)
Seat 3: Luz7779 (210)
*** ANTE/BLINDS ***
Solo Ranking posts small blind 15
Luz7779 posts big blind 30
Dealt to MathisKcr [6h Tc]
*** PRE-FLOP *** 
MathisKcr raises 30 to 60
Solo Ranking raises 95 to 155 and is all-in
Luz7779 raises 55 to 210 and is all-in
MathisKcr folds
*** FLOP *** [4s 7s Js]
*** TURN *** [4s 7s Js][Jh]
*** RIVER *** [4s 7s Js Jh][6c]
*** SHOW DOWN ***
Solo Ranking shows [6s Ah] (Two pairs : Jacks and 6)
Luz7779 shows [As Qc] (One pair : Jacks)
Luz7779 collected 55 from side pot 1
Solo Ranking collected 370 from main pot
*** SUMMARY ***
Total pot 425 | No rake
Board: [4s 7s Js Jh 6c]
Seat 2: Solo Ranking (small blind) showed [6s Ah] and won 370 with Two pairs : Jacks and 6
Seat 3: Luz7779 (big blind) showed [As Qc] and won 55 with One pair : Jacks


Winamax Poker - Tournament "Expresso Nitro" buyIn: 0.46€ + 0.04€ level: 3 - HandId: #4494712575530893313-9-1768318559 - Holdem no limit (20/40) - 2026/01/13 15:35:59 UTC
Table: 'Expresso Nitro(1046506822)#0' 3-max (real money) Seat #2 is the button
Seat 1: MathisKcr (475)
Seat 2: Solo Ranking (370)
Seat 3: Luz7779 (55)
*** ANTE/BLINDS ***
Luz7779 posts small blind 20
MathisKcr posts big blind 40
Dealt to MathisKcr [Kd 6s]
*** PRE-FLOP *** 
Solo Ranking folds
Luz7779 raises 15 to 55 and is all-in
MathisKcr calls 15
*** FLOP *** [5d 4h 7c]
*** TURN *** [5d 4h 7c][3h]
*** RIVER *** [5d 4h 7c 3h][Ts]
*** SHOW DOWN ***
Luz7779 shows [Kc 8h] (High card : King)
MathisKcr shows [Kd 6s] (Straight 7 high)
MathisKcr collected 110 from pot
*** SUMMARY ***
Total pot 110 | No rake
Board: [5d 4h 7c 3h Ts]
Seat 1: MathisKcr (big blind) showed [Kd 6s] and won 110 with Straight 7 high
Seat 3: Luz7779 (small blind) showed [Kc 8h] and lost with High card : King


Winamax Poker - Tournament "Expresso Nitro" buyIn: 0.46€ + 0.04€ level: 3 - HandId: #4494712575530893313-10-1768318571 - Holdem no limit (20/40) - 2026/01/13 15:36:11 UTC
Table: 'Expresso Nitro(1046506822)#0' 3-max (real money) Seat #1 is the button
Seat 1: MathisKcr (530)
Seat 2: Solo Ranking (370)
*** ANTE/BLINDS ***
MathisKcr posts small blind 20
Solo Ranking posts big blind 40
Dealt to MathisKcr [Jd 7h]
*** PRE-FLOP *** 
MathisKcr raises 40 to 80
Solo Ranking calls 40
*** FLOP *** [Ks Kd 6c]
Solo Ranking checks
MathisKcr bets 80
Solo Ranking folds
MathisKcr collected 240 from pot
*** SUMMARY ***
Total pot 240 | No rake
Board: [Ks Kd 6c]
Seat 1: MathisKcr (small blind) (button) won 240


Winamax Poker - Tournament "Expresso Nitro" buyIn: 0.46€ + 0.04€ level: 3 - HandId: #4494712575530893313-11-1768318598 - Holdem no limit (20/40) - 2026/01/13 15:36:38 UTC
Table: 'Expresso Nitro(1046506822)#0' 3-max (real money) Seat #2 is the button
Seat 1: MathisKcr (610)
Seat 2: Solo Ranking (290)
*** ANTE/BLINDS ***
Solo Ranking posts small blind 20
MathisKcr posts big blind 40
Dealt to MathisKcr [As Jc]
*** PRE-FLOP *** 
Solo Ranking calls 20
MathisKcr raises 40 to 80
Solo Ranking calls 40
*** FLOP *** [5c Th Ac]
MathisKcr bets 80
Solo Ranking folds
MathisKcr collected 240 from pot
*** SUMMARY ***
Total pot 240 | No rake
Board: [5c Th Ac]
Seat 1: MathisKcr (big blind) won 240


Winamax Poker - Tournament "Expresso Nitro" buyIn: 0.46€ + 0.04€ level: 4 - HandId: #4494712575530893313-12-1768318615 - Holdem no limit (30/60) - 2026/01/13 15:36:55 UTC
Table: 'Expresso Nitro(1046506822)#0' 3-max (real money) Seat #1 is the button
Seat 1: MathisKcr (690)
Seat 2: Solo Ranking (210)
*** ANTE/BLINDS ***
MathisKcr posts small blind 30
Solo Ranking posts big blind 60
Dealt to MathisKcr [As Js]
*** PRE-FLOP *** 
MathisKcr raises 60 to 120
Solo Ranking folds
MathisKcr collected 180 from pot
*** SUMMARY ***
Total pot 180 | No rake
Seat 1: MathisKcr (small blind) (button) won 180


Winamax Poker - Tournament "Expresso Nitro" buyIn: 0.46€ + 0.04€ level: 4 - HandId: #4494712575530893313-13-1768318624 - Holdem no limit (30/60) - 2026/01/13 15:37:04 UTC
Table: 'Expresso Nitro(1046506822)#0' 3-max (real money) Seat #2 is the button
Seat 1: MathisKcr (750)
Seat 2: Solo Ranking (150)
*** ANTE/BLINDS ***
Solo Ranking posts small blind 30
MathisKcr posts big blind 60
Dealt to MathisKcr [Kc 5c]
*** PRE-FLOP *** 
Solo Ranking folds
MathisKcr collected 90 from pot
*** SUMMARY ***
Total pot 90 | No rake
Seat 1: MathisKcr (big blind) won 90


Winamax Poker - Tournament "Expresso Nitro" buyIn: 0.46€ + 0.04€ level: 4 - HandId: #4494712575530893313-14-1768318631 - Holdem no limit (30/60) - 2026/01/13 15:37:11 UTC
Table: 'Expresso Nitro(1046506822)#0' 3-max (real money) Seat #1 is the button
Seat 1: MathisKcr (780)
Seat 2: Solo Ranking (120)
*** ANTE/BLINDS ***
MathisKcr posts small blind 30
Solo Ranking posts big blind 60
Dealt to MathisKcr [9d 9h]
*** PRE-FLOP *** 
MathisKcr raises 60 to 120
Solo Ranking calls 60 and is all-in
*** FLOP *** [8d 7h 4h]
*** TURN *** [8d 7h 4h][Th]
*** RIVER *** [8d 7h 4h Th][6d]
*** SHOW DOWN ***
Solo Ranking shows [7d 3c] (One pair : 7)
MathisKcr shows [9d 9h] (Straight Ten high)
MathisKcr collected 240 from pot
*** SUMMARY ***
Total pot 240 | No rake
Board: [8d 7h 4h Th 6d]
Seat 1: MathisKcr (small blind) (button) showed [9d 9h] and won 240 with Straight Ten high
Seat 2: Solo Ranking (big blind) showed [7d 3c] and lost with One pair : 7


