Winamax Poker - Tournament "Expresso Nitro" buyIn: 0.93€ + 0.07€ level: 1 - HandId: #4698433513014165505-1-1775914204 - Holdem no limit (10/20) - 2026/04/11 13:30:04 UTC
Table: 'Expresso Nitro(1093939299)#0' 3-max (real money) Seat #2 is the button
Seat 1: vincepep (300)
Seat 2: Martymaap27 (300)
Seat 3: MathisKcr (300)
*** ANTE/BLINDS ***
MathisKcr posts small blind 10
vincepep posts big blind 20
Dealt to MathisKcr [Qc 8h]
*** PRE-FLOP *** 
Martymaap27 calls 20
MathisKcr raises 280 to 300 and is all-in
vincepep folds
Martymaap27 calls 280 and is all-in
*** FLOP *** [Th 7h Qh]
*** TURN *** [Th 7h Qh][Jd]
*** RIVER *** [Th 7h Qh Jd][2c]
*** SHOW DOWN ***
Martymaap27 shows [3d Ah] (High card : Ace)
MathisKcr shows [Qc 8h] (One pair : Queens)
MathisKcr collected 620 from pot
*** SUMMARY ***
Total pot 620 | No rake
Board: [Th 7h Qh Jd 2c]
Seat 2: Martymaap27 (button) showed [3d Ah] and lost with High card : Ace
Seat 3: MathisKcr (small blind) showed [Qc 8h] and won 620 with One pair : Queens


Winamax Poker - Tournament "Expresso Nitro" buyIn: 0.93€ + 0.07€ level: 1 - HandId: #4698433513014165505-2-1775914228 - Holdem no limit (10/20) - 2026/04/11 13:30:28 UTC
Table: 'Expresso Nitro(1093939299)#0' 3-max (real money) Seat #1 is the button
Seat 1: vincepep (280)
Seat 3: MathisKcr (620)
*** ANTE/BLINDS ***
vincepep posts small blind 10
MathisKcr posts big blind 20
Dealt to MathisKcr [Ah Ac]
*** PRE-FLOP *** 
vincepep calls 10
MathisKcr raises 20 to 40
vincepep calls 20
*** FLOP *** [6c Qc Qh]
MathisKcr bets 28
vincepep folds
MathisKcr collected 108 from pot
*** SUMMARY ***
Total pot 108 | No rake
Board: [6c Qc Qh]
Seat 3: MathisKcr (big blind) won 108


Winamax Poker - Tournament "Expresso Nitro" buyIn: 0.93€ + 0.07€ level: 1 - HandId: #4698433513014165505-3-1775914250 - Holdem no limit (10/20) - 2026/04/11 13:30:50 UTC
Table: 'Expresso Nitro(1093939299)#0' 3-max (real money) Seat #3 is the button
Seat 1: vincepep (240)
Seat 3: MathisKcr (660)
*** ANTE/BLINDS ***
MathisKcr posts small blind 10
vincepep posts big blind 20
Dealt to MathisKcr [8h Ks]
*** PRE-FLOP *** 
MathisKcr raises 640 to 660 and is all-in
vincepep folds
MathisKcr collected 680 from pot
*** SUMMARY ***
Total pot 680 | No rake
Seat 3: MathisKcr (small blind) (button) won 680


Winamax Poker - Tournament "Expresso Nitro" buyIn: 0.93€ + 0.07€ level: 1 - HandId: #4698433513014165505-4-1775914256 - Holdem no limit (10/20) - 2026/04/11 13:30:56 UTC
Table: 'Expresso Nitro(1093939299)#0' 3-max (real money) Seat #1 is the button
Seat 1: vincepep (220)
Seat 3: MathisKcr (680)
*** ANTE/BLINDS ***
vincepep posts small blind 10
MathisKcr posts big blind 20
Dealt to MathisKcr [2d 2s]
*** PRE-FLOP *** 
vincepep raises 40 to 60
MathisKcr raises 620 to 680 and is all-in
vincepep calls 160 and is all-in
*** FLOP *** [5s 6s Ad]
*** TURN *** [5s 6s Ad][7c]
*** RIVER *** [5s 6s Ad 7c][8c]
*** SHOW DOWN ***
vincepep shows [8h 8d] (Trips of 8)
MathisKcr shows [2d 2s] (One pair : 2)
MathisKcr collected 460 from side pot 1
vincepep collected 440 from main pot
*** SUMMARY ***
Total pot 900 | No rake
Board: [5s 6s Ad 7c 8c]
Seat 1: vincepep (small blind) (button) showed [8h 8d] and won 440 with Trips of 8
Seat 3: MathisKcr (big blind) showed [2d 2s] and won 460 with One pair : 2


Winamax Poker - Tournament "Expresso Nitro" buyIn: 0.93€ + 0.07€ level: 2 - HandId: #4698433513014165505-5-1775914270 - Holdem no limit (15/30) - 2026/04/11 13:31:10 UTC
Table: 'Expresso Nitro(1093939299)#0' 3-max (real money) Seat #3 is the button
Seat 1: vincepep (440)
Seat 3: MathisKcr (460)
*** ANTE/BLINDS ***
MathisKcr posts small blind 15
vincepep posts big blind 30
Dealt to MathisKcr [Ts 4s]
*** PRE-FLOP *** 
MathisKcr folds
vincepep collected 45 from pot
*** SUMMARY ***
Total pot 45 | No rake
Seat 1: vincepep (big blind) won 45


Winamax Poker - Tournament "Expresso Nitro" buyIn: 0.93€ + 0.07€ level: 2 - HandId: #4698433513014165505-6-1775914277 - Holdem no limit (15/30) - 2026/04/11 13:31:17 UTC
Table: 'Expresso Nitro(1093939299)#0' 3-max (real money) Seat #1 is the button
Seat 1: vincepep (455)
Seat 3: MathisKcr (445)
*** ANTE/BLINDS ***
vincepep posts small blind 15
MathisKcr posts big blind 30
Dealt to MathisKcr [7d 8s]
*** PRE-FLOP *** 
vincepep calls 15
MathisKcr checks
*** FLOP *** [4d Kc Ks]
MathisKcr checks
vincepep checks
*** TURN *** [4d Kc Ks][6h]
MathisKcr checks
vincepep bets 60
MathisKcr folds
vincepep collected 120 from pot
*** SUMMARY ***
Total pot 120 | No rake
Board: [4d Kc Ks 6h]
Seat 1: vincepep (small blind) (button) won 120


Winamax Poker - Tournament "Expresso Nitro" buyIn: 0.93€ + 0.07€ level: 2 - HandId: #4698433513014165505-7-1775914300 - Holdem no limit (15/30) - 2026/04/11 13:31:40 UTC
Table: 'Expresso Nitro(1093939299)#0' 3-max (real money) Seat #3 is the button
Seat 1: vincepep (485)
Seat 3: MathisKcr (415)
*** ANTE/BLINDS ***
MathisKcr posts small blind 15
vincepep posts big blind 30
Dealt to MathisKcr [6d 3d]
*** PRE-FLOP *** 
MathisKcr folds
vincepep collected 45 from pot
*** SUMMARY ***
Total pot 45 | No rake
Seat 1: vincepep (big blind) won 45


Winamax Poker - Tournament "Expresso Nitro" buyIn: 0.93€ + 0.07€ level: 2 - HandId: #4698433513014165505-8-1775914308 - Holdem no limit (15/30) - 2026/04/11 13:31:48 UTC
Table: 'Expresso Nitro(1093939299)#0' 3-max (real money) Seat #1 is the button
Seat 1: vincepep (500)
Seat 3: MathisKcr (400)
*** ANTE/BLINDS ***
vincepep posts small blind 15
MathisKcr posts big blind 30
Dealt to MathisKcr [Kd Kc]
*** PRE-FLOP *** 
vincepep calls 15
MathisKcr raises 370 to 400 and is all-in
vincepep folds
MathisKcr collected 430 from pot
*** SUMMARY ***
Total pot 430 | No rake
Seat 3: MathisKcr (big blind) won 430


Winamax Poker - Tournament "Expresso Nitro" buyIn: 0.93€ + 0.07€ level: 3 - HandId: #4698433513014165505-9-1775914327 - Holdem no limit (20/40) - 2026/04/11 13:32:07 UTC
Table: 'Expresso Nitro(1093939299)#0' 3-max (real money) Seat #3 is the button
Seat 1: vincepep (470)
Seat 3: MathisKcr (430)
*** ANTE/BLINDS ***
MathisKcr posts small blind 20
vincepep posts big blind 40
Dealt to MathisKcr [Ah Ac]
*** PRE-FLOP *** 
MathisKcr raises 40 to 80
vincepep calls 40
*** FLOP *** [8s 2c 3d]
vincepep checks
MathisKcr bets 56
vincepep folds
MathisKcr collected 216 from pot
*** SUMMARY ***
Total pot 216 | No rake
Board: [8s 2c 3d]
Seat 3: MathisKcr (small blind) (button) won 216


Winamax Poker - Tournament "Expresso Nitro" buyIn: 0.93€ + 0.07€ level: 3 - HandId: #4698433513014165505-10-1775914348 - Holdem no limit (20/40) - 2026/04/11 13:32:28 UTC
Table: 'Expresso Nitro(1093939299)#0' 3-max (real money) Seat #1 is the button
Seat 1: vincepep (390)
Seat 3: MathisKcr (510)
*** ANTE/BLINDS ***
vincepep posts small blind 20
MathisKcr posts big blind 40
Dealt to MathisKcr [Tc 6h]
*** PRE-FLOP *** 
vincepep calls 20
MathisKcr checks
*** FLOP *** [Qc Ah 8h]
MathisKcr checks
vincepep bets 80
MathisKcr folds
vincepep collected 160 from pot
*** SUMMARY ***
Total pot 160 | No rake
Board: [Qc Ah 8h]
Seat 1: vincepep (small blind) (button) won 160


Winamax Poker - Tournament "Expresso Nitro" buyIn: 0.93€ + 0.07€ level: 3 - HandId: #4698433513014165505-11-1775914364 - Holdem no limit (20/40) - 2026/04/11 13:32:44 UTC
Table: 'Expresso Nitro(1093939299)#0' 3-max (real money) Seat #3 is the button
Seat 1: vincepep (430)
Seat 3: MathisKcr (470)
*** ANTE/BLINDS ***
MathisKcr posts small blind 20
vincepep posts big blind 40
Dealt to MathisKcr [Jh Td]
*** PRE-FLOP *** 
MathisKcr raises 430 to 470 and is all-in
vincepep folds
MathisKcr collected 510 from pot
*** SUMMARY ***
Total pot 510 | No rake
Seat 3: MathisKcr (small blind) (button) won 510


Winamax Poker - Tournament "Expresso Nitro" buyIn: 0.93€ + 0.07€ level: 3 - HandId: #4698433513014165505-12-1775914373 - Holdem no limit (20/40) - 2026/04/11 13:32:53 UTC
Table: 'Expresso Nitro(1093939299)#0' 3-max (real money) Seat #1 is the button
Seat 1: vincepep (390)
Seat 3: MathisKcr (510)
*** ANTE/BLINDS ***
vincepep posts small blind 20
MathisKcr posts big blind 40
Dealt to MathisKcr [8d Kd]
*** PRE-FLOP *** 
vincepep calls 20
MathisKcr raises 470 to 510 and is all-in
vincepep folds
MathisKcr collected 550 from pot
*** SUMMARY ***
Total pot 550 | No rake
Seat 3: MathisKcr (big blind) won 550


Winamax Poker - Tournament "Expresso Nitro" buyIn: 0.93€ + 0.07€ level: 4 - HandId: #4698433513014165505-13-1775914388 - Holdem no limit (30/60) - 2026/04/11 13:33:08 UTC
Table: 'Expresso Nitro(1093939299)#0' 3-max (real money) Seat #3 is the button
Seat 1: vincepep (350)
Seat 3: MathisKcr (550)
*** ANTE/BLINDS ***
MathisKcr posts small blind 30
vincepep posts big blind 60
Dealt to MathisKcr [Kh Ad]
*** PRE-FLOP *** 
MathisKcr raises 490 to 550 and is all-in
vincepep calls 290 and is all-in
*** FLOP *** [Th 4s 3c]
*** TURN *** [Th 4s 3c][5d]
*** RIVER *** [Th 4s 3c 5d][8d]
*** SHOW DOWN ***
vincepep shows [4d 4c] (Trips of 4)
MathisKcr shows [Kh Ad] (High card : Ace)
MathisKcr collected 200 from side pot 1
vincepep collected 700 from main pot
*** SUMMARY ***
Total pot 900 | No rake
Board: [Th 4s 3c 5d 8d]
Seat 1: vincepep (big blind) showed [4d 4c] and won 700 with Trips of 4
Seat 3: MathisKcr (small blind) (button) showed [Kh Ad] and won 200 with High card : Ace


Winamax Poker - Tournament "Expresso Nitro" buyIn: 0.93€ + 0.07€ level: 4 - HandId: #4698433513014165505-14-1775914400 - Holdem no limit (30/60) - 2026/04/11 13:33:20 UTC
Table: 'Expresso Nitro(1093939299)#0' 3-max (real money) Seat #1 is the button
Seat 1: vincepep (700)
Seat 3: MathisKcr (200)
*** ANTE/BLINDS ***
vincepep posts small blind 30
MathisKcr posts big blind 60
Dealt to MathisKcr [2c Ks]
*** PRE-FLOP *** 
vincepep raises 120 to 180
MathisKcr raises 20 to 200 and is all-in
vincepep calls 20
*** FLOP *** [4h Jh 7h]
*** TURN *** [4h Jh 7h][Qd]
*** RIVER *** [4h Jh 7h Qd][3s]
*** SHOW DOWN ***
MathisKcr shows [2c Ks] (High card : King)
vincepep shows [Ad 8d] (High card : Ace)
vincepep collected 400 from pot
*** SUMMARY ***
Total pot 400 | No rake
Board: [4h Jh 7h Qd 3s]
Seat 1: vincepep (small blind) (button) showed [Ad 8d] and won 400 with High card : Ace
Seat 3: MathisKcr (big blind) showed [2c Ks] and lost with High card : King


