Winamax Poker - Tournament "Expresso Nitro" buyIn: 0.93€ + 0.07€ level: 1 - HandId: #4670073410166980609-1-1774861635 - Holdem no limit (10/20) - 2026/03/30 09:07:15 UTC
Table: 'Expresso Nitro(1087336198)#0' 3-max (real money) Seat #2 is the button
Seat 1: Mikapsg45 (300)
Seat 2: FullKao (300)
Seat 3: MathisKcr (300)
*** ANTE/BLINDS ***
MathisKcr posts small blind 10
Mikapsg45 posts big blind 20
Dealt to MathisKcr [Ac Tc]
*** PRE-FLOP *** 
FullKao folds
MathisKcr raises 280 to 300 and is all-in
Mikapsg45 folds
MathisKcr collected 320 from pot
*** SUMMARY ***
Total pot 320 | No rake
Seat 3: MathisKcr (small blind) won 320


Winamax Poker - Tournament "Expresso Nitro" buyIn: 0.93€ + 0.07€ level: 1 - HandId: #4670073410166980609-2-1774861646 - Holdem no limit (10/20) - 2026/03/30 09:07:26 UTC
Table: 'Expresso Nitro(1087336198)#0' 3-max (real money) Seat #3 is the button
Seat 1: Mikapsg45 (280)
Seat 2: FullKao (300)
Seat 3: MathisKcr (320)
*** ANTE/BLINDS ***
Mikapsg45 posts small blind 10
FullKao posts big blind 20
Dealt to MathisKcr [9d Ac]
*** PRE-FLOP *** 
MathisKcr raises 20 to 40
Mikapsg45 folds
FullKao folds
MathisKcr collected 70 from pot
*** SUMMARY ***
Total pot 70 | No rake
Seat 3: MathisKcr (button) won 70


Winamax Poker - Tournament "Expresso Nitro" buyIn: 0.93€ + 0.07€ level: 1 - HandId: #4670073410166980609-3-1774861654 - Holdem no limit (10/20) - 2026/03/30 09:07:34 UTC
Table: 'Expresso Nitro(1087336198)#0' 3-max (real money) Seat #1 is the button
Seat 1: Mikapsg45 (270)
Seat 2: FullKao (280)
Seat 3: MathisKcr (350)
*** ANTE/BLINDS ***
FullKao posts small blind 10
MathisKcr posts big blind 20
Dealt to MathisKcr [5c 6c]
*** PRE-FLOP *** 
Mikapsg45 raises 30 to 50
FullKao folds
MathisKcr folds
Mikapsg45 collected 80 from pot
*** SUMMARY ***
Total pot 80 | No rake
Seat 1: Mikapsg45 (button) won 80


Winamax Poker - Tournament "Expresso Nitro" buyIn: 0.93€ + 0.07€ level: 1 - HandId: #4670073410166980609-4-1774861669 - Holdem no limit (10/20) - 2026/03/30 09:07:49 UTC
Table: 'Expresso Nitro(1087336198)#0' 3-max (real money) Seat #2 is the button
Seat 1: Mikapsg45 (300)
Seat 2: FullKao (270)
Seat 3: MathisKcr (330)
*** ANTE/BLINDS ***
MathisKcr posts small blind 10
Mikapsg45 posts big blind 20
Dealt to MathisKcr [7h 3d]
*** PRE-FLOP *** 
FullKao calls 20
MathisKcr folds
Mikapsg45 checks
*** FLOP *** [Qh Jc 9d]
Mikapsg45 checks
FullKao checks
*** TURN *** [Qh Jc 9d][Ac]
Mikapsg45 checks
FullKao checks
*** RIVER *** [Qh Jc 9d Ac][9h]
Mikapsg45 checks
FullKao checks
*** SHOW DOWN ***
FullKao shows [Kd 7d] (One pair : 9)
Mikapsg45 shows [As 2h] (Two pairs : Aces and 9)
Mikapsg45 collected 50 from pot
*** SUMMARY ***
Total pot 50 | No rake
Board: [Qh Jc 9d Ac 9h]
Seat 1: Mikapsg45 (big blind) showed [As 2h] and won 50 with Two pairs : Aces and 9
Seat 2: FullKao (button) showed [Kd 7d] and lost with One pair : 9


Winamax Poker - Tournament "Expresso Nitro" buyIn: 0.93€ + 0.07€ level: 1 - HandId: #4670073410166980609-5-1774861688 - Holdem no limit (10/20) - 2026/03/30 09:08:08 UTC
Table: 'Expresso Nitro(1087336198)#0' 3-max (real money) Seat #3 is the button
Seat 1: Mikapsg45 (330)
Seat 2: FullKao (250)
Seat 3: MathisKcr (320)
*** ANTE/BLINDS ***
Mikapsg45 posts small blind 10
FullKao posts big blind 20
Dealt to MathisKcr [As 9d]
*** PRE-FLOP *** 
MathisKcr raises 20 to 40
Mikapsg45 raises 100 to 140
FullKao folds
MathisKcr calls 100
*** FLOP *** [8s Ad 6d]
Mikapsg45 checks
MathisKcr bets 180 and is all-in
Mikapsg45 calls 180
*** TURN *** [8s Ad 6d][6s]
*** RIVER *** [8s Ad 6d 6s][7c]
*** SHOW DOWN ***
Mikapsg45 shows [Kd Jd] (One pair : 6)
MathisKcr shows [As 9d] (Two pairs : Aces and 6)
MathisKcr collected 660 from pot
*** SUMMARY ***
Total pot 660 | No rake
Board: [8s Ad 6d 6s 7c]
Seat 1: Mikapsg45 (small blind) showed [Kd Jd] and lost with One pair : 6
Seat 3: MathisKcr (button) showed [As 9d] and won 660 with Two pairs : Aces and 6


Winamax Poker - Tournament "Expresso Nitro" buyIn: 0.93€ + 0.07€ level: 2 - HandId: #4670073410166980609-6-1774861711 - Holdem no limit (15/30) - 2026/03/30 09:08:31 UTC
Table: 'Expresso Nitro(1087336198)#0' 3-max (real money) Seat #1 is the button
Seat 1: Mikapsg45 (10)
Seat 2: FullKao (230)
Seat 3: MathisKcr (660)
*** ANTE/BLINDS ***
FullKao posts small blind 15
MathisKcr posts big blind 30
Dealt to MathisKcr [Tc 8d]
*** PRE-FLOP *** 
Mikapsg45 calls 10 and is all-in
FullKao raises 200 to 230 and is all-in
MathisKcr folds
*** FLOP *** [5s Qs As]
*** TURN *** [5s Qs As][Qd]
*** RIVER *** [5s Qs As Qd][Ah]
*** SHOW DOWN ***
Mikapsg45 shows [4s 8h] (Two pairs : Aces and Queens)
FullKao shows [Ac 3c] (Full of Aces and Queens)
FullKao collected 270 from pot
*** SUMMARY ***
Total pot 270 | No rake
Board: [5s Qs As Qd Ah]
Seat 1: Mikapsg45 (button) showed [4s 8h] and lost with Two pairs : Aces and Queens
Seat 2: FullKao (small blind) showed [Ac 3c] and won 270 with Full of Aces and Queens


Winamax Poker - Tournament "Expresso Nitro" buyIn: 0.93€ + 0.07€ level: 2 - HandId: #4670073410166980609-7-1774861728 - Holdem no limit (15/30) - 2026/03/30 09:08:48 UTC
Table: 'Expresso Nitro(1087336198)#0' 3-max (real money) Seat #3 is the button
Seat 2: FullKao (270)
Seat 3: MathisKcr (630)
*** ANTE/BLINDS ***
MathisKcr posts small blind 15
FullKao posts big blind 30
Dealt to MathisKcr [Jd 6s]
*** PRE-FLOP *** 
MathisKcr raises 30 to 60
FullKao calls 30
*** FLOP *** [Kh 9c Jc]
FullKao bets 210 and is all-in
MathisKcr calls 210
*** TURN *** [Kh 9c Jc][4c]
*** RIVER *** [Kh 9c Jc 4c][6c]
*** SHOW DOWN ***
FullKao shows [Qh Js] (One pair : Jacks)
MathisKcr shows [Jd 6s] (Two pairs : Jacks and 6)
MathisKcr collected 540 from pot
*** SUMMARY ***
Total pot 540 | No rake
Board: [Kh 9c Jc 4c 6c]
Seat 2: FullKao (big blind) showed [Qh Js] and lost with One pair : Jacks
Seat 3: MathisKcr (small blind) (button) showed [Jd 6s] and won 540 with Two pairs : Jacks and 6


