Winamax Poker - Tournament "Expresso Nitro" buyIn: 0.46€ + 0.04€ level: 1 - HandId: #4538580156016492545-1-1770126685 - Holdem no limit (10/20) - 2026/02/03 13:51:25 UTC
Table: 'Expresso Nitro(1056720539)#0' 3-max (real money) Seat #3 is the button
Seat 1: MathisKcr (300)
Seat 2: jjhons (300)
Seat 3: vikingXIII (300)
*** ANTE/BLINDS ***
MathisKcr posts small blind 10
jjhons posts big blind 20
Dealt to MathisKcr [Th 2s]
*** PRE-FLOP *** 
vikingXIII folds
MathisKcr folds
jjhons collected 30 from pot
*** SUMMARY ***
Total pot 30 | No rake
Seat 2: jjhons (big blind) won 30


Winamax Poker - Tournament "Expresso Nitro" buyIn: 0.46€ + 0.04€ level: 1 - HandId: #4538580156016492545-2-1770126691 - Holdem no limit (10/20) - 2026/02/03 13:51:31 UTC
Table: 'Expresso Nitro(1056720539)#0' 3-max (real money) Seat #1 is the button
Seat 1: MathisKcr (290)
Seat 2: jjhons (310)
Seat 3: vikingXIII (300)
*** ANTE/BLINDS ***
jjhons posts small blind 10
vikingXIII posts big blind 20
Dealt to MathisKcr [2h 3h]
*** PRE-FLOP *** 
MathisKcr folds
jjhons calls 10
vikingXIII checks
*** FLOP *** [4c Kc 9d]
jjhons bets 20
vikingXIII folds
jjhons collected 60 from pot
*** SUMMARY ***
Total pot 60 | No rake
Board: [4c Kc 9d]
Seat 2: jjhons (small blind) won 60


Winamax Poker - Tournament "Expresso Nitro" buyIn: 0.46€ + 0.04€ level: 1 - HandId: #4538580156016492545-3-1770126702 - Holdem no limit (10/20) - 2026/02/03 13:51:42 UTC
Table: 'Expresso Nitro(1056720539)#0' 3-max (real money) Seat #2 is the button
Seat 1: MathisKcr (290)
Seat 2: jjhons (330)
Seat 3: vikingXIII (280)
*** ANTE/BLINDS ***
vikingXIII posts small blind 10
MathisKcr posts big blind 20
Dealt to MathisKcr [Qc 4c]
*** PRE-FLOP *** 
jjhons folds
vikingXIII calls 10
MathisKcr checks
*** FLOP *** [5c Ad 4s]
vikingXIII checks
MathisKcr bets 40
vikingXIII calls 40
*** TURN *** [5c Ad 4s][Kd]
vikingXIII checks
MathisKcr bets 42
vikingXIII calls 42
*** RIVER *** [5c Ad 4s Kd][Qs]
vikingXIII checks
MathisKcr bets 102
vikingXIII calls 102
*** SHOW DOWN ***
vikingXIII shows [6h 8h] (High card : Ace)
MathisKcr shows [Qc 4c] (Two pairs : Queens and 4)
MathisKcr collected 408 from pot
*** SUMMARY ***
Total pot 408 | No rake
Board: [5c Ad 4s Kd Qs]
Seat 1: MathisKcr (big blind) showed [Qc 4c] and won 408 with Two pairs : Queens and 4
Seat 3: vikingXIII (small blind) showed [6h 8h] and lost with High card : Ace


Winamax Poker - Tournament "Expresso Nitro" buyIn: 0.46€ + 0.04€ level: 1 - HandId: #4538580156016492545-4-1770126734 - Holdem no limit (10/20) - 2026/02/03 13:52:14 UTC
Table: 'Expresso Nitro(1056720539)#0' 3-max (real money) Seat #3 is the button
Seat 1: MathisKcr (494)
Seat 2: jjhons (330)
Seat 3: vikingXIII (76)
*** ANTE/BLINDS ***
MathisKcr posts small blind 10
jjhons posts big blind 20
Dealt to MathisKcr [7c 3d]
*** PRE-FLOP *** 
vikingXIII raises 56 to 76 and is all-in
MathisKcr folds
jjhons calls 56
*** FLOP *** [9d 5c 3s]
*** TURN *** [9d 5c 3s][As]
*** RIVER *** [9d 5c 3s As][3c]
*** SHOW DOWN ***
jjhons shows [8c Tc] (One pair : 3)
vikingXIII shows [6d Ad] (Two pairs : Aces and 3)
vikingXIII collected 162 from pot
*** SUMMARY ***
Total pot 162 | No rake
Board: [9d 5c 3s As 3c]
Seat 2: jjhons (big blind) showed [8c Tc] and lost with One pair : 3
Seat 3: vikingXIII (button) showed [6d Ad] and won 162 with Two pairs : Aces and 3


Winamax Poker - Tournament "Expresso Nitro" buyIn: 0.46€ + 0.04€ level: 2 - HandId: #4538580156016492545-5-1770126748 - Holdem no limit (15/30) - 2026/02/03 13:52:28 UTC
Table: 'Expresso Nitro(1056720539)#0' 3-max (real money) Seat #1 is the button
Seat 1: MathisKcr (484)
Seat 2: jjhons (254)
Seat 3: vikingXIII (162)
*** ANTE/BLINDS ***
jjhons posts small blind 15
vikingXIII posts big blind 30
Dealt to MathisKcr [4d 8s]
*** PRE-FLOP *** 
MathisKcr folds
jjhons folds
vikingXIII collected 45 from pot
*** SUMMARY ***
Total pot 45 | No rake
Seat 3: vikingXIII (big blind) won 45


Winamax Poker - Tournament "Expresso Nitro" buyIn: 0.46€ + 0.04€ level: 2 - HandId: #4538580156016492545-6-1770126754 - Holdem no limit (15/30) - 2026/02/03 13:52:34 UTC
Table: 'Expresso Nitro(1056720539)#0' 3-max (real money) Seat #2 is the button
Seat 1: MathisKcr (484)
Seat 2: jjhons (239)
Seat 3: vikingXIII (177)
*** ANTE/BLINDS ***
vikingXIII posts small blind 15
MathisKcr posts big blind 30
Dealt to MathisKcr [3h 5c]
*** PRE-FLOP *** 
jjhons folds
vikingXIII raises 147 to 177 and is all-in
MathisKcr folds
vikingXIII collected 207 from pot
*** SUMMARY ***
Total pot 207 | No rake
Seat 3: vikingXIII (small blind) won 207


Winamax Poker - Tournament "Expresso Nitro" buyIn: 0.46€ + 0.04€ level: 2 - HandId: #4538580156016492545-7-1770126762 - Holdem no limit (15/30) - 2026/02/03 13:52:42 UTC
Table: 'Expresso Nitro(1056720539)#0' 3-max (real money) Seat #3 is the button
Seat 1: MathisKcr (454)
Seat 2: jjhons (239)
Seat 3: vikingXIII (207)
*** ANTE/BLINDS ***
MathisKcr posts small blind 15
jjhons posts big blind 30
Dealt to MathisKcr [4s 6s]
*** PRE-FLOP *** 
vikingXIII folds
MathisKcr folds
jjhons collected 45 from pot
*** SUMMARY ***
Total pot 45 | No rake
Seat 2: jjhons (big blind) won 45


Winamax Poker - Tournament "Expresso Nitro" buyIn: 0.46€ + 0.04€ level: 2 - HandId: #4538580156016492545-8-1770126768 - Holdem no limit (15/30) - 2026/02/03 13:52:48 UTC
Table: 'Expresso Nitro(1056720539)#0' 3-max (real money) Seat #1 is the button
Seat 1: MathisKcr (439)
Seat 2: jjhons (254)
Seat 3: vikingXIII (207)
*** ANTE/BLINDS ***
jjhons posts small blind 15
vikingXIII posts big blind 30
Dealt to MathisKcr [8h 6s]
*** PRE-FLOP *** 
MathisKcr folds
jjhons raises 224 to 254 and is all-in
vikingXIII calls 177 and is all-in
*** FLOP *** [Td 2h 4h]
*** TURN *** [Td 2h 4h][5c]
*** RIVER *** [Td 2h 4h 5c][8d]
*** SHOW DOWN ***
vikingXIII shows [6d 9d] (High card : Ten)
jjhons shows [Jc Tc] (One pair : Tens)
jjhons collected 461 from pot
*** SUMMARY ***
Total pot 461 | No rake
Board: [Td 2h 4h 5c 8d]
Seat 2: jjhons (small blind) showed [Jc Tc] and won 461 with One pair : Tens
Seat 3: vikingXIII (big blind) showed [6d 9d] and lost with High card : Ten


Winamax Poker - Tournament "Expresso Nitro" buyIn: 0.46€ + 0.04€ level: 2 - HandId: #4538580156016492545-9-1770126781 - Holdem no limit (15/30) - 2026/02/03 13:53:01 UTC
Table: 'Expresso Nitro(1056720539)#0' 3-max (real money) Seat #1 is the button
Seat 1: MathisKcr (439)
Seat 2: jjhons (461)
*** ANTE/BLINDS ***
MathisKcr posts small blind 15
jjhons posts big blind 30
Dealt to MathisKcr [4s 8s]
*** PRE-FLOP *** 
MathisKcr folds
jjhons collected 45 from pot
*** SUMMARY ***
Total pot 45 | No rake
Seat 2: jjhons (big blind) won 45


Winamax Poker - Tournament "Expresso Nitro" buyIn: 0.46€ + 0.04€ level: 2 - HandId: #4538580156016492545-10-1770126786 - Holdem no limit (15/30) - 2026/02/03 13:53:06 UTC
Table: 'Expresso Nitro(1056720539)#0' 3-max (real money) Seat #2 is the button
Seat 1: MathisKcr (424)
Seat 2: jjhons (476)
*** ANTE/BLINDS ***
jjhons posts small blind 15
MathisKcr posts big blind 30
Dealt to MathisKcr [6d 6h]
*** PRE-FLOP *** 
jjhons raises 60 to 90
MathisKcr raises 334 to 424 and is all-in
jjhons calls 334
*** FLOP *** [3d 5c 7s]
*** TURN *** [3d 5c 7s][Jh]
*** RIVER *** [3d 5c 7s Jh][Jd]
*** SHOW DOWN ***
MathisKcr shows [6d 6h] (Two pairs : Jacks and 6)
jjhons shows [Tc Jc] (Trips of Jacks)
jjhons collected 848 from pot
*** SUMMARY ***
Total pot 848 | No rake
Board: [3d 5c 7s Jh Jd]
Seat 1: MathisKcr (big blind) showed [6d 6h] and lost with Two pairs : Jacks and 6
Seat 2: jjhons (small blind) (button) showed [Tc Jc] and won 848 with Trips of Jacks


