Winamax Poker - Tournament "Expresso Nitro" buyIn: 0.93€ + 0.07€ level: 1 - HandId: #4573320548746002433-1-1771245739 - Holdem no limit (10/20) - 2026/02/16 12:42:19 UTC
Table: 'Expresso Nitro(1064809167)#0' 3-max (real money) Seat #1 is the button
Seat 1: mai_jrrd (300)
Seat 2: MathisKcr (300)
Seat 3: _Jimmos (300)
*** ANTE/BLINDS ***
MathisKcr posts small blind 10
_Jimmos posts big blind 20
Dealt to MathisKcr [2d Jc]
*** PRE-FLOP *** 
mai_jrrd calls 20
MathisKcr calls 10
_Jimmos checks
*** FLOP *** [3h Ad 7h]
MathisKcr checks
_Jimmos checks
mai_jrrd checks
*** TURN *** [3h Ad 7h][Tc]
MathisKcr checks
_Jimmos checks
mai_jrrd checks
*** RIVER *** [3h Ad 7h Tc][Kc]
MathisKcr checks
_Jimmos bets 60
mai_jrrd calls 60
MathisKcr folds
*** SHOW DOWN ***
mai_jrrd shows [3d 6c] (One pair : 3)
_Jimmos shows [Ks 9d] (One pair : Kings)
_Jimmos collected 180 from pot
*** SUMMARY ***
Total pot 180 | No rake
Board: [3h Ad 7h Tc Kc]
Seat 1: mai_jrrd (button) showed [3d 6c] and lost with One pair : 3
Seat 3: _Jimmos (big blind) showed [Ks 9d] and won 180 with One pair : Kings


Winamax Poker - Tournament "Expresso Nitro" buyIn: 0.93€ + 0.07€ level: 1 - HandId: #4573320548746002433-2-1771245783 - Holdem no limit (10/20) - 2026/02/16 12:43:03 UTC
Table: 'Expresso Nitro(1064809167)#0' 3-max (real money) Seat #2 is the button
Seat 1: mai_jrrd (220)
Seat 2: MathisKcr (280)
Seat 3: _Jimmos (400)
*** ANTE/BLINDS ***
_Jimmos posts small blind 10
mai_jrrd posts big blind 20
Dealt to MathisKcr [Tc 9s]
*** PRE-FLOP *** 
MathisKcr raises 20 to 40
_Jimmos calls 30
mai_jrrd calls 20
*** FLOP *** [4s 7d Jd]
_Jimmos checks
mai_jrrd bets 20
MathisKcr calls 20
_Jimmos calls 20
*** TURN *** [4s 7d Jd][7s]
_Jimmos checks
mai_jrrd checks
MathisKcr checks
*** RIVER *** [4s 7d Jd 7s][3c]
_Jimmos bets 180
mai_jrrd calls 160 and is all-in
MathisKcr folds
*** SHOW DOWN ***
mai_jrrd shows [Ts 4c] (Two pairs : 7 and 4)
_Jimmos shows [6c 7h] (Trips of 7)
_Jimmos collected 520 from pot
*** SUMMARY ***
Total pot 520 | No rake
Board: [4s 7d Jd 7s 3c]
Seat 1: mai_jrrd (big blind) showed [Ts 4c] and lost with Two pairs : 7 and 4
Seat 3: _Jimmos (small blind) showed [6c 7h] and won 520 with Trips of 7


Winamax Poker - Tournament "Expresso Nitro" buyIn: 0.93€ + 0.07€ level: 2 - HandId: #4573320548746002433-3-1771245831 - Holdem no limit (15/30) - 2026/02/16 12:43:51 UTC
Table: 'Expresso Nitro(1064809167)#0' 3-max (real money) Seat #2 is the button
Seat 2: MathisKcr (220)
Seat 3: _Jimmos (680)
*** ANTE/BLINDS ***
MathisKcr posts small blind 15
_Jimmos posts big blind 30
Dealt to MathisKcr [Qc As]
*** PRE-FLOP *** 
MathisKcr raises 30 to 60
_Jimmos folds
MathisKcr collected 90 from pot
*** SUMMARY ***
Total pot 90 | No rake
Seat 2: MathisKcr (small blind) (button) won 90


Winamax Poker - Tournament "Expresso Nitro" buyIn: 0.93€ + 0.07€ level: 2 - HandId: #4573320548746002433-4-1771245840 - Holdem no limit (15/30) - 2026/02/16 12:44:00 UTC
Table: 'Expresso Nitro(1064809167)#0' 3-max (real money) Seat #3 is the button
Seat 2: MathisKcr (250)
Seat 3: _Jimmos (650)
*** ANTE/BLINDS ***
_Jimmos posts small blind 15
MathisKcr posts big blind 30
Dealt to MathisKcr [2h Th]
*** PRE-FLOP *** 
_Jimmos calls 15
MathisKcr checks
*** FLOP *** [8c 7c Js]
MathisKcr bets 30
_Jimmos calls 30
*** TURN *** [8c 7c Js][8d]
MathisKcr checks
_Jimmos checks
*** RIVER *** [8c 7c Js 8d][Ah]
MathisKcr bets 60
_Jimmos folds
MathisKcr collected 180 from pot
*** SUMMARY ***
Total pot 180 | No rake
Board: [8c 7c Js 8d Ah]
Seat 2: MathisKcr (big blind) won 180


Winamax Poker - Tournament "Expresso Nitro" buyIn: 0.93€ + 0.07€ level: 3 - HandId: #4573320548746002433-5-1771245865 - Holdem no limit (20/40) - 2026/02/16 12:44:25 UTC
Table: 'Expresso Nitro(1064809167)#0' 3-max (real money) Seat #2 is the button
Seat 2: MathisKcr (310)
Seat 3: _Jimmos (590)
*** ANTE/BLINDS ***
MathisKcr posts small blind 20
_Jimmos posts big blind 40
Dealt to MathisKcr [7d 2s]
*** PRE-FLOP *** 
MathisKcr calls 20
_Jimmos raises 40 to 80
MathisKcr folds
_Jimmos collected 120 from pot
*** SUMMARY ***
Total pot 120 | No rake
Seat 3: _Jimmos (big blind) won 120


Winamax Poker - Tournament "Expresso Nitro" buyIn: 0.93€ + 0.07€ level: 3 - HandId: #4573320548746002433-6-1771245877 - Holdem no limit (20/40) - 2026/02/16 12:44:37 UTC
Table: 'Expresso Nitro(1064809167)#0' 3-max (real money) Seat #3 is the button
Seat 2: MathisKcr (270)
Seat 3: _Jimmos (630)
*** ANTE/BLINDS ***
_Jimmos posts small blind 20
MathisKcr posts big blind 40
Dealt to MathisKcr [Ts 4d]
*** PRE-FLOP *** 
_Jimmos raises 40 to 80
MathisKcr calls 40
*** FLOP *** [5d 9h Td]
MathisKcr bets 80
_Jimmos calls 80
*** TURN *** [5d 9h Td][Ks]
MathisKcr bets 110 and is all-in
_Jimmos calls 110
*** RIVER *** [5d 9h Td Ks][Th]
*** SHOW DOWN ***
_Jimmos shows [Ad Jh] (One pair : Tens)
MathisKcr shows [Ts 4d] (Trips of Tens)
MathisKcr collected 540 from pot
*** SUMMARY ***
Total pot 540 | No rake
Board: [5d 9h Td Ks Th]
Seat 2: MathisKcr (big blind) showed [Ts 4d] and won 540 with Trips of Tens
Seat 3: _Jimmos (small blind) (button) showed [Ad Jh] and lost with One pair : Tens


Winamax Poker - Tournament "Expresso Nitro" buyIn: 0.93€ + 0.07€ level: 3 - HandId: #4573320548746002433-7-1771245902 - Holdem no limit (20/40) - 2026/02/16 12:45:02 UTC
Table: 'Expresso Nitro(1064809167)#0' 3-max (real money) Seat #2 is the button
Seat 2: MathisKcr (540)
Seat 3: _Jimmos (360)
*** ANTE/BLINDS ***
MathisKcr posts small blind 20
_Jimmos posts big blind 40
Dealt to MathisKcr [Kd Qc]
*** PRE-FLOP *** 
MathisKcr raises 40 to 80
_Jimmos folds
MathisKcr collected 120 from pot
*** SUMMARY ***
Total pot 120 | No rake
Seat 2: MathisKcr (small blind) (button) won 120


Winamax Poker - Tournament "Expresso Nitro" buyIn: 0.93€ + 0.07€ level: 3 - HandId: #4573320548746002433-8-1771245911 - Holdem no limit (20/40) - 2026/02/16 12:45:11 UTC
Table: 'Expresso Nitro(1064809167)#0' 3-max (real money) Seat #3 is the button
Seat 2: MathisKcr (580)
Seat 3: _Jimmos (320)
*** ANTE/BLINDS ***
_Jimmos posts small blind 20
MathisKcr posts big blind 40
Dealt to MathisKcr [5c 3d]
*** PRE-FLOP *** 
_Jimmos folds
MathisKcr collected 60 from pot
*** SUMMARY ***
Total pot 60 | No rake
Seat 2: MathisKcr (big blind) won 60


Winamax Poker - Tournament "Expresso Nitro" buyIn: 0.93€ + 0.07€ level: 4 - HandId: #4573320548746002433-9-1771245918 - Holdem no limit (30/60) - 2026/02/16 12:45:18 UTC
Table: 'Expresso Nitro(1064809167)#0' 3-max (real money) Seat #2 is the button
Seat 2: MathisKcr (600)
Seat 3: _Jimmos (300)
*** ANTE/BLINDS ***
MathisKcr posts small blind 30
_Jimmos posts big blind 60
Dealt to MathisKcr [9d 4d]
*** PRE-FLOP *** 
MathisKcr raises 60 to 120
_Jimmos folds
MathisKcr collected 180 from pot
*** SUMMARY ***
Total pot 180 | No rake
Seat 2: MathisKcr (small blind) (button) won 180


Winamax Poker - Tournament "Expresso Nitro" buyIn: 0.93€ + 0.07€ level: 4 - HandId: #4573320548746002433-10-1771245929 - Holdem no limit (30/60) - 2026/02/16 12:45:29 UTC
Table: 'Expresso Nitro(1064809167)#0' 3-max (real money) Seat #3 is the button
Seat 2: MathisKcr (660)
Seat 3: _Jimmos (240)
*** ANTE/BLINDS ***
_Jimmos posts small blind 30
MathisKcr posts big blind 60
Dealt to MathisKcr [9h 6d]
*** PRE-FLOP *** 
_Jimmos raises 60 to 120
MathisKcr calls 60
*** FLOP *** [8c 8h Ah]
MathisKcr checks
_Jimmos checks
*** TURN *** [8c 8h Ah][4s]
MathisKcr bets 120
_Jimmos calls 120 and is all-in
*** RIVER *** [8c 8h Ah 4s][2h]
*** SHOW DOWN ***
MathisKcr shows [9h 6d] (One pair : 8)
_Jimmos shows [9c 9d] (Two pairs : 9 and 8)
_Jimmos collected 480 from pot
*** SUMMARY ***
Total pot 480 | No rake
Board: [8c 8h Ah 4s 2h]
Seat 2: MathisKcr (big blind) showed [9h 6d] and lost with One pair : 8
Seat 3: _Jimmos (small blind) (button) showed [9c 9d] and won 480 with Two pairs : 9 and 8


Winamax Poker - Tournament "Expresso Nitro" buyIn: 0.93€ + 0.07€ level: 4 - HandId: #4573320548746002433-11-1771245948 - Holdem no limit (30/60) - 2026/02/16 12:45:48 UTC
Table: 'Expresso Nitro(1064809167)#0' 3-max (real money) Seat #2 is the button
Seat 2: MathisKcr (420)
Seat 3: _Jimmos (480)
*** ANTE/BLINDS ***
MathisKcr posts small blind 30
_Jimmos posts big blind 60
Dealt to MathisKcr [Kd Js]
*** PRE-FLOP *** 
MathisKcr raises 60 to 120
_Jimmos folds
MathisKcr collected 180 from pot
*** SUMMARY ***
Total pot 180 | No rake
Seat 2: MathisKcr (small blind) (button) won 180


Winamax Poker - Tournament "Expresso Nitro" buyIn: 0.93€ + 0.07€ level: 4 - HandId: #4573320548746002433-12-1771245963 - Holdem no limit (30/60) - 2026/02/16 12:46:03 UTC
Table: 'Expresso Nitro(1064809167)#0' 3-max (real money) Seat #3 is the button
Seat 2: MathisKcr (480)
Seat 3: _Jimmos (420)
*** ANTE/BLINDS ***
_Jimmos posts small blind 30
MathisKcr posts big blind 60
Dealt to MathisKcr [3s 6h]
*** PRE-FLOP *** 
_Jimmos calls 30
MathisKcr checks
*** FLOP *** [2c 9c Qc]
MathisKcr checks
_Jimmos checks
*** TURN *** [2c 9c Qc][Jc]
MathisKcr checks
_Jimmos bets 360 and is all-in
MathisKcr folds
_Jimmos collected 480 from pot
*** SUMMARY ***
Total pot 480 | No rake
Board: [2c 9c Qc Jc]
Seat 3: _Jimmos (small blind) (button) won 480


Winamax Poker - Tournament "Expresso Nitro" buyIn: 0.93€ + 0.07€ level: 5 - HandId: #4573320548746002433-13-1771245985 - Holdem no limit (40/80) - 2026/02/16 12:46:25 UTC
Table: 'Expresso Nitro(1064809167)#0' 3-max (real money) Seat #2 is the button
Seat 2: MathisKcr (420)
Seat 3: _Jimmos (480)
*** ANTE/BLINDS ***
MathisKcr posts small blind 40
_Jimmos posts big blind 80
Dealt to MathisKcr [3s 9h]
*** PRE-FLOP *** 
MathisKcr calls 40
_Jimmos checks
*** FLOP *** [4c Ks 6d]
_Jimmos checks
MathisKcr checks
*** TURN *** [4c Ks 6d][8h]
_Jimmos checks
MathisKcr checks
*** RIVER *** [4c Ks 6d 8h][Qs]
_Jimmos checks
MathisKcr checks
*** SHOW DOWN ***
MathisKcr shows [3s 9h] (High card : King)
_Jimmos shows [3c Tc] (High card : King)
_Jimmos collected 160 from pot
*** SUMMARY ***
Total pot 160 | No rake
Board: [4c Ks 6d 8h Qs]
Seat 2: MathisKcr (small blind) (button) showed [3s 9h] and lost with High card : King
Seat 3: _Jimmos (big blind) showed [3c Tc] and won 160 with High card : King


Winamax Poker - Tournament "Expresso Nitro" buyIn: 0.93€ + 0.07€ level: 5 - HandId: #4573320548746002433-14-1771246006 - Holdem no limit (40/80) - 2026/02/16 12:46:46 UTC
Table: 'Expresso Nitro(1064809167)#0' 3-max (real money) Seat #3 is the button
Seat 2: MathisKcr (340)
Seat 3: _Jimmos (560)
*** ANTE/BLINDS ***
_Jimmos posts small blind 40
MathisKcr posts big blind 80
Dealt to MathisKcr [3h Ks]
*** PRE-FLOP *** 
_Jimmos raises 80 to 160
MathisKcr raises 180 to 340 and is all-in
_Jimmos calls 180
*** FLOP *** [2d 8d 9d]
*** TURN *** [2d 8d 9d][2s]
*** RIVER *** [2d 8d 9d 2s][6d]
*** SHOW DOWN ***
MathisKcr shows [3h Ks] (One pair : 2)
_Jimmos shows [8s Ad] (Flush Ace high)
_Jimmos collected 680 from pot
*** SUMMARY ***
Total pot 680 | No rake
Board: [2d 8d 9d 2s 6d]
Seat 2: MathisKcr (big blind) showed [3h Ks] and lost with One pair : 2
Seat 3: _Jimmos (small blind) (button) showed [8s Ad] and won 680 with Flush Ace high


