Winamax Poker - Tournament "Expresso Nitro" buyIn: 0.93€ + 0.07€ level: 1 - HandId: #4617581204638531585-1-1773044282 - Holdem no limit (10/20) - 2026/03/09 08:18:02 UTC
Table: 'Expresso Nitro(1075114404)#0' 3-max (real money) Seat #3 is the button
Seat 1: lyecas99 (300)
Seat 2: MathisKcr (300)
Seat 3: grounder93 (300)
*** ANTE/BLINDS ***
lyecas99 posts small blind 10
MathisKcr posts big blind 20
Dealt to MathisKcr [Qh Ad]
*** PRE-FLOP *** 
grounder93 folds
lyecas99 calls 10
MathisKcr raises 40 to 60
lyecas99 calls 40
*** FLOP *** [Jc 7s 2c]
lyecas99 checks
MathisKcr bets 42
lyecas99 folds
MathisKcr collected 162 from pot
*** SUMMARY ***
Total pot 162 | No rake
Board: [Jc 7s 2c]
Seat 2: MathisKcr (big blind) won 162


Winamax Poker - Tournament "Expresso Nitro" buyIn: 0.93€ + 0.07€ level: 1 - HandId: #4617581204638531585-2-1773044298 - Holdem no limit (10/20) - 2026/03/09 08:18:18 UTC
Table: 'Expresso Nitro(1075114404)#0' 3-max (real money) Seat #1 is the button
Seat 1: lyecas99 (240)
Seat 2: MathisKcr (360)
Seat 3: grounder93 (300)
*** ANTE/BLINDS ***
MathisKcr posts small blind 10
grounder93 posts big blind 20
Dealt to MathisKcr [5h Ts]
*** PRE-FLOP *** 
lyecas99 folds
MathisKcr calls 10
grounder93 checks
*** FLOP *** [Kh Ks Th]
MathisKcr bets 26
grounder93 calls 26
*** TURN *** [Kh Ks Th][4h]
MathisKcr checks
grounder93 bets 60
MathisKcr calls 60
*** RIVER *** [Kh Ks Th 4h][3h]
MathisKcr checks
grounder93 checks
*** SHOW DOWN ***
grounder93 shows [Td 2h] (Flush King high)
MathisKcr shows [5h Ts] (Flush King high)
MathisKcr collected 212 from pot
*** SUMMARY ***
Total pot 212 | No rake
Board: [Kh Ks Th 4h 3h]
Seat 2: MathisKcr (small blind) showed [5h Ts] and won 212 with Flush King high
Seat 3: grounder93 (big blind) showed [Td 2h] and lost with Flush King high


Winamax Poker - Tournament "Expresso Nitro" buyIn: 0.93€ + 0.07€ level: 1 - HandId: #4617581204638531585-3-1773044325 - Holdem no limit (10/20) - 2026/03/09 08:18:45 UTC
Table: 'Expresso Nitro(1075114404)#0' 3-max (real money) Seat #2 is the button
Seat 1: lyecas99 (240)
Seat 2: MathisKcr (466)
Seat 3: grounder93 (194)
*** ANTE/BLINDS ***
grounder93 posts small blind 10
lyecas99 posts big blind 20
Dealt to MathisKcr [Jd Kc]
*** PRE-FLOP *** 
MathisKcr raises 40 to 60
grounder93 raises 134 to 194 and is all-in
lyecas99 folds
MathisKcr calls 134
*** FLOP *** [9s 5h 3h]
*** TURN *** [9s 5h 3h][Td]
*** RIVER *** [9s 5h 3h Td][5c]
*** SHOW DOWN ***
grounder93 shows [Qc Js] (One pair : 5)
MathisKcr shows [Jd Kc] (One pair : 5)
MathisKcr collected 408 from pot
*** SUMMARY ***
Total pot 408 | No rake
Board: [9s 5h 3h Td 5c]
Seat 2: MathisKcr (button) showed [Jd Kc] and won 408 with One pair : 5
Seat 3: grounder93 (small blind) showed [Qc Js] and lost with One pair : 5


Winamax Poker - Tournament "Expresso Nitro" buyIn: 0.93€ + 0.07€ level: 2 - HandId: #4617581204638531585-4-1773044366 - Holdem no limit (15/30) - 2026/03/09 08:19:26 UTC
Table: 'Expresso Nitro(1075114404)#0' 3-max (real money) Seat #1 is the button
Seat 1: lyecas99 (220)
Seat 2: MathisKcr (680)
*** ANTE/BLINDS ***
lyecas99 posts small blind 15
MathisKcr posts big blind 30
Dealt to MathisKcr [Qc Kd]
*** PRE-FLOP *** 
lyecas99 raises 60 to 90
MathisKcr raises 590 to 680 and is all-in
lyecas99 calls 130 and is all-in
*** FLOP *** [Ac Jd 5c]
*** TURN *** [Ac Jd 5c][Ts]
*** RIVER *** [Ac Jd 5c Ts][Js]
*** SHOW DOWN ***
lyecas99 shows [Qd Td] (Two pairs : Jacks and Tens)
MathisKcr shows [Qc Kd] (Straight Ace high)
MathisKcr collected 900 from pot
*** SUMMARY ***
Total pot 900 | No rake
Board: [Ac Jd 5c Ts Js]
Seat 1: lyecas99 (small blind) (button) showed [Qd Td] and lost with Two pairs : Jacks and Tens
Seat 2: MathisKcr (big blind) showed [Qc Kd] and won 900 with Straight Ace high


