Winamax Poker - Tournament "Expresso Nitro" buyIn: 0.93€ + 0.07€ level: 1 - HandId: #4711471221248622593-1-1776415569 - Holdem no limit (10/20) - 2026/04/17 08:46:09 UTC
Table: 'Expresso Nitro(1096974877)#0' 3-max (real money) Seat #1 is the button
Seat 1: Lo&Max (300)
Seat 2: MathisKcr (300)
Seat 3: RiverGirl (300)
*** ANTE/BLINDS ***
MathisKcr posts small blind 10
RiverGirl posts big blind 20
Dealt to MathisKcr [Jc 8h]
*** PRE-FLOP *** 
Lo&Max folds
MathisKcr folds
RiverGirl collected 30 from pot
*** SUMMARY ***
Total pot 30 | No rake
Seat 3: RiverGirl (big blind) won 30


Winamax Poker - Tournament "Expresso Nitro" buyIn: 0.93€ + 0.07€ level: 1 - HandId: #4711471221248622593-2-1776415576 - Holdem no limit (10/20) - 2026/04/17 08:46:16 UTC
Table: 'Expresso Nitro(1096974877)#0' 3-max (real money) Seat #2 is the button
Seat 1: Lo&Max (300)
Seat 2: MathisKcr (290)
Seat 3: RiverGirl (310)
*** ANTE/BLINDS ***
RiverGirl posts small blind 10
Lo&Max posts big blind 20
Dealt to MathisKcr [Qs 5h]
*** PRE-FLOP *** 
MathisKcr folds
RiverGirl calls 10
Lo&Max checks
*** FLOP *** [9h Qh 8c]
RiverGirl checks
Lo&Max bets 40
RiverGirl folds
Lo&Max collected 80 from pot
*** SUMMARY ***
Total pot 80 | No rake
Board: [9h Qh 8c]
Seat 1: Lo&Max (big blind) won 80


Winamax Poker - Tournament "Expresso Nitro" buyIn: 0.93€ + 0.07€ level: 1 - HandId: #4711471221248622593-3-1776415589 - Holdem no limit (10/20) - 2026/04/17 08:46:29 UTC
Table: 'Expresso Nitro(1096974877)#0' 3-max (real money) Seat #3 is the button
Seat 1: Lo&Max (320)
Seat 2: MathisKcr (290)
Seat 3: RiverGirl (290)
*** ANTE/BLINDS ***
Lo&Max posts small blind 10
MathisKcr posts big blind 20
Dealt to MathisKcr [7h Js]
*** PRE-FLOP *** 
RiverGirl folds
Lo&Max raises 30 to 50
MathisKcr folds
Lo&Max collected 70 from pot
*** SUMMARY ***
Total pot 70 | No rake
Seat 1: Lo&Max (small blind) won 70


Winamax Poker - Tournament "Expresso Nitro" buyIn: 0.93€ + 0.07€ level: 1 - HandId: #4711471221248622593-4-1776415598 - Holdem no limit (10/20) - 2026/04/17 08:46:38 UTC
Table: 'Expresso Nitro(1096974877)#0' 3-max (real money) Seat #1 is the button
Seat 1: Lo&Max (340)
Seat 2: MathisKcr (270)
Seat 3: RiverGirl (290)
*** ANTE/BLINDS ***
MathisKcr posts small blind 10
RiverGirl posts big blind 20
Dealt to MathisKcr [Qd 5h]
*** PRE-FLOP *** 
Lo&Max calls 20
MathisKcr folds
RiverGirl raises 50 to 70
Lo&Max calls 50
*** FLOP *** [7s 2s 4h]
RiverGirl bets 220 and is all-in
Lo&Max calls 220
*** TURN *** [7s 2s 4h][6s]
*** RIVER *** [7s 2s 4h 6s][9s]
*** SHOW DOWN ***
RiverGirl shows [Kh Ac] (High card : Ace)
Lo&Max shows [Js 4s] (Flush Jack high)
Lo&Max collected 590 from pot
*** SUMMARY ***
Total pot 590 | No rake
Board: [7s 2s 4h 6s 9s]
Seat 1: Lo&Max (button) showed [Js 4s] and won 590 with Flush Jack high
Seat 3: RiverGirl (big blind) showed [Kh Ac] and lost with High card : Ace


Winamax Poker - Tournament "Expresso Nitro" buyIn: 0.93€ + 0.07€ level: 1 - HandId: #4711471221248622593-5-1776415616 - Holdem no limit (10/20) - 2026/04/17 08:46:56 UTC
Table: 'Expresso Nitro(1096974877)#0' 3-max (real money) Seat #1 is the button
Seat 1: Lo&Max (640)
Seat 2: MathisKcr (260)
*** ANTE/BLINDS ***
Lo&Max posts small blind 10
MathisKcr posts big blind 20
Dealt to MathisKcr [2h 3h]
*** PRE-FLOP *** 
Lo&Max raises 20 to 40
MathisKcr raises 220 to 260 and is all-in
Lo&Max calls 220
*** FLOP *** [Js Kc 8c]
*** TURN *** [Js Kc 8c][Jh]
*** RIVER *** [Js Kc 8c Jh][3d]
*** SHOW DOWN ***
MathisKcr shows [2h 3h] (Two pairs : Jacks and 3)
Lo&Max shows [7h Jc] (Trips of Jacks)
Lo&Max collected 520 from pot
*** SUMMARY ***
Total pot 520 | No rake
Board: [Js Kc 8c Jh 3d]
Seat 1: Lo&Max (small blind) (button) showed [7h Jc] and won 520 with Trips of Jacks
Seat 2: MathisKcr (big blind) showed [2h 3h] and lost with Two pairs : Jacks and 3


