Winamax Poker - Tournament "Expresso Nitro" buyIn: 0.93€ + 0.07€ level: 1 - HandId: #4666718160240508929-1-1774719690 - Holdem no limit (10/20) - 2026/03/28 17:41:30 UTC
Table: 'Expresso Nitro(1086554993)#0' 3-max (real money) Seat #1 is the button
Seat 1: MathisKcr (300)
Seat 2: askip-bg (300)
Seat 3: Kiko7915 (300)
*** ANTE/BLINDS ***
askip-bg posts small blind 10
Kiko7915 posts big blind 20
Dealt to MathisKcr [6d Ac]
*** PRE-FLOP *** 
MathisKcr raises 20 to 40
askip-bg folds
Kiko7915 calls 20
*** FLOP *** [Jh Td 2h]
Kiko7915 checks
MathisKcr checks
*** TURN *** [Jh Td 2h][5s]
Kiko7915 bets 59
MathisKcr folds
Kiko7915 collected 149 from pot
*** SUMMARY ***
Total pot 149 | No rake
Board: [Jh Td 2h 5s]
Seat 3: Kiko7915 (big blind) won 149


Winamax Poker - Tournament "Expresso Nitro" buyIn: 0.93€ + 0.07€ level: 1 - HandId: #4666718160240508929-2-1774719712 - Holdem no limit (10/20) - 2026/03/28 17:41:52 UTC
Table: 'Expresso Nitro(1086554993)#0' 3-max (real money) Seat #2 is the button
Seat 1: MathisKcr (260)
Seat 2: askip-bg (290)
Seat 3: Kiko7915 (350)
*** ANTE/BLINDS ***
Kiko7915 posts small blind 10
MathisKcr posts big blind 20
Dealt to MathisKcr [2s Ts]
*** PRE-FLOP *** 
askip-bg raises 30 to 50
Kiko7915 folds
MathisKcr folds
askip-bg collected 80 from pot
*** SUMMARY ***
Total pot 80 | No rake
Seat 2: askip-bg (button) won 80


Winamax Poker - Tournament "Expresso Nitro" buyIn: 0.93€ + 0.07€ level: 1 - HandId: #4666718160240508929-3-1774719725 - Holdem no limit (10/20) - 2026/03/28 17:42:05 UTC
Table: 'Expresso Nitro(1086554993)#0' 3-max (real money) Seat #3 is the button
Seat 1: MathisKcr (240)
Seat 2: askip-bg (320)
Seat 3: Kiko7915 (340)
*** ANTE/BLINDS ***
MathisKcr posts small blind 10
askip-bg posts big blind 20
Dealt to MathisKcr [6h 7c]
*** PRE-FLOP *** 
Kiko7915 calls 20
MathisKcr folds
askip-bg checks
*** FLOP *** [4c Jc 2s]
askip-bg checks
Kiko7915 bets 20
askip-bg folds
Kiko7915 collected 70 from pot
*** SUMMARY ***
Total pot 70 | No rake
Board: [4c Jc 2s]
Seat 3: Kiko7915 (button) won 70


Winamax Poker - Tournament "Expresso Nitro" buyIn: 0.93€ + 0.07€ level: 1 - HandId: #4666718160240508929-4-1774719738 - Holdem no limit (10/20) - 2026/03/28 17:42:18 UTC
Table: 'Expresso Nitro(1086554993)#0' 3-max (real money) Seat #1 is the button
Seat 1: MathisKcr (230)
Seat 2: askip-bg (300)
Seat 3: Kiko7915 (370)
*** ANTE/BLINDS ***
askip-bg posts small blind 10
Kiko7915 posts big blind 20
Dealt to MathisKcr [Jh 6h]
*** PRE-FLOP *** 
MathisKcr folds
askip-bg raises 30 to 50
Kiko7915 raises 320 to 370 and is all-in
askip-bg calls 250 and is all-in
*** FLOP *** [6s 9c Ts]
*** TURN *** [6s 9c Ts][5c]
*** RIVER *** [6s 9c Ts 5c][8h]
*** SHOW DOWN ***
askip-bg shows [4d Ad] (High card : Ace)
Kiko7915 shows [6c Ah] (One pair : 6)
Kiko7915 collected 670 from pot
*** SUMMARY ***
Total pot 670 | No rake
Board: [6s 9c Ts 5c 8h]
Seat 2: askip-bg (small blind) showed [4d Ad] and lost with High card : Ace
Seat 3: Kiko7915 (big blind) showed [6c Ah] and won 670 with One pair : 6


Winamax Poker - Tournament "Expresso Nitro" buyIn: 0.93€ + 0.07€ level: 2 - HandId: #4666718160240508929-5-1774719754 - Holdem no limit (15/30) - 2026/03/28 17:42:34 UTC
Table: 'Expresso Nitro(1086554993)#0' 3-max (real money) Seat #3 is the button
Seat 1: MathisKcr (230)
Seat 3: Kiko7915 (670)
*** ANTE/BLINDS ***
Kiko7915 posts small blind 15
MathisKcr posts big blind 30
Dealt to MathisKcr [Jc Tc]
*** PRE-FLOP *** 
Kiko7915 calls 15
MathisKcr raises 200 to 230 and is all-in
Kiko7915 calls 200
*** FLOP *** [3s 2d Th]
*** TURN *** [3s 2d Th][5h]
*** RIVER *** [3s 2d Th 5h][2h]
*** SHOW DOWN ***
Kiko7915 shows [9s Ks] (One pair : 2)
MathisKcr shows [Jc Tc] (Two pairs : Tens and 2)
MathisKcr collected 460 from pot
*** SUMMARY ***
Total pot 460 | No rake
Board: [3s 2d Th 5h 2h]
Seat 1: MathisKcr (big blind) showed [Jc Tc] and won 460 with Two pairs : Tens and 2
Seat 3: Kiko7915 (small blind) (button) showed [9s Ks] and lost with One pair : 2


Winamax Poker - Tournament "Expresso Nitro" buyIn: 0.93€ + 0.07€ level: 2 - HandId: #4666718160240508929-6-1774719773 - Holdem no limit (15/30) - 2026/03/28 17:42:53 UTC
Table: 'Expresso Nitro(1086554993)#0' 3-max (real money) Seat #1 is the button
Seat 1: MathisKcr (460)
Seat 3: Kiko7915 (440)
*** ANTE/BLINDS ***
MathisKcr posts small blind 15
Kiko7915 posts big blind 30
Dealt to MathisKcr [8d 4h]
*** PRE-FLOP *** 
MathisKcr folds
Kiko7915 collected 45 from pot
*** SUMMARY ***
Total pot 45 | No rake
Seat 3: Kiko7915 (big blind) won 45


Winamax Poker - Tournament "Expresso Nitro" buyIn: 0.93€ + 0.07€ level: 2 - HandId: #4666718160240508929-7-1774719778 - Holdem no limit (15/30) - 2026/03/28 17:42:58 UTC
Table: 'Expresso Nitro(1086554993)#0' 3-max (real money) Seat #3 is the button
Seat 1: MathisKcr (445)
Seat 3: Kiko7915 (455)
*** ANTE/BLINDS ***
Kiko7915 posts small blind 15
MathisKcr posts big blind 30
Dealt to MathisKcr [Js 4d]
*** PRE-FLOP *** 
Kiko7915 folds
MathisKcr collected 45 from pot
*** SUMMARY ***
Total pot 45 | No rake
Seat 1: MathisKcr (big blind) won 45


Winamax Poker - Tournament "Expresso Nitro" buyIn: 0.93€ + 0.07€ level: 2 - HandId: #4666718160240508929-8-1774719781 - Holdem no limit (15/30) - 2026/03/28 17:43:01 UTC
Table: 'Expresso Nitro(1086554993)#0' 3-max (real money) Seat #1 is the button
Seat 1: MathisKcr (460)
Seat 3: Kiko7915 (440)
*** ANTE/BLINDS ***
MathisKcr posts small blind 15
Kiko7915 posts big blind 30
Dealt to MathisKcr [3c 8h]
*** PRE-FLOP *** 
MathisKcr folds
Kiko7915 collected 45 from pot
*** SUMMARY ***
Total pot 45 | No rake
Seat 3: Kiko7915 (big blind) won 45


Winamax Poker - Tournament "Expresso Nitro" buyIn: 0.93€ + 0.07€ level: 2 - HandId: #4666718160240508929-9-1774719791 - Holdem no limit (15/30) - 2026/03/28 17:43:11 UTC
Table: 'Expresso Nitro(1086554993)#0' 3-max (real money) Seat #3 is the button
Seat 1: MathisKcr (445)
Seat 3: Kiko7915 (455)
*** ANTE/BLINDS ***
Kiko7915 posts small blind 15
MathisKcr posts big blind 30
Dealt to MathisKcr [4c 2h]
*** PRE-FLOP *** 
Kiko7915 folds
MathisKcr collected 45 from pot
*** SUMMARY ***
Total pot 45 | No rake
Seat 1: MathisKcr (big blind) won 45


Winamax Poker - Tournament "Expresso Nitro" buyIn: 0.93€ + 0.07€ level: 2 - HandId: #4666718160240508929-10-1774719795 - Holdem no limit (15/30) - 2026/03/28 17:43:15 UTC
Table: 'Expresso Nitro(1086554993)#0' 3-max (real money) Seat #1 is the button
Seat 1: MathisKcr (460)
Seat 3: Kiko7915 (440)
*** ANTE/BLINDS ***
MathisKcr posts small blind 15
Kiko7915 posts big blind 30
Dealt to MathisKcr [Th Ah]
*** PRE-FLOP *** 
MathisKcr raises 430 to 460 and is all-in
Kiko7915 folds
MathisKcr collected 490 from pot
*** SUMMARY ***
Total pot 490 | No rake
Seat 1: MathisKcr (small blind) (button) won 490


Winamax Poker - Tournament "Expresso Nitro" buyIn: 0.93€ + 0.07€ level: 2 - HandId: #4666718160240508929-11-1774719800 - Holdem no limit (15/30) - 2026/03/28 17:43:20 UTC
Table: 'Expresso Nitro(1086554993)#0' 3-max (real money) Seat #3 is the button
Seat 1: MathisKcr (490)
Seat 3: Kiko7915 (410)
*** ANTE/BLINDS ***
Kiko7915 posts small blind 15
MathisKcr posts big blind 30
Dealt to MathisKcr [5c 9d]
*** PRE-FLOP *** 
Kiko7915 calls 15
MathisKcr checks
*** FLOP *** [Qd 3c 6d]
MathisKcr checks
Kiko7915 bets 30
MathisKcr folds
Kiko7915 collected 90 from pot
*** SUMMARY ***
Total pot 90 | No rake
Board: [Qd 3c 6d]
Seat 3: Kiko7915 (small blind) (button) won 90


Winamax Poker - Tournament "Expresso Nitro" buyIn: 0.93€ + 0.07€ level: 3 - HandId: #4666718160240508929-12-1774719821 - Holdem no limit (20/40) - 2026/03/28 17:43:41 UTC
Table: 'Expresso Nitro(1086554993)#0' 3-max (real money) Seat #1 is the button
Seat 1: MathisKcr (460)
Seat 3: Kiko7915 (440)
*** ANTE/BLINDS ***
MathisKcr posts small blind 20
Kiko7915 posts big blind 40
Dealt to MathisKcr [5c Kh]
*** PRE-FLOP *** 
MathisKcr raises 420 to 460 and is all-in
Kiko7915 folds
MathisKcr collected 500 from pot
*** SUMMARY ***
Total pot 500 | No rake
Seat 1: MathisKcr (small blind) (button) won 500


Winamax Poker - Tournament "Expresso Nitro" buyIn: 0.93€ + 0.07€ level: 3 - HandId: #4666718160240508929-13-1774719828 - Holdem no limit (20/40) - 2026/03/28 17:43:48 UTC
Table: 'Expresso Nitro(1086554993)#0' 3-max (real money) Seat #3 is the button
Seat 1: MathisKcr (500)
Seat 3: Kiko7915 (400)
*** ANTE/BLINDS ***
Kiko7915 posts small blind 20
MathisKcr posts big blind 40
Dealt to MathisKcr [9h 7c]
*** PRE-FLOP *** 
Kiko7915 raises 360 to 400 and is all-in
MathisKcr folds
Kiko7915 collected 440 from pot
*** SUMMARY ***
Total pot 440 | No rake
Seat 3: Kiko7915 (small blind) (button) won 440


Winamax Poker - Tournament "Expresso Nitro" buyIn: 0.93€ + 0.07€ level: 3 - HandId: #4666718160240508929-14-1774719835 - Holdem no limit (20/40) - 2026/03/28 17:43:55 UTC
Table: 'Expresso Nitro(1086554993)#0' 3-max (real money) Seat #1 is the button
Seat 1: MathisKcr (460)
Seat 3: Kiko7915 (440)
*** ANTE/BLINDS ***
MathisKcr posts small blind 20
Kiko7915 posts big blind 40
Dealt to MathisKcr [5h 4h]
*** PRE-FLOP *** 
MathisKcr raises 420 to 460 and is all-in
Kiko7915 folds
MathisKcr collected 500 from pot
*** SUMMARY ***
Total pot 500 | No rake
Seat 1: MathisKcr (small blind) (button) won 500


Winamax Poker - Tournament "Expresso Nitro" buyIn: 0.93€ + 0.07€ level: 3 - HandId: #4666718160240508929-15-1774719841 - Holdem no limit (20/40) - 2026/03/28 17:44:01 UTC
Table: 'Expresso Nitro(1086554993)#0' 3-max (real money) Seat #3 is the button
Seat 1: MathisKcr (500)
Seat 3: Kiko7915 (400)
*** ANTE/BLINDS ***
Kiko7915 posts small blind 20
MathisKcr posts big blind 40
Dealt to MathisKcr [Ad 7c]
*** PRE-FLOP *** 
Kiko7915 folds
MathisKcr collected 60 from pot
*** SUMMARY ***
Total pot 60 | No rake
Seat 1: MathisKcr (big blind) won 60


Winamax Poker - Tournament "Expresso Nitro" buyIn: 0.93€ + 0.07€ level: 3 - HandId: #4666718160240508929-16-1774719845 - Holdem no limit (20/40) - 2026/03/28 17:44:05 UTC
Table: 'Expresso Nitro(1086554993)#0' 3-max (real money) Seat #1 is the button
Seat 1: MathisKcr (520)
Seat 3: Kiko7915 (380)
*** ANTE/BLINDS ***
MathisKcr posts small blind 20
Kiko7915 posts big blind 40
Dealt to MathisKcr [2h 9c]
*** PRE-FLOP *** 
MathisKcr folds
Kiko7915 collected 60 from pot
*** SUMMARY ***
Total pot 60 | No rake
Seat 3: Kiko7915 (big blind) won 60


Winamax Poker - Tournament "Expresso Nitro" buyIn: 0.93€ + 0.07€ level: 3 - HandId: #4666718160240508929-17-1774719849 - Holdem no limit (20/40) - 2026/03/28 17:44:09 UTC
Table: 'Expresso Nitro(1086554993)#0' 3-max (real money) Seat #3 is the button
Seat 1: MathisKcr (500)
Seat 3: Kiko7915 (400)
*** ANTE/BLINDS ***
Kiko7915 posts small blind 20
MathisKcr posts big blind 40
Dealt to MathisKcr [2d 7s]
*** PRE-FLOP *** 
Kiko7915 calls 20
MathisKcr checks
*** FLOP *** [5s 6d Qh]
MathisKcr checks
Kiko7915 checks
*** TURN *** [5s 6d Qh][As]
MathisKcr checks
Kiko7915 checks
*** RIVER *** [5s 6d Qh As][Ks]
MathisKcr bets 100
Kiko7915 calls 100
*** SHOW DOWN ***
MathisKcr shows [2d 7s] (High card : Ace)
Kiko7915 shows [3d Kd] (One pair : Kings)
Kiko7915 collected 280 from pot
*** SUMMARY ***
Total pot 280 | No rake
Board: [5s 6d Qh As Ks]
Seat 1: MathisKcr (big blind) showed [2d 7s] and lost with High card : Ace
Seat 3: Kiko7915 (small blind) (button) showed [3d Kd] and won 280 with One pair : Kings


Winamax Poker - Tournament "Expresso Nitro" buyIn: 0.93€ + 0.07€ level: 3 - HandId: #4666718160240508929-18-1774719866 - Holdem no limit (20/40) - 2026/03/28 17:44:26 UTC
Table: 'Expresso Nitro(1086554993)#0' 3-max (real money) Seat #1 is the button
Seat 1: MathisKcr (360)
Seat 3: Kiko7915 (540)
*** ANTE/BLINDS ***
MathisKcr posts small blind 20
Kiko7915 posts big blind 40
Dealt to MathisKcr [9d Jc]
*** PRE-FLOP *** 
MathisKcr raises 320 to 360 and is all-in
Kiko7915 folds
MathisKcr collected 400 from pot
*** SUMMARY ***
Total pot 400 | No rake
Seat 1: MathisKcr (small blind) (button) won 400


Winamax Poker - Tournament "Expresso Nitro" buyIn: 0.93€ + 0.07€ level: 4 - HandId: #4666718160240508929-19-1774719872 - Holdem no limit (30/60) - 2026/03/28 17:44:32 UTC
Table: 'Expresso Nitro(1086554993)#0' 3-max (real money) Seat #3 is the button
Seat 1: MathisKcr (400)
Seat 3: Kiko7915 (500)
*** ANTE/BLINDS ***
Kiko7915 posts small blind 30
MathisKcr posts big blind 60
Dealt to MathisKcr [Ts 4s]
*** PRE-FLOP *** 
Kiko7915 calls 30
MathisKcr checks
*** FLOP *** [5c 9s 9c]
MathisKcr checks
Kiko7915 checks
*** TURN *** [5c 9s 9c][Th]
MathisKcr bets 120
Kiko7915 folds
MathisKcr collected 240 from pot
*** SUMMARY ***
Total pot 240 | No rake
Board: [5c 9s 9c Th]
Seat 1: MathisKcr (big blind) won 240


Winamax Poker - Tournament "Expresso Nitro" buyIn: 0.93€ + 0.07€ level: 4 - HandId: #4666718160240508929-20-1774719886 - Holdem no limit (30/60) - 2026/03/28 17:44:46 UTC
Table: 'Expresso Nitro(1086554993)#0' 3-max (real money) Seat #1 is the button
Seat 1: MathisKcr (460)
Seat 3: Kiko7915 (440)
*** ANTE/BLINDS ***
MathisKcr posts small blind 30
Kiko7915 posts big blind 60
Dealt to MathisKcr [7h 5d]
*** PRE-FLOP *** 
MathisKcr folds
Kiko7915 collected 90 from pot
*** SUMMARY ***
Total pot 90 | No rake
Seat 3: Kiko7915 (big blind) won 90


Winamax Poker - Tournament "Expresso Nitro" buyIn: 0.93€ + 0.07€ level: 4 - HandId: #4666718160240508929-21-1774719896 - Holdem no limit (30/60) - 2026/03/28 17:44:56 UTC
Table: 'Expresso Nitro(1086554993)#0' 3-max (real money) Seat #3 is the button
Seat 1: MathisKcr (430)
Seat 3: Kiko7915 (470)
*** ANTE/BLINDS ***
Kiko7915 posts small blind 30
MathisKcr posts big blind 60
Dealt to MathisKcr [Ah Kd]
*** PRE-FLOP *** 
Kiko7915 folds
MathisKcr collected 90 from pot
*** SUMMARY ***
Total pot 90 | No rake
Seat 1: MathisKcr (big blind) won 90


Winamax Poker - Tournament "Expresso Nitro" buyIn: 0.93€ + 0.07€ level: 4 - HandId: #4666718160240508929-22-1774719900 - Holdem no limit (30/60) - 2026/03/28 17:45:00 UTC
Table: 'Expresso Nitro(1086554993)#0' 3-max (real money) Seat #1 is the button
Seat 1: MathisKcr (460)
Seat 3: Kiko7915 (440)
*** ANTE/BLINDS ***
MathisKcr posts small blind 30
Kiko7915 posts big blind 60
Dealt to MathisKcr [4c As]
*** PRE-FLOP *** 
MathisKcr raises 400 to 460 and is all-in
Kiko7915 folds
MathisKcr collected 520 from pot
*** SUMMARY ***
Total pot 520 | No rake
Seat 1: MathisKcr (small blind) (button) won 520


Winamax Poker - Tournament "Expresso Nitro" buyIn: 0.93€ + 0.07€ level: 4 - HandId: #4666718160240508929-23-1774719906 - Holdem no limit (30/60) - 2026/03/28 17:45:06 UTC
Table: 'Expresso Nitro(1086554993)#0' 3-max (real money) Seat #3 is the button
Seat 1: MathisKcr (520)
Seat 3: Kiko7915 (380)
*** ANTE/BLINDS ***
Kiko7915 posts small blind 30
MathisKcr posts big blind 60
Dealt to MathisKcr [5c 8c]
*** PRE-FLOP *** 
Kiko7915 raises 320 to 380 and is all-in
MathisKcr folds
Kiko7915 collected 440 from pot
*** SUMMARY ***
Total pot 440 | No rake
Seat 3: Kiko7915 (small blind) (button) won 440


Winamax Poker - Tournament "Expresso Nitro" buyIn: 0.93€ + 0.07€ level: 4 - HandId: #4666718160240508929-24-1774719912 - Holdem no limit (30/60) - 2026/03/28 17:45:12 UTC
Table: 'Expresso Nitro(1086554993)#0' 3-max (real money) Seat #1 is the button
Seat 1: MathisKcr (460)
Seat 3: Kiko7915 (440)
*** ANTE/BLINDS ***
MathisKcr posts small blind 30
Kiko7915 posts big blind 60
Dealt to MathisKcr [4d 9c]
*** PRE-FLOP *** 
MathisKcr folds
Kiko7915 collected 90 from pot
*** SUMMARY ***
Total pot 90 | No rake
Seat 3: Kiko7915 (big blind) won 90


Winamax Poker - Tournament "Expresso Nitro" buyIn: 0.93€ + 0.07€ level: 4 - HandId: #4666718160240508929-25-1774719917 - Holdem no limit (30/60) - 2026/03/28 17:45:17 UTC
Table: 'Expresso Nitro(1086554993)#0' 3-max (real money) Seat #3 is the button
Seat 1: MathisKcr (430)
Seat 3: Kiko7915 (470)
*** ANTE/BLINDS ***
Kiko7915 posts small blind 30
MathisKcr posts big blind 60
Dealt to MathisKcr [Js 9h]
*** PRE-FLOP *** 
Kiko7915 raises 410 to 470 and is all-in
MathisKcr calls 370 and is all-in
*** FLOP *** [7s 6h 8s]
*** TURN *** [7s 6h 8s][Th]
*** RIVER *** [7s 6h 8s Th][5c]
*** SHOW DOWN ***
MathisKcr shows [Js 9h] (Straight Jack high)
Kiko7915 shows [Qs 2s] (High card : Queen)
Kiko7915 collected 40 from side pot 1
MathisKcr collected 860 from main pot
*** SUMMARY ***
Total pot 900 | No rake
Board: [7s 6h 8s Th 5c]
Seat 1: MathisKcr (big blind) showed [Js 9h] and won 860 with Straight Jack high
Seat 3: Kiko7915 (small blind) (button) showed [Qs 2s] and won 40 with High card : Queen


Winamax Poker - Tournament "Expresso Nitro" buyIn: 0.93€ + 0.07€ level: 5 - HandId: #4666718160240508929-26-1774719931 - Holdem no limit (40/80) - 2026/03/28 17:45:31 UTC
Table: 'Expresso Nitro(1086554993)#0' 3-max (real money) Seat #1 is the button
Seat 1: MathisKcr (860)
Seat 3: Kiko7915 (40)
*** ANTE/BLINDS ***
MathisKcr posts small blind 40
Kiko7915 posts big blind 40 and is all-in
Dealt to MathisKcr [Ts Kc]
*** PRE-FLOP *** 
*** FLOP *** [Js 9c Ac]
*** TURN *** [Js 9c Ac][Jd]
*** RIVER *** [Js 9c Ac Jd][4c]
*** SHOW DOWN ***
Kiko7915 shows [2c 7s] (One pair : Jacks)
MathisKcr shows [Ts Kc] (One pair : Jacks)
MathisKcr collected 80 from pot
*** SUMMARY ***
Total pot 80 | No rake
Board: [Js 9c Ac Jd 4c]
Seat 1: MathisKcr (small blind) (button) showed [Ts Kc] and won 80 with One pair : Jacks
Seat 3: Kiko7915 (big blind) showed [2c 7s] and lost with One pair : Jacks


