Winamax Poker - Tournament "Expresso Nitro" buyIn: 0.93€ + 0.07€ level: 1 - HandId: #4605241639043072001-1-1772536035 - Holdem no limit (10/20) - 2026/03/03 11:07:15 UTC
Table: 'Expresso Nitro(1072241375)#0' 3-max (real money) Seat #3 is the button
Seat 1: 1LYS3AND6OR9 (300)
Seat 2: MathisKcr (300)
Seat 3: Moun bew (300)
*** ANTE/BLINDS ***
1LYS3AND6OR9 posts small blind 10
MathisKcr posts big blind 20
Dealt to MathisKcr [6c 4h]
*** PRE-FLOP *** 
Moun bew raises 50 to 70
1LYS3AND6OR9 calls 60
MathisKcr folds
*** FLOP *** [4d Ac 8d]
1LYS3AND6OR9 bets 160
Moun bew raises 70 to 230 and is all-in
1LYS3AND6OR9 calls 70 and is all-in
*** TURN *** [4d Ac 8d][Jd]
*** RIVER *** [4d Ac 8d Jd][Js]
*** SHOW DOWN ***
1LYS3AND6OR9 shows [8h 4c] (Two pairs : Jacks and 8)
Moun bew shows [Ah Jh] (Full of Jacks and Aces)
Moun bew collected 620 from pot
*** SUMMARY ***
Total pot 620 | No rake
Board: [4d Ac 8d Jd Js]
Seat 1: 1LYS3AND6OR9 (small blind) showed [8h 4c] and lost with Two pairs : Jacks and 8
Seat 3: Moun bew (button) showed [Ah Jh] and won 620 with Full of Jacks and Aces


Winamax Poker - Tournament "Expresso Nitro" buyIn: 0.93€ + 0.07€ level: 1 - HandId: #4605241639043072001-2-1772536054 - Holdem no limit (10/20) - 2026/03/03 11:07:34 UTC
Table: 'Expresso Nitro(1072241375)#0' 3-max (real money) Seat #2 is the button
Seat 2: MathisKcr (280)
Seat 3: Moun bew (620)
*** ANTE/BLINDS ***
MathisKcr posts small blind 10
Moun bew posts big blind 20
Dealt to MathisKcr [Td Qc]
*** PRE-FLOP *** 
MathisKcr raises 20 to 40
Moun bew raises 580 to 620 and is all-in
MathisKcr folds
Moun bew collected 660 from pot
*** SUMMARY ***
Total pot 660 | No rake
Seat 3: Moun bew (big blind) won 660


Winamax Poker - Tournament "Expresso Nitro" buyIn: 0.93€ + 0.07€ level: 1 - HandId: #4605241639043072001-3-1772536071 - Holdem no limit (10/20) - 2026/03/03 11:07:51 UTC
Table: 'Expresso Nitro(1072241375)#0' 3-max (real money) Seat #3 is the button
Seat 2: MathisKcr (240)
Seat 3: Moun bew (660)
*** ANTE/BLINDS ***
Moun bew posts small blind 10
MathisKcr posts big blind 20
Dealt to MathisKcr [4h 9d]
*** PRE-FLOP *** 
Moun bew raises 640 to 660 and is all-in
MathisKcr folds
Moun bew collected 680 from pot
*** SUMMARY ***
Total pot 680 | No rake
Seat 3: Moun bew (small blind) (button) won 680


Winamax Poker - Tournament "Expresso Nitro" buyIn: 0.93€ + 0.07€ level: 1 - HandId: #4605241639043072001-4-1772536077 - Holdem no limit (10/20) - 2026/03/03 11:07:57 UTC
Table: 'Expresso Nitro(1072241375)#0' 3-max (real money) Seat #2 is the button
Seat 2: MathisKcr (220)
Seat 3: Moun bew (680)
*** ANTE/BLINDS ***
MathisKcr posts small blind 10
Moun bew posts big blind 20
Dealt to MathisKcr [Qh 2d]
*** PRE-FLOP *** 
MathisKcr folds
Moun bew collected 30 from pot
*** SUMMARY ***
Total pot 30 | No rake
Seat 3: Moun bew (big blind) won 30


Winamax Poker - Tournament "Expresso Nitro" buyIn: 0.93€ + 0.07€ level: 1 - HandId: #4605241639043072001-5-1772536085 - Holdem no limit (10/20) - 2026/03/03 11:08:05 UTC
Table: 'Expresso Nitro(1072241375)#0' 3-max (real money) Seat #3 is the button
Seat 2: MathisKcr (210)
Seat 3: Moun bew (690)
*** ANTE/BLINDS ***
Moun bew posts small blind 10
MathisKcr posts big blind 20
Dealt to MathisKcr [9d 4d]
*** PRE-FLOP *** 
Moun bew raises 670 to 690 and is all-in
MathisKcr folds
Moun bew collected 710 from pot
*** SUMMARY ***
Total pot 710 | No rake
Seat 3: Moun bew (small blind) (button) won 710


Winamax Poker - Tournament "Expresso Nitro" buyIn: 0.93€ + 0.07€ level: 2 - HandId: #4605241639043072001-6-1772536096 - Holdem no limit (15/30) - 2026/03/03 11:08:16 UTC
Table: 'Expresso Nitro(1072241375)#0' 3-max (real money) Seat #2 is the button
Seat 2: MathisKcr (190)
Seat 3: Moun bew (710)
*** ANTE/BLINDS ***
MathisKcr posts small blind 15
Moun bew posts big blind 30
Dealt to MathisKcr [Ah 8c]
*** PRE-FLOP *** 
MathisKcr raises 160 to 190 and is all-in
Moun bew folds
MathisKcr collected 220 from pot
*** SUMMARY ***
Total pot 220 | No rake
Seat 2: MathisKcr (small blind) (button) won 220


Winamax Poker - Tournament "Expresso Nitro" buyIn: 0.93€ + 0.07€ level: 2 - HandId: #4605241639043072001-7-1772536104 - Holdem no limit (15/30) - 2026/03/03 11:08:24 UTC
Table: 'Expresso Nitro(1072241375)#0' 3-max (real money) Seat #3 is the button
Seat 2: MathisKcr (220)
Seat 3: Moun bew (680)
*** ANTE/BLINDS ***
Moun bew posts small blind 15
MathisKcr posts big blind 30
Dealt to MathisKcr [6s 4h]
*** PRE-FLOP *** 
Moun bew raises 650 to 680 and is all-in
MathisKcr folds
Moun bew collected 710 from pot
*** SUMMARY ***
Total pot 710 | No rake
Seat 3: Moun bew (small blind) (button) won 710


Winamax Poker - Tournament "Expresso Nitro" buyIn: 0.93€ + 0.07€ level: 2 - HandId: #4605241639043072001-8-1772536109 - Holdem no limit (15/30) - 2026/03/03 11:08:29 UTC
Table: 'Expresso Nitro(1072241375)#0' 3-max (real money) Seat #2 is the button
Seat 2: MathisKcr (190)
Seat 3: Moun bew (710)
*** ANTE/BLINDS ***
MathisKcr posts small blind 15
Moun bew posts big blind 30
Dealt to MathisKcr [3d Th]
*** PRE-FLOP *** 
MathisKcr folds
Moun bew collected 45 from pot
*** SUMMARY ***
Total pot 45 | No rake
Seat 3: Moun bew (big blind) won 45


Winamax Poker - Tournament "Expresso Nitro" buyIn: 0.93€ + 0.07€ level: 2 - HandId: #4605241639043072001-9-1772536116 - Holdem no limit (15/30) - 2026/03/03 11:08:36 UTC
Table: 'Expresso Nitro(1072241375)#0' 3-max (real money) Seat #3 is the button
Seat 2: MathisKcr (175)
Seat 3: Moun bew (725)
*** ANTE/BLINDS ***
Moun bew posts small blind 15
MathisKcr posts big blind 30
Dealt to MathisKcr [5h 7c]
*** PRE-FLOP *** 
Moun bew folds
MathisKcr collected 45 from pot
*** SUMMARY ***
Total pot 45 | No rake
Seat 2: MathisKcr (big blind) won 45


Winamax Poker - Tournament "Expresso Nitro" buyIn: 0.93€ + 0.07€ level: 2 - HandId: #4605241639043072001-10-1772536122 - Holdem no limit (15/30) - 2026/03/03 11:08:42 UTC
Table: 'Expresso Nitro(1072241375)#0' 3-max (real money) Seat #2 is the button
Seat 2: MathisKcr (190)
Seat 3: Moun bew (710)
*** ANTE/BLINDS ***
MathisKcr posts small blind 15
Moun bew posts big blind 30
Dealt to MathisKcr [9c Jc]
*** PRE-FLOP *** 
MathisKcr raises 160 to 190 and is all-in
Moun bew folds
MathisKcr collected 220 from pot
*** SUMMARY ***
Total pot 220 | No rake
Seat 2: MathisKcr (small blind) (button) won 220


Winamax Poker - Tournament "Expresso Nitro" buyIn: 0.93€ + 0.07€ level: 2 - HandId: #4605241639043072001-11-1772536133 - Holdem no limit (15/30) - 2026/03/03 11:08:53 UTC
Table: 'Expresso Nitro(1072241375)#0' 3-max (real money) Seat #3 is the button
Seat 2: MathisKcr (220)
Seat 3: Moun bew (680)
*** ANTE/BLINDS ***
Moun bew posts small blind 15
MathisKcr posts big blind 30
Dealt to MathisKcr [6c As]
*** PRE-FLOP *** 
Moun bew raises 650 to 680 and is all-in
MathisKcr calls 190 and is all-in
*** FLOP *** [2d 4h 5h]
*** TURN *** [2d 4h 5h][7h]
*** RIVER *** [2d 4h 5h 7h][5d]
*** SHOW DOWN ***
MathisKcr shows [6c As] (One pair : 5)
Moun bew shows [Jh Ad] (One pair : 5)
Moun bew collected 900 from pot
*** SUMMARY ***
Total pot 900 | No rake
Board: [2d 4h 5h 7h 5d]
Seat 2: MathisKcr (big blind) showed [6c As] and lost with One pair : 5
Seat 3: Moun bew (small blind) (button) showed [Jh Ad] and won 900 with One pair : 5


