Winamax Poker - Tournament "Expresso Nitro" buyIn: 0.93€ + 0.07€ level: 1 - HandId: #4601523215271985153-1-1772391400 - Holdem no limit (10/20) - 2026/03/01 18:56:40 UTC
Table: 'Expresso Nitro(1071375612)#0' 3-max (real money) Seat #2 is the button
Seat 1: tetetete72 (300)
Seat 2: Jarod6 (300)
Seat 3: MathisKcr (300)
*** ANTE/BLINDS ***
MathisKcr posts small blind 10
tetetete72 posts big blind 20
Dealt to MathisKcr [4s 9d]
*** PRE-FLOP *** 
Jarod6 calls 20
MathisKcr folds
tetetete72 raises 280 to 300 and is all-in
Jarod6 folds
tetetete72 collected 330 from pot
*** SUMMARY ***
Total pot 330 | No rake
Seat 1: tetetete72 (big blind) won 330


Winamax Poker - Tournament "Expresso Nitro" buyIn: 0.93€ + 0.07€ level: 1 - HandId: #4601523215271985153-2-1772391414 - Holdem no limit (10/20) - 2026/03/01 18:56:54 UTC
Table: 'Expresso Nitro(1071375612)#0' 3-max (real money) Seat #3 is the button
Seat 1: tetetete72 (330)
Seat 2: Jarod6 (280)
Seat 3: MathisKcr (290)
*** ANTE/BLINDS ***
tetetete72 posts small blind 10
Jarod6 posts big blind 20
Dealt to MathisKcr [4h 7c]
*** PRE-FLOP *** 
MathisKcr folds
tetetete72 folds
Jarod6 collected 30 from pot
*** SUMMARY ***
Total pot 30 | No rake
Seat 2: Jarod6 (big blind) won 30


Winamax Poker - Tournament "Expresso Nitro" buyIn: 0.93€ + 0.07€ level: 1 - HandId: #4601523215271985153-3-1772391419 - Holdem no limit (10/20) - 2026/03/01 18:56:59 UTC
Table: 'Expresso Nitro(1071375612)#0' 3-max (real money) Seat #1 is the button
Seat 1: tetetete72 (320)
Seat 2: Jarod6 (290)
Seat 3: MathisKcr (290)
*** ANTE/BLINDS ***
Jarod6 posts small blind 10
MathisKcr posts big blind 20
Dealt to MathisKcr [6s 8d]
*** PRE-FLOP *** 
tetetete72 raises 50 to 70
Jarod6 calls 60
MathisKcr folds
*** FLOP *** [7h 7c 6h]
Jarod6 checks
tetetete72 bets 160
Jarod6 calls 160
*** TURN *** [7h 7c 6h][Th]
Jarod6 checks
tetetete72 bets 90 and is all-in
Jarod6 calls 60 and is all-in
*** RIVER *** [7h 7c 6h Th][Kh]
*** SHOW DOWN ***
Jarod6 shows [Qc Qd] (Two pairs : Queens and 7)
tetetete72 shows [Jh Ks] (Flush King high)
tetetete72 collected 630 from pot
*** SUMMARY ***
Total pot 630 | No rake
Board: [7h 7c 6h Th Kh]
Seat 1: tetetete72 (button) showed [Jh Ks] and won 630 with Flush King high
Seat 2: Jarod6 (small blind) showed [Qc Qd] and lost with Two pairs : Queens and 7


Winamax Poker - Tournament "Expresso Nitro" buyIn: 0.93€ + 0.07€ level: 2 - HandId: #4601523215271985153-4-1772391477 - Holdem no limit (15/30) - 2026/03/01 18:57:57 UTC
Table: 'Expresso Nitro(1071375612)#0' 3-max (real money) Seat #3 is the button
Seat 1: tetetete72 (630)
Seat 3: MathisKcr (270)
*** ANTE/BLINDS ***
MathisKcr posts small blind 15
tetetete72 posts big blind 30
Dealt to MathisKcr [4d 7h]
*** PRE-FLOP *** 
MathisKcr folds
tetetete72 collected 45 from pot
*** SUMMARY ***
Total pot 45 | No rake
Seat 1: tetetete72 (big blind) won 45


Winamax Poker - Tournament "Expresso Nitro" buyIn: 0.93€ + 0.07€ level: 2 - HandId: #4601523215271985153-5-1772391482 - Holdem no limit (15/30) - 2026/03/01 18:58:02 UTC
Table: 'Expresso Nitro(1071375612)#0' 3-max (real money) Seat #1 is the button
Seat 1: tetetete72 (645)
Seat 3: MathisKcr (255)
*** ANTE/BLINDS ***
tetetete72 posts small blind 15
MathisKcr posts big blind 30
Dealt to MathisKcr [Ac Js]
*** PRE-FLOP *** 
tetetete72 calls 15
MathisKcr raises 225 to 255 and is all-in
tetetete72 folds
MathisKcr collected 285 from pot
*** SUMMARY ***
Total pot 285 | No rake
Seat 3: MathisKcr (big blind) won 285


Winamax Poker - Tournament "Expresso Nitro" buyIn: 0.93€ + 0.07€ level: 2 - HandId: #4601523215271985153-6-1772391496 - Holdem no limit (15/30) - 2026/03/01 18:58:16 UTC
Table: 'Expresso Nitro(1071375612)#0' 3-max (real money) Seat #3 is the button
Seat 1: tetetete72 (615)
Seat 3: MathisKcr (285)
*** ANTE/BLINDS ***
MathisKcr posts small blind 15
tetetete72 posts big blind 30
Dealt to MathisKcr [Qs 7d]
*** PRE-FLOP *** 
MathisKcr raises 30 to 60
tetetete72 calls 30
*** FLOP *** [2s 9h 8s]
tetetete72 checks
MathisKcr bets 60
tetetete72 raises 495 to 555 and is all-in
MathisKcr folds
tetetete72 collected 735 from pot
*** SUMMARY ***
Total pot 735 | No rake
Board: [2s 9h 8s]
Seat 1: tetetete72 (big blind) won 735


Winamax Poker - Tournament "Expresso Nitro" buyIn: 0.93€ + 0.07€ level: 2 - HandId: #4601523215271985153-7-1772391513 - Holdem no limit (15/30) - 2026/03/01 18:58:33 UTC
Table: 'Expresso Nitro(1071375612)#0' 3-max (real money) Seat #1 is the button
Seat 1: tetetete72 (735)
Seat 3: MathisKcr (165)
*** ANTE/BLINDS ***
tetetete72 posts small blind 15
MathisKcr posts big blind 30
Dealt to MathisKcr [9c Tc]
*** PRE-FLOP *** 
tetetete72 raises 705 to 735 and is all-in
MathisKcr calls 135 and is all-in
*** FLOP *** [Td 4c 6h]
*** TURN *** [Td 4c 6h][8d]
*** RIVER *** [Td 4c 6h 8d][9d]
*** SHOW DOWN ***
tetetete72 shows [Qc Th] (One pair : Tens)
MathisKcr shows [9c Tc] (Two pairs : Tens and 9)
MathisKcr collected 330 from main pot
tetetete72 collected 570 from side pot 1
*** SUMMARY ***
Total pot 900 | No rake
Board: [Td 4c 6h 8d 9d]
Seat 1: tetetete72 (small blind) (button) showed [Qc Th] and won 570 with One pair : Tens
Seat 3: MathisKcr (big blind) showed [9c Tc] and won 330 with Two pairs : Tens and 9


Winamax Poker - Tournament "Expresso Nitro" buyIn: 0.93€ + 0.07€ level: 3 - HandId: #4601523215271985153-8-1772391525 - Holdem no limit (20/40) - 2026/03/01 18:58:45 UTC
Table: 'Expresso Nitro(1071375612)#0' 3-max (real money) Seat #3 is the button
Seat 1: tetetete72 (570)
Seat 3: MathisKcr (330)
*** ANTE/BLINDS ***
MathisKcr posts small blind 20
tetetete72 posts big blind 40
Dealt to MathisKcr [2c 6d]
*** PRE-FLOP *** 
MathisKcr folds
tetetete72 collected 60 from pot
*** SUMMARY ***
Total pot 60 | No rake
Seat 1: tetetete72 (big blind) won 60


Winamax Poker - Tournament "Expresso Nitro" buyIn: 0.93€ + 0.07€ level: 3 - HandId: #4601523215271985153-9-1772391530 - Holdem no limit (20/40) - 2026/03/01 18:58:50 UTC
Table: 'Expresso Nitro(1071375612)#0' 3-max (real money) Seat #1 is the button
Seat 1: tetetete72 (590)
Seat 3: MathisKcr (310)
*** ANTE/BLINDS ***
tetetete72 posts small blind 20
MathisKcr posts big blind 40
Dealt to MathisKcr [8d Td]
*** PRE-FLOP *** 
tetetete72 calls 20
MathisKcr checks
*** FLOP *** [2h 6d 4h]
MathisKcr checks
tetetete72 bets 80
MathisKcr folds
tetetete72 collected 160 from pot
*** SUMMARY ***
Total pot 160 | No rake
Board: [2h 6d 4h]
Seat 1: tetetete72 (small blind) (button) won 160


Winamax Poker - Tournament "Expresso Nitro" buyIn: 0.93€ + 0.07€ level: 3 - HandId: #4601523215271985153-10-1772391546 - Holdem no limit (20/40) - 2026/03/01 18:59:06 UTC
Table: 'Expresso Nitro(1071375612)#0' 3-max (real money) Seat #3 is the button
Seat 1: tetetete72 (630)
Seat 3: MathisKcr (270)
*** ANTE/BLINDS ***
MathisKcr posts small blind 20
tetetete72 posts big blind 40
Dealt to MathisKcr [7s 4d]
*** PRE-FLOP *** 
MathisKcr folds
tetetete72 collected 60 from pot
*** SUMMARY ***
Total pot 60 | No rake
Seat 1: tetetete72 (big blind) won 60


Winamax Poker - Tournament "Expresso Nitro" buyIn: 0.93€ + 0.07€ level: 3 - HandId: #4601523215271985153-11-1772391550 - Holdem no limit (20/40) - 2026/03/01 18:59:10 UTC
Table: 'Expresso Nitro(1071375612)#0' 3-max (real money) Seat #1 is the button
Seat 1: tetetete72 (650)
Seat 3: MathisKcr (250)
*** ANTE/BLINDS ***
tetetete72 posts small blind 20
MathisKcr posts big blind 40
Dealt to MathisKcr [7s Js]
*** PRE-FLOP *** 
tetetete72 calls 20
MathisKcr raises 40 to 80
tetetete72 calls 40
*** FLOP *** [Jh 2c Tc]
MathisKcr bets 170 and is all-in
tetetete72 calls 170
*** TURN *** [Jh 2c Tc][6s]
*** RIVER *** [Jh 2c Tc 6s][7h]
*** SHOW DOWN ***
tetetete72 shows [9s Th] (One pair : Tens)
MathisKcr shows [7s Js] (Two pairs : Jacks and 7)
MathisKcr collected 500 from pot
*** SUMMARY ***
Total pot 500 | No rake
Board: [Jh 2c Tc 6s 7h]
Seat 1: tetetete72 (small blind) (button) showed [9s Th] and lost with One pair : Tens
Seat 3: MathisKcr (big blind) showed [7s Js] and won 500 with Two pairs : Jacks and 7


Winamax Poker - Tournament "Expresso Nitro" buyIn: 0.93€ + 0.07€ level: 3 - HandId: #4601523215271985153-12-1772391566 - Holdem no limit (20/40) - 2026/03/01 18:59:26 UTC
Table: 'Expresso Nitro(1071375612)#0' 3-max (real money) Seat #3 is the button
Seat 1: tetetete72 (400)
Seat 3: MathisKcr (500)
*** ANTE/BLINDS ***
MathisKcr posts small blind 20
tetetete72 posts big blind 40
Dealt to MathisKcr [Ac 2d]
*** PRE-FLOP *** 
MathisKcr raises 40 to 80
tetetete72 folds
MathisKcr collected 120 from pot
*** SUMMARY ***
Total pot 120 | No rake
Seat 3: MathisKcr (small blind) (button) won 120


Winamax Poker - Tournament "Expresso Nitro" buyIn: 0.93€ + 0.07€ level: 3 - HandId: #4601523215271985153-13-1772391573 - Holdem no limit (20/40) - 2026/03/01 18:59:33 UTC
Table: 'Expresso Nitro(1071375612)#0' 3-max (real money) Seat #1 is the button
Seat 1: tetetete72 (360)
Seat 3: MathisKcr (540)
*** ANTE/BLINDS ***
tetetete72 posts small blind 20
MathisKcr posts big blind 40
Dealt to MathisKcr [Ts Th]
*** PRE-FLOP *** 
tetetete72 calls 20
MathisKcr raises 500 to 540 and is all-in
tetetete72 folds
MathisKcr collected 580 from pot
*** SUMMARY ***
Total pot 580 | No rake
Seat 3: MathisKcr (big blind) won 580


Winamax Poker - Tournament "Expresso Nitro" buyIn: 0.93€ + 0.07€ level: 4 - HandId: #4601523215271985153-14-1772391583 - Holdem no limit (30/60) - 2026/03/01 18:59:43 UTC
Table: 'Expresso Nitro(1071375612)#0' 3-max (real money) Seat #3 is the button
Seat 1: tetetete72 (320)
Seat 3: MathisKcr (580)
*** ANTE/BLINDS ***
MathisKcr posts small blind 30
tetetete72 posts big blind 60
Dealt to MathisKcr [Tc 5s]
*** PRE-FLOP *** 
MathisKcr raises 60 to 120
tetetete72 raises 200 to 320 and is all-in
MathisKcr folds
tetetete72 collected 440 from pot
*** SUMMARY ***
Total pot 440 | No rake
Seat 1: tetetete72 (big blind) won 440


Winamax Poker - Tournament "Expresso Nitro" buyIn: 0.93€ + 0.07€ level: 4 - HandId: #4601523215271985153-15-1772391597 - Holdem no limit (30/60) - 2026/03/01 18:59:57 UTC
Table: 'Expresso Nitro(1071375612)#0' 3-max (real money) Seat #1 is the button
Seat 1: tetetete72 (440)
Seat 3: MathisKcr (460)
*** ANTE/BLINDS ***
tetetete72 posts small blind 30
MathisKcr posts big blind 60
Dealt to MathisKcr [Kd 9d]
*** PRE-FLOP *** 
tetetete72 folds
MathisKcr collected 90 from pot
*** SUMMARY ***
Total pot 90 | No rake
Seat 3: MathisKcr (big blind) won 90


Winamax Poker - Tournament "Expresso Nitro" buyIn: 0.93€ + 0.07€ level: 4 - HandId: #4601523215271985153-16-1772391604 - Holdem no limit (30/60) - 2026/03/01 19:00:04 UTC
Table: 'Expresso Nitro(1071375612)#0' 3-max (real money) Seat #3 is the button
Seat 1: tetetete72 (410)
Seat 3: MathisKcr (490)
*** ANTE/BLINDS ***
MathisKcr posts small blind 30
tetetete72 posts big blind 60
Dealt to MathisKcr [Jh As]
*** PRE-FLOP *** 
MathisKcr raises 430 to 490 and is all-in
tetetete72 folds
MathisKcr collected 550 from pot
*** SUMMARY ***
Total pot 550 | No rake
Seat 3: MathisKcr (small blind) (button) won 550


Winamax Poker - Tournament "Expresso Nitro" buyIn: 0.93€ + 0.07€ level: 4 - HandId: #4601523215271985153-17-1772391612 - Holdem no limit (30/60) - 2026/03/01 19:00:12 UTC
Table: 'Expresso Nitro(1071375612)#0' 3-max (real money) Seat #1 is the button
Seat 1: tetetete72 (350)
Seat 3: MathisKcr (550)
*** ANTE/BLINDS ***
tetetete72 posts small blind 30
MathisKcr posts big blind 60
Dealt to MathisKcr [8h Th]
*** PRE-FLOP *** 
tetetete72 raises 290 to 350 and is all-in
MathisKcr folds
tetetete72 collected 410 from pot
*** SUMMARY ***
Total pot 410 | No rake
Seat 1: tetetete72 (small blind) (button) won 410


Winamax Poker - Tournament "Expresso Nitro" buyIn: 0.93€ + 0.07€ level: 4 - HandId: #4601523215271985153-18-1772391617 - Holdem no limit (30/60) - 2026/03/01 19:00:17 UTC
Table: 'Expresso Nitro(1071375612)#0' 3-max (real money) Seat #3 is the button
Seat 1: tetetete72 (410)
Seat 3: MathisKcr (490)
*** ANTE/BLINDS ***
MathisKcr posts small blind 30
tetetete72 posts big blind 60
Dealt to MathisKcr [Ah Qs]
*** PRE-FLOP *** 
MathisKcr raises 430 to 490 and is all-in
tetetete72 folds
MathisKcr collected 550 from pot
*** SUMMARY ***
Total pot 550 | No rake
Seat 3: MathisKcr (small blind) (button) won 550


Winamax Poker - Tournament "Expresso Nitro" buyIn: 0.93€ + 0.07€ level: 4 - HandId: #4601523215271985153-19-1772391628 - Holdem no limit (30/60) - 2026/03/01 19:00:28 UTC
Table: 'Expresso Nitro(1071375612)#0' 3-max (real money) Seat #1 is the button
Seat 1: tetetete72 (350)
Seat 3: MathisKcr (550)
*** ANTE/BLINDS ***
tetetete72 posts small blind 30
MathisKcr posts big blind 60
Dealt to MathisKcr [5d Qc]
*** PRE-FLOP *** 
tetetete72 folds
MathisKcr collected 90 from pot
*** SUMMARY ***
Total pot 90 | No rake
Seat 3: MathisKcr (big blind) won 90


Winamax Poker - Tournament "Expresso Nitro" buyIn: 0.93€ + 0.07€ level: 4 - HandId: #4601523215271985153-20-1772391634 - Holdem no limit (30/60) - 2026/03/01 19:00:34 UTC
Table: 'Expresso Nitro(1071375612)#0' 3-max (real money) Seat #3 is the button
Seat 1: tetetete72 (320)
Seat 3: MathisKcr (580)
*** ANTE/BLINDS ***
MathisKcr posts small blind 30
tetetete72 posts big blind 60
Dealt to MathisKcr [Kd 8c]
*** PRE-FLOP *** 
MathisKcr raises 520 to 580 and is all-in
tetetete72 calls 260 and is all-in
*** FLOP *** [Ts 9s 2c]
*** TURN *** [Ts 9s 2c][6c]
*** RIVER *** [Ts 9s 2c 6c][Jd]
*** SHOW DOWN ***
tetetete72 shows [Qs 8d] (Straight Queen high)
MathisKcr shows [Kd 8c] (High card : King)
MathisKcr collected 260 from side pot 1
tetetete72 collected 640 from main pot
*** SUMMARY ***
Total pot 900 | No rake
Board: [Ts 9s 2c 6c Jd]
Seat 1: tetetete72 (big blind) showed [Qs 8d] and won 640 with Straight Queen high
Seat 3: MathisKcr (small blind) (button) showed [Kd 8c] and won 260 with High card : King


Winamax Poker - Tournament "Expresso Nitro" buyIn: 0.93€ + 0.07€ level: 5 - HandId: #4601523215271985153-21-1772391646 - Holdem no limit (40/80) - 2026/03/01 19:00:46 UTC
Table: 'Expresso Nitro(1071375612)#0' 3-max (real money) Seat #1 is the button
Seat 1: tetetete72 (640)
Seat 3: MathisKcr (260)
*** ANTE/BLINDS ***
tetetete72 posts small blind 40
MathisKcr posts big blind 80
Dealt to MathisKcr [8s 6c]
*** PRE-FLOP *** 
tetetete72 raises 560 to 640 and is all-in
MathisKcr folds
tetetete72 collected 720 from pot
*** SUMMARY ***
Total pot 720 | No rake
Seat 1: tetetete72 (small blind) (button) won 720


Winamax Poker - Tournament "Expresso Nitro" buyIn: 0.93€ + 0.07€ level: 5 - HandId: #4601523215271985153-22-1772391653 - Holdem no limit (40/80) - 2026/03/01 19:00:53 UTC
Table: 'Expresso Nitro(1071375612)#0' 3-max (real money) Seat #3 is the button
Seat 1: tetetete72 (720)
Seat 3: MathisKcr (180)
*** ANTE/BLINDS ***
MathisKcr posts small blind 40
tetetete72 posts big blind 80
Dealt to MathisKcr [Jc 7d]
*** PRE-FLOP *** 
MathisKcr raises 100 to 180 and is all-in
tetetete72 calls 100
*** FLOP *** [3d 6s 2s]
*** TURN *** [3d 6s 2s][2d]
*** RIVER *** [3d 6s 2s 2d][7s]
*** SHOW DOWN ***
MathisKcr shows [Jc 7d] (Two pairs : 7 and 2)
tetetete72 shows [Qs Ks] (Flush King high)
tetetete72 collected 360 from pot
*** SUMMARY ***
Total pot 360 | No rake
Board: [3d 6s 2s 2d 7s]
Seat 1: tetetete72 (big blind) showed [Qs Ks] and won 360 with Flush King high
Seat 3: MathisKcr (small blind) (button) showed [Jc 7d] and lost with Two pairs : 7 and 2


