Winamax Poker - Tournament "Expresso Nitro" buyIn: 0.93€ + 0.07€ level: 1 - HandId: #4668744104903966721-1-1774804027 - Holdem no limit (10/20) - 2026/03/29 17:07:07 UTC
Table: 'Expresso Nitro(1087026695)#0' 3-max (real money) Seat #3 is the button
Seat 1: MathisKcr (300)
Seat 2: chipienola (300)
Seat 3: Sensitivo (300)
*** ANTE/BLINDS ***
MathisKcr posts small blind 10
chipienola posts big blind 20
Dealt to MathisKcr [6h 4c]
*** PRE-FLOP *** 
Sensitivo folds
MathisKcr folds
chipienola collected 30 from pot
*** SUMMARY ***
Total pot 30 | No rake
Seat 2: chipienola (big blind) won 30


Winamax Poker - Tournament "Expresso Nitro" buyIn: 0.93€ + 0.07€ level: 1 - HandId: #4668744104903966721-2-1774804035 - Holdem no limit (10/20) - 2026/03/29 17:07:15 UTC
Table: 'Expresso Nitro(1087026695)#0' 3-max (real money) Seat #1 is the button
Seat 1: MathisKcr (290)
Seat 2: chipienola (310)
Seat 3: Sensitivo (300)
*** ANTE/BLINDS ***
chipienola posts small blind 10
Sensitivo posts big blind 20
Dealt to MathisKcr [7h Td]
*** PRE-FLOP *** 
MathisKcr folds
chipienola folds
Sensitivo collected 30 from pot
*** SUMMARY ***
Total pot 30 | No rake
Seat 3: Sensitivo (big blind) won 30


Winamax Poker - Tournament "Expresso Nitro" buyIn: 0.93€ + 0.07€ level: 1 - HandId: #4668744104903966721-3-1774804047 - Holdem no limit (10/20) - 2026/03/29 17:07:27 UTC
Table: 'Expresso Nitro(1087026695)#0' 3-max (real money) Seat #2 is the button
Seat 1: MathisKcr (290)
Seat 2: chipienola (300)
Seat 3: Sensitivo (310)
*** ANTE/BLINDS ***
Sensitivo posts small blind 10
MathisKcr posts big blind 20
Dealt to MathisKcr [Ac 7d]
*** PRE-FLOP *** 
chipienola calls 20
Sensitivo raises 40 to 60
MathisKcr calls 40
chipienola calls 40
*** FLOP *** [Jd Js 7h]
Sensitivo bets 250 and is all-in
MathisKcr calls 230 and is all-in
chipienola folds
*** TURN *** [Jd Js 7h][Tc]
*** RIVER *** [Jd Js 7h Tc][Jh]
*** SHOW DOWN ***
MathisKcr shows [Ac 7d] (Full of Jacks and 7)
Sensitivo shows [As Ad] (Full of Jacks and Aces)
Sensitivo collected 660 from pot
*** SUMMARY ***
Total pot 660 | No rake
Board: [Jd Js 7h Tc Jh]
Seat 1: MathisKcr (big blind) showed [Ac 7d] and lost with Full of Jacks and 7
Seat 3: Sensitivo (small blind) showed [As Ad] and won 660 with Full of Jacks and Aces


