Winamax Poker - Tournament "Expresso Nitro" buyIn: 0.46€ + 0.04€ level: 1 - HandId: #4526593284545445889-1-1769683919 - Holdem no limit (10/20) - 2026/01/29 10:51:59 UTC
Table: 'Expresso Nitro(1053929628)#0' 3-max (real money) Seat #1 is the button
Seat 1: MathisKcr (300)
Seat 2: cece76170 (300)
Seat 3: Zorro 455642 (300)
*** ANTE/BLINDS ***
cece76170 posts small blind 10
Zorro 455642 posts big blind 20
Dealt to MathisKcr [Ks 3s]
*** PRE-FLOP *** 
MathisKcr raises 280 to 300 and is all-in
cece76170 calls 290 and is all-in
Zorro 455642 calls 280 and is all-in
*** FLOP *** [As 8s 2c]
*** TURN *** [As 8s 2c][Ah]
*** RIVER *** [As 8s 2c Ah][Jh]
*** SHOW DOWN ***
MathisKcr shows [Ks 3s] (One pair : Aces)
cece76170 shows [6d Qd] (One pair : Aces)
Zorro 455642 shows [6h 8h] (Two pairs : Aces and 8)
Zorro 455642 collected 900 from pot
*** SUMMARY ***
Total pot 900 | No rake
Board: [As 8s 2c Ah Jh]
Seat 1: MathisKcr (button) showed [Ks 3s] and lost with One pair : Aces
Seat 2: cece76170 (small blind) showed [6d Qd] and lost with One pair : Aces
Seat 3: Zorro 455642 (big blind) showed [6h 8h] and won 900 with Two pairs : Aces and 8


