Winamax Poker - Tournament "Expresso Nitro" buyIn: 0.93€ + 0.07€ level: 1 - HandId: #4666727617758494721-1-1774720000 - Holdem no limit (10/20) - 2026/03/28 17:46:40 UTC
Table: 'Expresso Nitro(1086557195)#0' 3-max (real money) Seat #1 is the button
Seat 1: AC-Sniper52 (300)
Seat 2: R.Quenard (300)
Seat 3: MathisKcr (300)
*** ANTE/BLINDS ***
R.Quenard posts small blind 10
MathisKcr posts big blind 20
Dealt to MathisKcr [5d 2h]
*** PRE-FLOP *** 
AC-Sniper52 folds
R.Quenard folds
MathisKcr collected 30 from pot
*** SUMMARY ***
Total pot 30 | No rake
Seat 3: MathisKcr (big blind) won 30


Winamax Poker - Tournament "Expresso Nitro" buyIn: 0.93€ + 0.07€ level: 1 - HandId: #4666727617758494721-2-1774720014 - Holdem no limit (10/20) - 2026/03/28 17:46:54 UTC
Table: 'Expresso Nitro(1086557195)#0' 3-max (real money) Seat #2 is the button
Seat 1: AC-Sniper52 (300)
Seat 2: R.Quenard (290)
Seat 3: MathisKcr (310)
*** ANTE/BLINDS ***
MathisKcr posts small blind 10
AC-Sniper52 posts big blind 20
Dealt to MathisKcr [7c As]
*** PRE-FLOP *** 
R.Quenard folds
MathisKcr raises 290 to 310 and is all-in
AC-Sniper52 folds
MathisKcr collected 330 from pot
*** SUMMARY ***
Total pot 330 | No rake
Seat 3: MathisKcr (small blind) won 330


Winamax Poker - Tournament "Expresso Nitro" buyIn: 0.93€ + 0.07€ level: 1 - HandId: #4666727617758494721-3-1774720028 - Holdem no limit (10/20) - 2026/03/28 17:47:08 UTC
Table: 'Expresso Nitro(1086557195)#0' 3-max (real money) Seat #3 is the button
Seat 1: AC-Sniper52 (280)
Seat 2: R.Quenard (290)
Seat 3: MathisKcr (330)
*** ANTE/BLINDS ***
AC-Sniper52 posts small blind 10
R.Quenard posts big blind 20
Dealt to MathisKcr [4s Qc]
*** PRE-FLOP *** 
MathisKcr folds
AC-Sniper52 calls 10
R.Quenard raises 270 to 290 and is all-in
AC-Sniper52 folds
R.Quenard collected 310 from pot
*** SUMMARY ***
Total pot 310 | No rake
Seat 2: R.Quenard (big blind) won 310


Winamax Poker - Tournament "Expresso Nitro" buyIn: 0.93€ + 0.07€ level: 1 - HandId: #4666727617758494721-4-1774720047 - Holdem no limit (10/20) - 2026/03/28 17:47:27 UTC
Table: 'Expresso Nitro(1086557195)#0' 3-max (real money) Seat #1 is the button
Seat 1: AC-Sniper52 (260)
Seat 2: R.Quenard (310)
Seat 3: MathisKcr (330)
*** ANTE/BLINDS ***
R.Quenard posts small blind 10
MathisKcr posts big blind 20
Dealt to MathisKcr [4s 3h]
*** PRE-FLOP *** 
AC-Sniper52 calls 20
R.Quenard folds
MathisKcr checks
*** FLOP *** [8d 4d Js]
MathisKcr bets 33
AC-Sniper52 calls 33
*** TURN *** [8d 4d Js][6d]
MathisKcr checks
AC-Sniper52 bets 41
MathisKcr folds
AC-Sniper52 collected 157 from pot
*** SUMMARY ***
Total pot 157 | No rake
Board: [8d 4d Js 6d]
Seat 1: AC-Sniper52 (button) won 157


Winamax Poker - Tournament "Expresso Nitro" buyIn: 0.93€ + 0.07€ level: 2 - HandId: #4666727617758494721-5-1774720075 - Holdem no limit (15/30) - 2026/03/28 17:47:55 UTC
Table: 'Expresso Nitro(1086557195)#0' 3-max (real money) Seat #2 is the button
Seat 1: AC-Sniper52 (323)
Seat 2: R.Quenard (300)
Seat 3: MathisKcr (277)
*** ANTE/BLINDS ***
MathisKcr posts small blind 15
AC-Sniper52 posts big blind 30
Dealt to MathisKcr [5d 6h]
*** PRE-FLOP *** 
R.Quenard folds
MathisKcr folds
AC-Sniper52 collected 45 from pot
*** SUMMARY ***
Total pot 45 | No rake
Seat 1: AC-Sniper52 (big blind) won 45


Winamax Poker - Tournament "Expresso Nitro" buyIn: 0.93€ + 0.07€ level: 2 - HandId: #4666727617758494721-6-1774720091 - Holdem no limit (15/30) - 2026/03/28 17:48:11 UTC
Table: 'Expresso Nitro(1086557195)#0' 3-max (real money) Seat #3 is the button
Seat 1: AC-Sniper52 (338)
Seat 2: R.Quenard (300)
Seat 3: MathisKcr (262)
*** ANTE/BLINDS ***
AC-Sniper52 posts small blind 15
R.Quenard posts big blind 30
Dealt to MathisKcr [Jd Tc]
*** PRE-FLOP *** 
MathisKcr raises 232 to 262 and is all-in
AC-Sniper52 folds
R.Quenard calls 232
*** FLOP *** [Kh 5s 3c]
*** TURN *** [Kh 5s 3c][Qh]
*** RIVER *** [Kh 5s 3c Qh][8d]
*** SHOW DOWN ***
R.Quenard shows [Th 9h] (High card : King)
MathisKcr shows [Jd Tc] (High card : King)
MathisKcr collected 539 from pot
*** SUMMARY ***
Total pot 539 | No rake
Board: [Kh 5s 3c Qh 8d]
Seat 2: R.Quenard (big blind) showed [Th 9h] and lost with High card : King
Seat 3: MathisKcr (button) showed [Jd Tc] and won 539 with High card : King


Winamax Poker - Tournament "Expresso Nitro" buyIn: 0.93€ + 0.07€ level: 2 - HandId: #4666727617758494721-7-1774720113 - Holdem no limit (15/30) - 2026/03/28 17:48:33 UTC
Table: 'Expresso Nitro(1086557195)#0' 3-max (real money) Seat #1 is the button
Seat 1: AC-Sniper52 (323)
Seat 2: R.Quenard (38)
Seat 3: MathisKcr (539)
*** ANTE/BLINDS ***
R.Quenard posts small blind 15
MathisKcr posts big blind 30
Dealt to MathisKcr [7s Kh]
*** PRE-FLOP *** 
AC-Sniper52 calls 30
R.Quenard raises 8 to 38 and is all-in
MathisKcr raises 501 to 539 and is all-in
AC-Sniper52 folds
*** FLOP *** [3h 6c 2c]
*** TURN *** [3h 6c 2c][8c]
*** RIVER *** [3h 6c 2c 8c][9d]
*** SHOW DOWN ***
R.Quenard shows [Qs 9s] (One pair : 9)
MathisKcr shows [7s Kh] (High card : King)
MathisKcr collected 501 from side pot 1
R.Quenard collected 106 from main pot
*** SUMMARY ***
Total pot 607 | No rake
Board: [3h 6c 2c 8c 9d]
Seat 2: R.Quenard (small blind) showed [Qs 9s] and won 106 with One pair : 9
Seat 3: MathisKcr (big blind) showed [7s Kh] and won 501 with High card : King


Winamax Poker - Tournament "Expresso Nitro" buyIn: 0.93€ + 0.07€ level: 3 - HandId: #4666727617758494721-8-1774720138 - Holdem no limit (20/40) - 2026/03/28 17:48:58 UTC
Table: 'Expresso Nitro(1086557195)#0' 3-max (real money) Seat #2 is the button
Seat 1: AC-Sniper52 (293)
Seat 2: R.Quenard (106)
Seat 3: MathisKcr (501)
*** ANTE/BLINDS ***
MathisKcr posts small blind 20
AC-Sniper52 posts big blind 40
Dealt to MathisKcr [2h 9h]
*** PRE-FLOP *** 
R.Quenard raises 66 to 106 and is all-in
MathisKcr folds
AC-Sniper52 folds
R.Quenard collected 166 from pot
*** SUMMARY ***
Total pot 166 | No rake
Seat 2: R.Quenard (button) won 166


Winamax Poker - Tournament "Expresso Nitro" buyIn: 0.93€ + 0.07€ level: 3 - HandId: #4666727617758494721-9-1774720147 - Holdem no limit (20/40) - 2026/03/28 17:49:07 UTC
Table: 'Expresso Nitro(1086557195)#0' 3-max (real money) Seat #3 is the button
Seat 1: AC-Sniper52 (253)
Seat 2: R.Quenard (166)
Seat 3: MathisKcr (481)
*** ANTE/BLINDS ***
AC-Sniper52 posts small blind 20
R.Quenard posts big blind 40
Dealt to MathisKcr [4s 3c]
*** PRE-FLOP *** 
MathisKcr folds
AC-Sniper52 folds
R.Quenard collected 60 from pot
*** SUMMARY ***
Total pot 60 | No rake
Seat 2: R.Quenard (big blind) won 60


Winamax Poker - Tournament "Expresso Nitro" buyIn: 0.93€ + 0.07€ level: 3 - HandId: #4666727617758494721-10-1774720158 - Holdem no limit (20/40) - 2026/03/28 17:49:18 UTC
Table: 'Expresso Nitro(1086557195)#0' 3-max (real money) Seat #1 is the button
Seat 1: AC-Sniper52 (233)
Seat 2: R.Quenard (186)
Seat 3: MathisKcr (481)
*** ANTE/BLINDS ***
R.Quenard posts small blind 20
MathisKcr posts big blind 40
Dealt to MathisKcr [7h 4h]
*** PRE-FLOP *** 
AC-Sniper52 calls 40
R.Quenard folds
MathisKcr checks
*** FLOP *** [5c Ah As]
MathisKcr checks
AC-Sniper52 bets 40
MathisKcr folds
AC-Sniper52 collected 140 from pot
*** SUMMARY ***
Total pot 140 | No rake
Board: [5c Ah As]
Seat 1: AC-Sniper52 (button) won 140


Winamax Poker - Tournament "Expresso Nitro" buyIn: 0.93€ + 0.07€ level: 4 - HandId: #4666727617758494721-11-1774720178 - Holdem no limit (30/60) - 2026/03/28 17:49:38 UTC
Table: 'Expresso Nitro(1086557195)#0' 3-max (real money) Seat #2 is the button
Seat 1: AC-Sniper52 (293)
Seat 2: R.Quenard (166)
Seat 3: MathisKcr (441)
*** ANTE/BLINDS ***
MathisKcr posts small blind 30
AC-Sniper52 posts big blind 60
Dealt to MathisKcr [Qc 6h]
*** PRE-FLOP *** 
R.Quenard folds
MathisKcr raises 381 to 441 and is all-in
AC-Sniper52 folds
MathisKcr collected 501 from pot
*** SUMMARY ***
Total pot 501 | No rake
Seat 3: MathisKcr (small blind) won 501


Winamax Poker - Tournament "Expresso Nitro" buyIn: 0.93€ + 0.07€ level: 4 - HandId: #4666727617758494721-12-1774720196 - Holdem no limit (30/60) - 2026/03/28 17:49:56 UTC
Table: 'Expresso Nitro(1086557195)#0' 3-max (real money) Seat #3 is the button
Seat 1: AC-Sniper52 (233)
Seat 2: R.Quenard (166)
Seat 3: MathisKcr (501)
*** ANTE/BLINDS ***
AC-Sniper52 posts small blind 30
R.Quenard posts big blind 60
Dealt to MathisKcr [Ac Th]
*** PRE-FLOP *** 
MathisKcr raises 441 to 501 and is all-in
AC-Sniper52 folds
R.Quenard folds
MathisKcr collected 591 from pot
*** SUMMARY ***
Total pot 591 | No rake
Seat 3: MathisKcr (button) won 591


Winamax Poker - Tournament "Expresso Nitro" buyIn: 0.93€ + 0.07€ level: 4 - HandId: #4666727617758494721-13-1774720207 - Holdem no limit (30/60) - 2026/03/28 17:50:07 UTC
Table: 'Expresso Nitro(1086557195)#0' 3-max (real money) Seat #1 is the button
Seat 1: AC-Sniper52 (203)
Seat 2: R.Quenard (106)
Seat 3: MathisKcr (591)
*** ANTE/BLINDS ***
R.Quenard posts small blind 30
MathisKcr posts big blind 60
Dealt to MathisKcr [Jh Kc]
*** PRE-FLOP *** 
AC-Sniper52 calls 60
R.Quenard raises 46 to 106 and is all-in
MathisKcr raises 485 to 591 and is all-in
AC-Sniper52 calls 143 and is all-in
*** FLOP *** [8h Ks 2c]
*** TURN *** [8h Ks 2c][Th]
*** RIVER *** [8h Ks 2c Th][3d]
*** SHOW DOWN ***
AC-Sniper52 shows [9h Qd] (High card : King)
R.Quenard shows [Ac 2d] (One pair : 2)
MathisKcr shows [Jh Kc] (One pair : Kings)
MathisKcr collected 900 from pot
*** SUMMARY ***
Total pot 900 | No rake
Board: [8h Ks 2c Th 3d]
Seat 1: AC-Sniper52 (button) showed [9h Qd] and lost with High card : King
Seat 2: R.Quenard (small blind) showed [Ac 2d] and lost with One pair : 2
Seat 3: MathisKcr (big blind) showed [Jh Kc] and won 900 with One pair : Kings


