Winamax Poker - Tournament "SPACE KO" buyIn: 0.45€ + 0.05€ level: 1 - HandId: #4528007647340789790-1-1772282710 - Holdem no limit (25/100/200) - 2026/02/28 12:45:10 UTC
Table: 'SPACE KO(1054258935)#0029' 6-max (real money) Seat #5 is the button
Seat 1: HerveBoss336 (20000, 0.25€ bounty)
Seat 2: LKornet (20000, 0.25€ bounty)
Seat 3: MathisKcr (20000, 0.25€ bounty)
Seat 4: spooky1209 (20000, 0.25€ bounty)
Seat 5: jaloto (20000, 0.25€ bounty)
Seat 6: un.angepasse (20000, 0.25€ bounty)
*** ANTE/BLINDS ***
un.angepasse posts ante 25
HerveBoss336 posts ante 25
LKornet posts ante 25
MathisKcr posts ante 25
spooky1209 posts ante 25
jaloto posts ante 25
un.angepasse posts small blind 100
HerveBoss336 posts big blind 200
Dealt to MathisKcr [4h Qh]
*** PRE-FLOP *** 
LKornet folds
MathisKcr folds
spooky1209 raises 300 to 500
jaloto calls 500
un.angepasse folds
HerveBoss336 folds
*** FLOP *** [Jd 2s 9h]
spooky1209 bets 508
jaloto calls 508
*** TURN *** [Jd 2s 9h][7d]
spooky1209 bets 1400
jaloto folds
spooky1209 collected 3866 from pot
*** SUMMARY ***
Total pot 3866 | No rake
Board: [Jd 2s 9h 7d]
Seat 4: spooky1209 won 3866


Winamax Poker - Tournament "SPACE KO" buyIn: 0.45€ + 0.05€ level: 1 - HandId: #4528007647340789790-2-1772282878 - Holdem no limit (25/100/200) - 2026/02/28 12:47:58 UTC
Table: 'SPACE KO(1054258935)#0029' 6-max (real money) Seat #6 is the button
Seat 1: HerveBoss336 (19775, 0.25€ bounty)
Seat 2: LKornet (19975, 0.25€ bounty)
Seat 3: MathisKcr (19975, 0.25€ bounty)
Seat 4: spooky1209 (21433, 0.25€ bounty)
Seat 5: jaloto (18967, 0.25€ bounty)
Seat 6: un.angepasse (19875, 0.25€ bounty)
*** ANTE/BLINDS ***
HerveBoss336 posts ante 25
LKornet posts ante 25
MathisKcr posts ante 25
spooky1209 posts ante 25
jaloto posts ante 25
un.angepasse posts ante 25
HerveBoss336 posts small blind 100
LKornet posts big blind 200
Dealt to MathisKcr [4s 2s]
*** PRE-FLOP *** 
MathisKcr folds
spooky1209 folds
jaloto folds
un.angepasse folds
HerveBoss336 calls 100
LKornet raises 600 to 800
HerveBoss336 folds
LKornet collected 1150 from pot
*** SUMMARY ***
Total pot 1150 | No rake
Seat 2: LKornet (big blind) won 1150


Winamax Poker - Tournament "SPACE KO" buyIn: 0.45€ + 0.05€ level: 1 - HandId: #4528007647340789790-3-1772282988 - Holdem no limit (25/100/200) - 2026/02/28 12:49:48 UTC
Table: 'SPACE KO(1054258935)#0029' 6-max (real money) Seat #1 is the button
Seat 1: HerveBoss336 (19550, 0.25€ bounty)
Seat 2: LKornet (20300, 0.25€ bounty)
Seat 3: MathisKcr (19950, 0.25€ bounty)
Seat 5: jaloto (18942, 0.25€ bounty)
Seat 6: un.angepasse (19850, 0.25€ bounty)
*** ANTE/BLINDS ***
LKornet posts ante 25
MathisKcr posts ante 25
HerveBoss336 posts ante 25
jaloto posts ante 25
un.angepasse posts ante 25
LKornet posts small blind 100
MathisKcr posts big blind 200
Dealt to MathisKcr [Kd Qd]
*** PRE-FLOP *** 
jaloto folds
un.angepasse folds
HerveBoss336 folds
LKornet calls 100
MathisKcr raises 200 to 400
LKornet calls 200
*** FLOP *** [7s 5d 4h]
LKornet checks
MathisKcr bets 463
LKornet calls 463
*** TURN *** [7s 5d 4h][4s]
LKornet checks
MathisKcr checks
*** RIVER *** [7s 5d 4h 4s][2s]
LKornet checks
MathisKcr bets 648
LKornet calls 648
*** SHOW DOWN ***
MathisKcr shows [Kd Qd] (One pair : 4)
LKornet shows [2d 3h] (Two pairs : 4 and 2)
LKornet collected 3147 from pot
*** SUMMARY ***
Total pot 3147 | No rake
Board: [7s 5d 4h 4s 2s]
Seat 2: LKornet (small blind) showed [2d 3h] and won 3147 with Two pairs : 4 and 2
Seat 3: MathisKcr (big blind) showed [Kd Qd] and lost with One pair : 4


Winamax Poker - Tournament "SPACE KO" buyIn: 0.45€ + 0.05€ level: 1 - HandId: #4528007647340789790-4-1772283053 - Holdem no limit (25/100/200) - 2026/02/28 12:50:53 UTC
Table: 'SPACE KO(1054258935)#0029' 6-max (real money) Seat #2 is the button
Seat 1: HerveBoss336 (19525, 0.25€ bounty)
Seat 2: LKornet (21911, 0.25€ bounty)
Seat 3: MathisKcr (18414, 0.25€ bounty)
Seat 4: CDAN (20000, 0.25€ bounty)
Seat 5: jaloto (18917, 0.25€ bounty)
Seat 6: un.angepasse (19825, 0.25€ bounty)
*** ANTE/BLINDS ***
MathisKcr posts ante 25
CDAN posts ante 25
HerveBoss336 posts ante 25
LKornet posts ante 25
jaloto posts ante 25
un.angepasse posts ante 25
MathisKcr posts small blind 100
CDAN posts big blind 200
Dealt to MathisKcr [5d Td]
*** PRE-FLOP *** 
jaloto calls 200
un.angepasse folds
HerveBoss336 raises 300 to 500
LKornet folds
MathisKcr calls 400
CDAN calls 300
jaloto calls 300
*** FLOP *** [5s Js 8h]
MathisKcr checks
CDAN bets 2150
jaloto folds
HerveBoss336 raises 16850 to 19000 and is all-in
MathisKcr folds
CDAN calls 16850
*** TURN *** [5s Js 8h][7d]
*** RIVER *** [5s Js 8h 7d][3c]
*** SHOW DOWN ***
HerveBoss336 shows [Ah Ad] (One pair : Aces)
CDAN shows [Jc 8d] (Two pairs : Jacks and 8)
CDAN collected 40150 from pot
*** SUMMARY ***
Total pot 40150 | No rake
Board: [5s Js 8h 7d 3c]
Seat 1: HerveBoss336 showed [Ah Ad] and lost with One pair : Aces
Seat 4: CDAN (big blind) showed [Jc 8d] and won 40150 with Two pairs : Jacks and 8


Winamax Poker - Tournament "SPACE KO" buyIn: 0.45€ + 0.05€ level: 1 - HandId: #4528007647340789790-5-1772283138 - Holdem no limit (25/100/200) - 2026/02/28 12:52:18 UTC
Table: 'SPACE KO(1054258935)#0029' 6-max (real money) Seat #3 is the button
Seat 2: LKornet (21886, 0.25€ bounty)
Seat 3: MathisKcr (17889, 0.25€ bounty)
Seat 4: CDAN (40625, 0.30€ bounty)
Seat 5: jaloto (18392, 0.25€ bounty)
Seat 6: un.angepasse (19800, 0.25€ bounty)
*** ANTE/BLINDS ***
CDAN posts ante 25
jaloto posts ante 25
LKornet posts ante 25
MathisKcr posts ante 25
un.angepasse posts ante 25
CDAN posts small blind 100
jaloto posts big blind 200
Dealt to MathisKcr [7d 2d]
*** PRE-FLOP *** 
un.angepasse calls 200
LKornet raises 400 to 600
MathisKcr folds
CDAN calls 500
jaloto folds
un.angepasse calls 400
*** FLOP *** [3d 6s Qh]
CDAN checks
un.angepasse checks
LKornet bets 744
CDAN calls 744
un.angepasse calls 744
*** TURN *** [3d 6s Qh][8h]
CDAN checks
un.angepasse checks
LKornet bets 2832
CDAN calls 2832
un.angepasse calls 2832
*** RIVER *** [3d 6s Qh 8h][6h]
CDAN checks
un.angepasse checks
LKornet checks
*** SHOW DOWN ***
LKornet shows [Jd Kd] (One pair : 6)
CDAN shows [7s 9s] (One pair : 6)
un.angepasse shows [Kc 6c] (Trips of 6)
un.angepasse collected 12853 from pot
*** SUMMARY ***
Total pot 12853 | No rake
Board: [3d 6s Qh 8h 6h]
Seat 2: LKornet showed [Jd Kd] and lost with One pair : 6
Seat 4: CDAN (small blind) showed [7s 9s] and lost with One pair : 6
Seat 6: un.angepasse showed [Kc 6c] and won 12853 with Trips of 6


Winamax Poker - Tournament "SPACE KO" buyIn: 0.45€ + 0.05€ level: 1 - HandId: #4528007647340789790-6-1772283231 - Holdem no limit (25/100/200) - 2026/02/28 12:53:51 UTC
Table: 'SPACE KO(1054258935)#0029' 6-max (real money) Seat #4 is the button
Seat 1: kingloldu78 (20000, 0.25€ bounty)
Seat 2: LKornet (17685, 0.25€ bounty)
Seat 3: MathisKcr (17864, 0.25€ bounty)
Seat 4: CDAN (36424, 0.30€ bounty)
Seat 5: jaloto (18167, 0.25€ bounty)
Seat 6: un.angepasse (28452, 0.25€ bounty)
*** ANTE/BLINDS ***
jaloto posts ante 25
un.angepasse posts ante 25
kingloldu78 posts ante 25
LKornet posts ante 25
MathisKcr posts ante 25
CDAN posts ante 25
jaloto posts small blind 100
un.angepasse posts big blind 200
Dealt to MathisKcr [6h Jh]
*** PRE-FLOP *** 
kingloldu78 calls 200
LKornet folds
MathisKcr calls 200
CDAN folds
jaloto calls 100
un.angepasse checks
*** FLOP *** [3s 4s Qh]
jaloto bets 200
un.angepasse folds
kingloldu78 calls 200
MathisKcr folds
*** TURN *** [3s 4s Qh][Ah]
jaloto bets 200
kingloldu78 calls 200
*** RIVER *** [3s 4s Qh Ah][6s]
jaloto bets 200
kingloldu78 calls 200
*** SHOW DOWN ***
kingloldu78 shows [9c 9d] (One pair : 9)
jaloto shows [Tc Qc] (One pair : Queens)
jaloto collected 2150 from pot
*** SUMMARY ***
Total pot 2150 | No rake
Board: [3s 4s Qh Ah 6s]
Seat 1: kingloldu78 showed [9c 9d] and lost with One pair : 9
Seat 5: jaloto (small blind) showed [Tc Qc] and won 2150 with One pair : Queens


Winamax Poker - Tournament "SPACE KO" buyIn: 0.45€ + 0.05€ level: 1 - HandId: #4528007647340789790-7-1772283299 - Holdem no limit (25/100/200) - 2026/02/28 12:54:59 UTC
Table: 'SPACE KO(1054258935)#0029' 6-max (real money) Seat #5 is the button
Seat 1: kingloldu78 (19175, 0.25€ bounty)
Seat 2: LKornet (17660, 0.25€ bounty)
Seat 3: MathisKcr (17639, 0.25€ bounty)
Seat 4: CDAN (36399, 0.30€ bounty)
Seat 5: jaloto (19492, 0.25€ bounty)
Seat 6: un.angepasse (28227, 0.25€ bounty)
*** ANTE/BLINDS ***
un.angepasse posts ante 25
kingloldu78 posts ante 25
LKornet posts ante 25
MathisKcr posts ante 25
CDAN posts ante 25
jaloto posts ante 25
un.angepasse posts small blind 100
kingloldu78 posts big blind 200
Dealt to MathisKcr [Qs Th]
*** PRE-FLOP *** 
LKornet folds
MathisKcr raises 200 to 400
CDAN raises 800 to 1200
jaloto folds
un.angepasse calls 1100
kingloldu78 calls 1000
MathisKcr calls 800
*** FLOP *** [Jc 7d Ah]
un.angepasse checks
kingloldu78 checks
MathisKcr checks
CDAN checks
*** TURN *** [Jc 7d Ah][4s]
un.angepasse checks
kingloldu78 checks
MathisKcr checks
CDAN checks
*** RIVER *** [Jc 7d Ah 4s][4d]
un.angepasse checks
kingloldu78 checks
MathisKcr checks
CDAN checks
*** SHOW DOWN ***
kingloldu78 shows [9s 8s] (One pair : 4)
MathisKcr shows [Qs Th] (One pair : 4)
un.angepasse shows [7s 6d] (Two pairs : 7 and 4)
CDAN shows [Kc Kh] (Two pairs : Kings and 4)
CDAN collected 4950 from pot
*** SUMMARY ***
Total pot 4950 | No rake
Board: [Jc 7d Ah 4s 4d]
Seat 1: kingloldu78 (big blind) showed [9s 8s] and lost with One pair : 4
Seat 3: MathisKcr showed [Qs Th] and lost with One pair : 4
Seat 4: CDAN showed [Kc Kh] and won 4950 with Two pairs : Kings and 4
Seat 6: un.angepasse (small blind) showed [7s 6d] and lost with Two pairs : 7 and 4


Winamax Poker - Tournament "SPACE KO" buyIn: 0.45€ + 0.05€ level: 1 - HandId: #4528007647340789790-8-1772283660 - Holdem no limit (25/100/200) - 2026/02/28 13:01:00 UTC
Table: 'SPACE KO(1054258935)#0029' 6-max (real money) Seat #6 is the button
Seat 1: kingloldu78 (17950, 0.25€ bounty)
Seat 2: LKornet (17635, 0.25€ bounty)
Seat 3: MathisKcr (16414, 0.25€ bounty)
Seat 4: CDAN (40124, 0.30€ bounty)
Seat 5: jaloto (19467, 0.25€ bounty)
Seat 6: un.angepasse (27002, 0.25€ bounty)
*** ANTE/BLINDS ***
kingloldu78 posts ante 25
LKornet posts ante 25
MathisKcr posts ante 25
CDAN posts ante 25
jaloto posts ante 25
un.angepasse posts ante 25
kingloldu78 posts small blind 100
LKornet posts big blind 200
Dealt to MathisKcr [4h 5s]
*** PRE-FLOP *** 
MathisKcr folds
CDAN calls 200
jaloto raises 200 to 400
un.angepasse calls 400
kingloldu78 calls 300
LKornet folds
CDAN calls 200
*** FLOP *** [2d 9s 4s]
kingloldu78 checks
CDAN checks
jaloto bets 683
un.angepasse calls 683
kingloldu78 calls 683
CDAN calls 683
*** TURN *** [2d 9s 4s][Ac]
kingloldu78 checks
CDAN checks
jaloto bets 1639
un.angepasse folds
kingloldu78 folds
CDAN calls 1639
*** RIVER *** [2d 9s 4s Ac][3c]
CDAN checks
jaloto bets 2786
CDAN raises 34591 to 37377 and is all-in
jaloto calls 13934 and is all-in
*** SHOW DOWN ***
jaloto shows [Kc Kh] (One pair : Kings)
CDAN shows [5h 6h] (Straight 6 high)
CDAN collected 62057 from pot
*** SUMMARY ***
Total pot 62057 | No rake
Board: [2d 9s 4s Ac 3c]
Seat 4: CDAN showed [5h 6h] and won 62057 with Straight 6 high
Seat 5: jaloto showed [Kc Kh] and lost with One pair : Kings


Winamax Poker - Tournament "SPACE KO" buyIn: 0.45€ + 0.05€ level: 1 - HandId: #4528007647340789790-9-1772283822 - Holdem no limit (25/100/200) - 2026/02/28 13:03:42 UTC
Table: 'SPACE KO(1054258935)#0029' 6-max (real money) Seat #1 is the button
Seat 1: kingloldu78 (16842, 0.25€ bounty)
Seat 2: LKornet (17410, 0.25€ bounty)
Seat 3: MathisKcr (16389, 0.25€ bounty)
Seat 4: CDAN (62057, 0.35€ bounty)
Seat 6: un.angepasse (25894, 0.25€ bounty)
*** ANTE/BLINDS ***
LKornet posts ante 25
MathisKcr posts ante 25
kingloldu78 posts ante 25
CDAN posts ante 25
un.angepasse posts ante 25
LKornet posts small blind 100
MathisKcr posts big blind 200
Dealt to MathisKcr [5d 9s]
*** PRE-FLOP *** 
CDAN calls 200
un.angepasse raises 825 to 1025
kingloldu78 folds
LKornet folds
MathisKcr folds
CDAN calls 825
*** FLOP *** [Tc 8h 6c]
CDAN checks
un.angepasse bets 2475
CDAN folds
un.angepasse collected 4950 from pot
*** SUMMARY ***
Total pot 4950 | No rake
Board: [Tc 8h 6c]
Seat 6: un.angepasse won 4950


Winamax Poker - Tournament "SPACE KO" buyIn: 0.45€ + 0.05€ level: 1 - HandId: #4528007647340789790-10-1772283853 - Holdem no limit (25/100/200) - 2026/02/28 13:04:13 UTC
Table: 'SPACE KO(1054258935)#0029' 6-max (real money) Seat #2 is the button
Seat 1: kingloldu78 (16817, 0.25€ bounty)
Seat 2: LKornet (17285, 0.25€ bounty)
Seat 3: MathisKcr (16164, 0.25€ bounty)
Seat 4: CDAN (61007, 0.35€ bounty)
Seat 5: AALaRNAker (20000, 0.25€ bounty)
Seat 6: un.angepasse (27319, 0.25€ bounty)
*** ANTE/BLINDS ***
MathisKcr posts ante 25
CDAN posts ante 25
kingloldu78 posts ante 25
LKornet posts ante 25
AALaRNAker posts ante 25
un.angepasse posts ante 25
MathisKcr posts small blind 100
CDAN posts big blind 200
Dealt to MathisKcr [3h Qd]
*** PRE-FLOP *** 
AALaRNAker folds
un.angepasse folds
kingloldu78 calls 200
LKornet raises 700 to 900
MathisKcr folds
CDAN calls 700
kingloldu78 calls 700
*** FLOP *** [4d 6h Tc]
CDAN checks
kingloldu78 checks
LKornet bets 1918
CDAN calls 1918
kingloldu78 folds
*** TURN *** [4d 6h Tc][Ac]
CDAN checks
LKornet bets 6786
CDAN folds
LKornet collected 13572 from pot
*** SUMMARY ***
Total pot 13572 | No rake
Board: [4d 6h Tc Ac]
Seat 2: LKornet (button) won 13572


Winamax Poker - Tournament "SPACE KO" buyIn: 0.45€ + 0.05€ level: 1 - HandId: #4528007647340789790-11-1772283948 - Holdem no limit (25/100/200) - 2026/02/28 13:05:48 UTC
Table: 'SPACE KO(1054258935)#0029' 6-max (real money) Seat #3 is the button
Seat 1: kingloldu78 (15892, 0.25€ bounty)
Seat 2: LKornet (21228, 0.25€ bounty)
Seat 3: MathisKcr (16039, 0.25€ bounty)
Seat 4: CDAN (58164, 0.35€ bounty)
Seat 5: AALaRNAker (19975, 0.25€ bounty)
Seat 6: un.angepasse (27294, 0.25€ bounty)
*** ANTE/BLINDS ***
CDAN posts ante 25
AALaRNAker posts ante 25
kingloldu78 posts ante 25
LKornet posts ante 25
MathisKcr posts ante 25
un.angepasse posts ante 25
CDAN posts small blind 100
AALaRNAker posts big blind 200
Dealt to MathisKcr [Jd Tc]
*** PRE-FLOP *** 
un.angepasse folds
kingloldu78 folds
LKornet raises 400 to 600
MathisKcr calls 600
CDAN folds
AALaRNAker raises 19350 to 19950 and is all-in
LKornet folds
MathisKcr folds
AALaRNAker collected 21400 from pot
*** SUMMARY ***
Total pot 21400 | No rake
Seat 5: AALaRNAker (big blind) won 21400


Winamax Poker - Tournament "SPACE KO" buyIn: 0.45€ + 0.05€ level: 1 - HandId: #4528007647340789790-19-1772284546 - Holdem no limit (25/100/200) - 2026/02/28 13:15:46 UTC
Table: 'SPACE KO(1054258935)#0029' 6-max (real money) Seat #6 is the button
Seat 1: WinitaZen (25254, 0.25€ bounty)
Seat 2: LKornet (18013, 0.25€ bounty)
Seat 3: MathisKcr (13689, 0.25€ bounty)
Seat 4: -IsiS- (22055, 0.25€ bounty)
Seat 5: AALaRNAker (23125, 0.25€ bounty)
Seat 6: un.angepasse (99036, 0.44€ bounty)
*** ANTE/BLINDS ***
WinitaZen posts ante 25
LKornet posts ante 25
MathisKcr posts ante 25
-IsiS- posts ante 25
AALaRNAker posts ante 25
un.angepasse posts ante 25
WinitaZen posts small blind 100
LKornet posts big blind 200
Dealt to MathisKcr [3h 7d]
*** PRE-FLOP *** 
MathisKcr folds
-IsiS- calls 200
AALaRNAker folds
un.angepasse calls 200
WinitaZen calls 100
LKornet raises 1200 to 1400
-IsiS- calls 1200
un.angepasse calls 1200
WinitaZen calls 1200
*** FLOP *** [9d Qd 8d]
WinitaZen checks
LKornet bets 1438
-IsiS- calls 1438
un.angepasse folds
WinitaZen raises 22391 to 23829 and is all-in
LKornet calls 15150 and is all-in
-IsiS- folds
*** TURN *** [9d Qd 8d][2c]
*** RIVER *** [9d Qd 8d 2c][6d]
*** SHOW DOWN ***
WinitaZen shows [Jh Ts] (Straight Queen high)
LKornet shows [Td Ad] (Flush Ace high)
LKornet collected 40364 from main pot
WinitaZen collected 7241 from side pot 1
*** SUMMARY ***
Total pot 47605 | No rake
Board: [9d Qd 8d 2c 6d]
Seat 1: WinitaZen (small blind) showed [Jh Ts] and won 7241 with Straight Queen high
Seat 2: LKornet (big blind) showed [Td Ad] and won 40364 with Flush Ace high


Winamax Poker - Tournament "SPACE KO" buyIn: 0.45€ + 0.05€ level: 1 - HandId: #4528007647340789790-20-1772284651 - Holdem no limit (25/100/200) - 2026/02/28 13:17:31 UTC
Table: 'SPACE KO(1054258935)#0029' 6-max (real money) Seat #1 is the button
Seat 1: WinitaZen (7241, 0.25€ bounty)
Seat 2: LKornet (40364, 0.25€ bounty)
Seat 3: MathisKcr (13664, 0.25€ bounty)
Seat 4: -IsiS- (19192, 0.25€ bounty)
Seat 5: AALaRNAker (23100, 0.25€ bounty)
Seat 6: un.angepasse (97611, 0.44€ bounty)
*** ANTE/BLINDS ***
LKornet posts ante 25
MathisKcr posts ante 25
WinitaZen posts ante 25
-IsiS- posts ante 25
AALaRNAker posts ante 25
un.angepasse posts ante 25
LKornet posts small blind 100
MathisKcr posts big blind 200
Dealt to MathisKcr [3s 5c]
*** PRE-FLOP *** 
-IsiS- folds
AALaRNAker raises 200 to 400
un.angepasse calls 400
WinitaZen raises 6816 to 7216 and is all-in
LKornet folds
MathisKcr folds
AALaRNAker folds
un.angepasse calls 6816
*** FLOP *** [4c 2c Qs]
*** TURN *** [4c 2c Qs][4h]
*** RIVER *** [4c 2c Qs 4h][6s]
*** SHOW DOWN ***
un.angepasse shows [3c Kc] (One pair : 4)
WinitaZen shows [Ks Ac] (One pair : 4)
WinitaZen collected 15282 from pot
*** SUMMARY ***
Total pot 15282 | No rake
Board: [4c 2c Qs 4h 6s]
Seat 1: WinitaZen (button) showed [Ks Ac] and won 15282 with One pair : 4
Seat 6: un.angepasse showed [3c Kc] and lost with One pair : 4


Winamax Poker - Tournament "SPACE KO" buyIn: 0.45€ + 0.05€ level: 1 - HandId: #4528007647340789790-21-1772284692 - Holdem no limit (25/100/200) - 2026/02/28 13:18:12 UTC
Table: 'SPACE KO(1054258935)#0029' 6-max (real money) Seat #2 is the button
Seat 1: WinitaZen (15282, 0.25€ bounty)
Seat 2: LKornet (40239, 0.25€ bounty)
Seat 3: MathisKcr (13439, 0.25€ bounty)
Seat 4: -IsiS- (19167, 0.25€ bounty)
Seat 5: AALaRNAker (22675, 0.25€ bounty)
Seat 6: un.angepasse (90370, 0.44€ bounty)
*** ANTE/BLINDS ***
MathisKcr posts ante 25
-IsiS- posts ante 25
WinitaZen posts ante 25
LKornet posts ante 25
AALaRNAker posts ante 25
un.angepasse posts ante 25
MathisKcr posts small blind 100
-IsiS- posts big blind 200
Dealt to MathisKcr [7d Jd]
*** PRE-FLOP *** 
AALaRNAker folds
un.angepasse folds
WinitaZen calls 200
LKornet raises 700 to 900
MathisKcr folds
-IsiS- calls 700
WinitaZen folds
*** FLOP *** [2d 4d 9s]
-IsiS- checks
LKornet bets 788
-IsiS- calls 788
*** TURN *** [2d 4d 9s][Ac]
-IsiS- bets 3826
LKornet folds
-IsiS- collected 7652 from pot
*** SUMMARY ***
Total pot 7652 | No rake
Board: [2d 4d 9s Ac]
Seat 4: -IsiS- (big blind) won 7652


Winamax Poker - Tournament "SPACE KO" buyIn: 0.45€ + 0.05€ level: 1 - HandId: #4528007647340789790-22-1772284745 - Holdem no limit (25/100/200) - 2026/02/28 13:19:05 UTC
Table: 'SPACE KO(1054258935)#0029' 6-max (real money) Seat #3 is the button
Seat 1: WinitaZen (15057, 0.25€ bounty)
Seat 2: LKornet (38526, 0.25€ bounty)
Seat 3: MathisKcr (13314, 0.25€ bounty)
Seat 4: -IsiS- (21280, 0.25€ bounty)
Seat 5: AALaRNAker (22650, 0.25€ bounty)
Seat 6: un.angepasse (90345, 0.44€ bounty)
*** ANTE/BLINDS ***
-IsiS- posts ante 25
AALaRNAker posts ante 25
WinitaZen posts ante 25
LKornet posts ante 25
MathisKcr posts ante 25
un.angepasse posts ante 25
-IsiS- posts small blind 100
AALaRNAker posts big blind 200
Dealt to MathisKcr [8s 6d]
*** PRE-FLOP *** 
un.angepasse calls 200
WinitaZen calls 200
LKornet folds
MathisKcr folds
-IsiS- calls 100
AALaRNAker checks
*** FLOP *** [3s 7s 3h]
-IsiS- checks
AALaRNAker checks
un.angepasse checks
WinitaZen checks
*** TURN *** [3s 7s 3h][4c]
-IsiS- checks
AALaRNAker bets 760
un.angepasse calls 760
WinitaZen folds
-IsiS- calls 760
*** RIVER *** [3s 7s 3h 4c][Ks]
-IsiS- checks
AALaRNAker checks
un.angepasse checks
*** SHOW DOWN ***
-IsiS- shows [8h 6c] (One pair : 3)
un.angepasse shows [Tc As] (One pair : 3)
AALaRNAker shows [7c Kh] (Two pairs : Kings and 7)
AALaRNAker collected 3230 from pot
*** SUMMARY ***
Total pot 3230 | No rake
Board: [3s 7s 3h 4c Ks]
Seat 4: -IsiS- (small blind) showed [8h 6c] and lost with One pair : 3
Seat 5: AALaRNAker (big blind) showed [7c Kh] and won 3230 with Two pairs : Kings and 7
Seat 6: un.angepasse showed [Tc As] and lost with One pair : 3


Winamax Poker - Tournament "SPACE KO" buyIn: 0.45€ + 0.05€ level: 1 - HandId: #4528007647340789790-23-1772284835 - Holdem no limit (25/100/200) - 2026/02/28 13:20:35 UTC
Table: 'SPACE KO(1054258935)#0029' 6-max (real money) Seat #4 is the button
Seat 1: WinitaZen (14832, 0.25€ bounty)
Seat 2: LKornet (38501, 0.25€ bounty)
Seat 3: MathisKcr (13289, 0.25€ bounty)
Seat 4: -IsiS- (20295, 0.25€ bounty)
Seat 5: AALaRNAker (24895, 0.25€ bounty)
Seat 6: un.angepasse (89360, 0.44€ bounty)
*** ANTE/BLINDS ***
AALaRNAker posts ante 25
un.angepasse posts ante 25
WinitaZen posts ante 25
LKornet posts ante 25
MathisKcr posts ante 25
-IsiS- posts ante 25
AALaRNAker posts small blind 100
un.angepasse posts big blind 200
Dealt to MathisKcr [9d 4c]
*** PRE-FLOP *** 
WinitaZen calls 200
LKornet raises 700 to 900
MathisKcr folds
-IsiS- folds
AALaRNAker folds
un.angepasse calls 700
WinitaZen raises 700 to 1600
LKornet calls 700
un.angepasse calls 700
*** FLOP *** [Js 4d Ac]
un.angepasse checks
WinitaZen checks
LKornet checks
*** TURN *** [Js 4d Ac][2c]
un.angepasse checks
WinitaZen bets 1768
LKornet folds
un.angepasse calls 1768
*** RIVER *** [Js 4d Ac 2c][Qh]
un.angepasse checks
WinitaZen bets 11439 and is all-in
un.angepasse folds
WinitaZen collected 20025 from pot
*** SUMMARY ***
Total pot 20025 | No rake
Board: [Js 4d Ac 2c Qh]
Seat 1: WinitaZen won 20025


Winamax Poker - Tournament "SPACE KO" buyIn: 0.45€ + 0.05€ level: 2 - HandId: #4528007647340789790-24-1772284893 - Holdem no limit (30/125/250) - 2026/02/28 13:21:33 UTC
Table: 'SPACE KO(1054258935)#0029' 6-max (real money) Seat #5 is the button
Seat 1: WinitaZen (20025, 0.25€ bounty)
Seat 2: LKornet (36876, 0.25€ bounty)
Seat 3: MathisKcr (13264, 0.25€ bounty)
Seat 4: -IsiS- (20270, 0.25€ bounty)
Seat 5: AALaRNAker (24770, 0.25€ bounty)
Seat 6: un.angepasse (85967, 0.44€ bounty)
*** ANTE/BLINDS ***
un.angepasse posts ante 30
WinitaZen posts ante 30
LKornet posts ante 30
MathisKcr posts ante 30
-IsiS- posts ante 30
AALaRNAker posts ante 30
un.angepasse posts small blind 125
WinitaZen posts big blind 250
Dealt to MathisKcr [5c Qh]
*** PRE-FLOP *** 
LKornet folds
MathisKcr raises 250 to 500
-IsiS- calls 500
AALaRNAker folds
un.angepasse folds
WinitaZen calls 250
*** FLOP *** [8d Td 7h]
WinitaZen bets 250
MathisKcr folds
-IsiS- raises 2305 to 2555
WinitaZen calls 2305
*** TURN *** [8d Td 7h][4c]
WinitaZen checks
-IsiS- bets 6915
WinitaZen calls 6915
*** RIVER *** [8d Td 7h 4c][3c]
WinitaZen checks
-IsiS- bets 10270 and is all-in
WinitaZen calls 10025 and is all-in
*** SHOW DOWN ***
WinitaZen shows [9s 8c] (One pair : 8)
-IsiS- shows [9c Jh] (Straight Jack high)
-IsiS- collected 41040 from pot
*** SUMMARY ***
Total pot 41040 | No rake
Board: [8d Td 7h 4c 3c]
Seat 1: WinitaZen (big blind) showed [9s 8c] and lost with One pair : 8
Seat 4: -IsiS- showed [9c Jh] and won 41040 with Straight Jack high


Winamax Poker - Tournament "SPACE KO" buyIn: 0.45€ + 0.05€ level: 2 - HandId: #4528007647340789790-25-1772284954 - Holdem no limit (30/125/250) - 2026/02/28 13:22:34 UTC
Table: 'SPACE KO(1054258935)#0029' 6-max (real money) Seat #6 is the button
Seat 2: LKornet (36846, 0.25€ bounty)
Seat 3: MathisKcr (12734, 0.25€ bounty)
Seat 4: -IsiS- (41040, 0.30€ bounty)
Seat 5: AALaRNAker (24740, 0.25€ bounty)
Seat 6: un.angepasse (85812, 0.44€ bounty)
*** ANTE/BLINDS ***
LKornet posts ante 30
MathisKcr posts ante 30
-IsiS- posts ante 30
AALaRNAker posts ante 30
un.angepasse posts ante 30
LKornet posts big blind 250
Dealt to MathisKcr [Qh Ac]
*** PRE-FLOP *** 
MathisKcr raises 250 to 500
-IsiS- folds
AALaRNAker folds
un.angepasse calls 500
LKornet folds
*** FLOP *** [3h 5s Qs]
MathisKcr bets 490
un.angepasse calls 490
*** TURN *** [3h 5s Qs][6s]
MathisKcr bets 1547
un.angepasse calls 1547
*** RIVER *** [3h 5s Qs 6s][Qd]
MathisKcr bets 10167 and is all-in
un.angepasse folds
MathisKcr collected 15641 from pot
*** SUMMARY ***
Total pot 15641 | No rake
Board: [3h 5s Qs 6s Qd]
Seat 3: MathisKcr won 15641


Winamax Poker - Tournament "SPACE KO" buyIn: 0.45€ + 0.05€ level: 2 - HandId: #4528007647340789790-26-1772284992 - Holdem no limit (30/125/250) - 2026/02/28 13:23:12 UTC
Table: 'SPACE KO(1054258935)#0029' 6-max (real money) Seat #1 is the button
Seat 2: LKornet (36566, 0.25€ bounty)
Seat 3: MathisKcr (15641, 0.25€ bounty)
Seat 4: -IsiS- (41010, 0.30€ bounty)
Seat 5: AALaRNAker (24710, 0.25€ bounty)
Seat 6: un.angepasse (83245, 0.44€ bounty)
*** ANTE/BLINDS ***
LKornet posts ante 30
MathisKcr posts ante 30
-IsiS- posts ante 30
AALaRNAker posts ante 30
un.angepasse posts ante 30
LKornet posts small blind 125
MathisKcr posts big blind 250
Dealt to MathisKcr [2d 2c]
*** PRE-FLOP *** 
-IsiS- calls 250
AALaRNAker folds
un.angepasse folds
LKornet folds
MathisKcr raises 15361 to 15611 and is all-in
-IsiS- calls 15361
*** FLOP *** [Jc 5c Qs]
*** TURN *** [Jc 5c Qs][Jh]
*** RIVER *** [Jc 5c Qs Jh][Tc]
*** SHOW DOWN ***
-IsiS- shows [Ac 2s] (One pair : Jacks)
MathisKcr shows [2d 2c] (Two pairs : Jacks and 2)
MathisKcr collected 31497 from pot
*** SUMMARY ***
Total pot 31497 | No rake
Board: [Jc 5c Qs Jh Tc]
Seat 3: MathisKcr (big blind) showed [2d 2c] and won 31497 with Two pairs : Jacks and 2
Seat 4: -IsiS- showed [Ac 2s] and lost with One pair : Jacks


Winamax Poker - Tournament "SPACE KO" buyIn: 0.45€ + 0.05€ level: 2 - HandId: #4528007647340789790-27-1772285025 - Holdem no limit (30/125/250) - 2026/02/28 13:23:45 UTC
Table: 'SPACE KO(1054258935)#0029' 6-max (real money) Seat #2 is the button
Seat 2: LKornet (36411, 0.25€ bounty)
Seat 3: MathisKcr (31497, 0.25€ bounty)
Seat 4: -IsiS- (25369, 0.30€ bounty)
Seat 5: AALaRNAker (24680, 0.25€ bounty)
Seat 6: un.angepasse (83215, 0.44€ bounty)
*** ANTE/BLINDS ***
MathisKcr posts ante 30
-IsiS- posts ante 30
LKornet posts ante 30
AALaRNAker posts ante 30
un.angepasse posts ante 30
MathisKcr posts small blind 125
-IsiS- posts big blind 250
Dealt to MathisKcr [Ad Jc]
*** PRE-FLOP *** 
AALaRNAker folds
un.angepasse calls 250
LKornet folds
MathisKcr raises 250 to 500
-IsiS- calls 250
un.angepasse calls 250
*** FLOP *** [Jh 5c 7c]
MathisKcr bets 413
-IsiS- calls 413
un.angepasse calls 413
*** TURN *** [Jh 5c 7c][Th]
MathisKcr checks
-IsiS- checks
un.angepasse checks
*** RIVER *** [Jh 5c 7c Th][Tc]
MathisKcr bets 1878
-IsiS- folds
un.angepasse folds
MathisKcr collected 4767 from pot
*** SUMMARY ***
Total pot 4767 | No rake
Board: [Jh 5c 7c Th Tc]
Seat 3: MathisKcr (small blind) won 4767


Winamax Poker - Tournament "SPACE KO" buyIn: 0.45€ + 0.05€ level: 2 - HandId: #4528007647340789790-28-1772285066 - Holdem no limit (30/125/250) - 2026/02/28 13:24:26 UTC
Table: 'SPACE KO(1054258935)#0029' 6-max (real money) Seat #3 is the button
Seat 2: LKornet (36381, 0.25€ bounty)
Seat 3: MathisKcr (33443, 0.25€ bounty)
Seat 4: -IsiS- (24426, 0.30€ bounty)
Seat 5: AALaRNAker (24650, 0.25€ bounty)
Seat 6: un.angepasse (82272, 0.44€ bounty)
*** ANTE/BLINDS ***
-IsiS- posts ante 30
AALaRNAker posts ante 30
LKornet posts ante 30
MathisKcr posts ante 30
un.angepasse posts ante 30
-IsiS- posts small blind 125
AALaRNAker posts big blind 250
Dealt to MathisKcr [Ac Qc]
*** PRE-FLOP *** 
un.angepasse folds
LKornet raises 500 to 750
MathisKcr raises 1250 to 2000
-IsiS- folds
AALaRNAker folds
LKornet calls 1250
*** FLOP *** [8s Ah Jh]
LKornet checks
MathisKcr bets 1584
LKornet calls 1584
*** TURN *** [8s Ah Jh][8c]
LKornet checks
MathisKcr checks
*** RIVER *** [8s Ah Jh 8c][9c]
LKornet bets 5770
MathisKcr calls 5770
*** SHOW DOWN ***
LKornet shows [Td Kd] (One pair : 8)
MathisKcr shows [Ac Qc] (Two pairs : Aces and 8)
MathisKcr collected 19233 from pot
*** SUMMARY ***
Total pot 19233 | No rake
Board: [8s Ah Jh 8c 9c]
Seat 2: LKornet showed [Td Kd] and lost with One pair : 8
Seat 3: MathisKcr (button) showed [Ac Qc] and won 19233 with Two pairs : Aces and 8


Winamax Poker - Tournament "SPACE KO" buyIn: 0.45€ + 0.05€ level: 2 - HandId: #4528007647340789790-29-1772285119 - Holdem no limit (30/125/250) - 2026/02/28 13:25:19 UTC
Table: 'SPACE KO(1054258935)#0029' 6-max (real money) Seat #4 is the button
Seat 1: LauQQa (20000, 0.25€ bounty)
Seat 2: LKornet (26997, 0.25€ bounty)
Seat 3: MathisKcr (43292, 0.25€ bounty)
Seat 4: -IsiS- (24271, 0.30€ bounty)
Seat 5: AALaRNAker (24370, 0.25€ bounty)
Seat 6: un.angepasse (82242, 0.44€ bounty)
*** ANTE/BLINDS ***
AALaRNAker posts ante 30
un.angepasse posts ante 30
LauQQa posts ante 30
LKornet posts ante 30
MathisKcr posts ante 30
-IsiS- posts ante 30
AALaRNAker posts small blind 125
un.angepasse posts big blind 250
Dealt to MathisKcr [Ac 5d]
*** PRE-FLOP *** 
LauQQa raises 500 to 750
LKornet folds
MathisKcr calls 750
-IsiS- folds
AALaRNAker folds
un.angepasse calls 500
*** FLOP *** [8h 5s Qd]
un.angepasse checks
LauQQa bets 19220 and is all-in
MathisKcr folds
un.angepasse folds
LauQQa collected 21775 from pot
*** SUMMARY ***
Total pot 21775 | No rake
Board: [8h 5s Qd]
Seat 1: LauQQa won 21775


Winamax Poker - Tournament "SPACE KO" buyIn: 0.45€ + 0.05€ level: 2 - HandId: #4528007647340789790-30-1772285150 - Holdem no limit (30/125/250) - 2026/02/28 13:25:50 UTC
Table: 'SPACE KO(1054258935)#0029' 6-max (real money) Seat #5 is the button
Seat 1: LauQQa (21775, 0.25€ bounty)
Seat 3: MathisKcr (42512, 0.25€ bounty)
Seat 4: -IsiS- (24241, 0.30€ bounty)
Seat 5: AALaRNAker (24215, 0.25€ bounty)
Seat 6: un.angepasse (81462, 0.44€ bounty)
*** ANTE/BLINDS ***
un.angepasse posts ante 30
LauQQa posts ante 30
MathisKcr posts ante 30
-IsiS- posts ante 30
AALaRNAker posts ante 30
un.angepasse posts small blind 125
LauQQa posts big blind 250
Dealt to MathisKcr [Qh Qd]
*** PRE-FLOP *** 
MathisKcr raises 250 to 500
-IsiS- calls 500
AALaRNAker folds
un.angepasse calls 375
LauQQa folds
*** FLOP *** [7c 8c Kh]
un.angepasse checks
MathisKcr bets 950
-IsiS- calls 950
un.angepasse calls 950
*** TURN *** [7c 8c Kh][Kc]
un.angepasse checks
MathisKcr checks
-IsiS- checks
*** RIVER *** [7c 8c Kh Kc][2h]
un.angepasse checks
MathisKcr checks
-IsiS- checks
*** SHOW DOWN ***
-IsiS- shows [8s Qs] (Two pairs : Kings and 8)
un.angepasse shows [5h 5s] (Two pairs : Kings and 5)
MathisKcr shows [Qh Qd] (Two pairs : Kings and Queens)
MathisKcr collected 4750 from pot
*** SUMMARY ***
Total pot 4750 | No rake
Board: [7c 8c Kh Kc 2h]
Seat 3: MathisKcr showed [Qh Qd] and won 4750 with Two pairs : Kings and Queens
Seat 4: -IsiS- showed [8s Qs] and lost with Two pairs : Kings and 8
Seat 6: un.angepasse (small blind) showed [5h 5s] and lost with Two pairs : Kings and 5


Winamax Poker - Tournament "SPACE KO" buyIn: 0.45€ + 0.05€ level: 2 - HandId: #4528007647340789790-31-1772285181 - Holdem no limit (30/125/250) - 2026/02/28 13:26:21 UTC
Table: 'SPACE KO(1054258935)#0029' 6-max (real money) Seat #6 is the button
Seat 1: LauQQa (21495, 0.25€ bounty)
Seat 3: MathisKcr (45782, 0.25€ bounty)
Seat 4: -IsiS- (22761, 0.30€ bounty)
Seat 5: AALaRNAker (24185, 0.25€ bounty)
Seat 6: un.angepasse (79982, 0.44€ bounty)
*** ANTE/BLINDS ***
LauQQa posts ante 30
MathisKcr posts ante 30
-IsiS- posts ante 30
AALaRNAker posts ante 30
un.angepasse posts ante 30
LauQQa posts small blind 125
MathisKcr posts big blind 250
Dealt to MathisKcr [6s As]
*** PRE-FLOP *** 
-IsiS- folds
AALaRNAker folds
un.angepasse calls 250
LauQQa calls 125
MathisKcr raises 250 to 500
un.angepasse calls 250
LauQQa calls 250
*** FLOP *** [8c Kh 3s]
LauQQa bets 1073
MathisKcr folds
un.angepasse folds
LauQQa collected 2723 from pot
*** SUMMARY ***
Total pot 2723 | No rake
Board: [8c Kh 3s]
Seat 1: LauQQa (small blind) won 2723


Winamax Poker - Tournament "SPACE KO" buyIn: 0.45€ + 0.05€ level: 2 - HandId: #4528007647340789790-32-1772285221 - Holdem no limit (30/125/250) - 2026/02/28 13:27:01 UTC
Table: 'SPACE KO(1054258935)#0029' 6-max (real money) Seat #1 is the button
Seat 1: LauQQa (22615, 0.25€ bounty)
Seat 2: 6eme-Sens (20000, 0.25€ bounty)
Seat 3: MathisKcr (45252, 0.25€ bounty)
Seat 4: -IsiS- (22731, 0.30€ bounty)
Seat 5: AALaRNAker (24155, 0.25€ bounty)
Seat 6: un.angepasse (79452, 0.44€ bounty)
*** ANTE/BLINDS ***
MathisKcr posts ante 30
-IsiS- posts ante 30
LauQQa posts ante 30
AALaRNAker posts ante 30
un.angepasse posts ante 30
MathisKcr posts small blind 125
-IsiS- posts big blind 250
Dealt to MathisKcr [Jd 9h]
*** PRE-FLOP *** 
AALaRNAker folds
un.angepasse calls 250
LauQQa folds
MathisKcr raises 250 to 500
-IsiS- calls 250
un.angepasse calls 250
*** FLOP *** [Qs Ts 6c]
MathisKcr checks
-IsiS- checks
un.angepasse checks
*** TURN *** [Qs Ts 6c][7s]
MathisKcr checks
-IsiS- checks
un.angepasse checks
*** RIVER *** [Qs Ts 6c 7s][3h]
MathisKcr bets 825
-IsiS- folds
un.angepasse calls 825
*** SHOW DOWN ***
MathisKcr shows [Jd 9h] (High card : Queen)
un.angepasse shows [Th Kc] (One pair : Tens)
un.angepasse collected 3300 from pot
*** SUMMARY ***
Total pot 3300 | No rake
Board: [Qs Ts 6c 7s 3h]
Seat 3: MathisKcr (small blind) showed [Jd 9h] and lost with High card : Queen
Seat 6: un.angepasse showed [Th Kc] and won 3300 with One pair : Tens


Winamax Poker - Tournament "SPACE KO" buyIn: 0.45€ + 0.05€ level: 3 - HandId: #4528007647340789790-33-1772285258 - Holdem no limit (35/150/300) - 2026/02/28 13:27:38 UTC
Table: 'SPACE KO(1054258935)#0029' 6-max (real money) Seat #3 is the button
Seat 1: LauQQa (22585, 0.25€ bounty)
Seat 2: 6eme-Sens (20000, 0.25€ bounty)
Seat 3: MathisKcr (43897, 0.25€ bounty)
Seat 4: -IsiS- (22201, 0.30€ bounty)
Seat 5: AALaRNAker (24125, 0.25€ bounty)
Seat 6: un.angepasse (81397, 0.44€ bounty)
*** ANTE/BLINDS ***
-IsiS- posts ante 35
AALaRNAker posts ante 35
LauQQa posts ante 35
6eme-Sens posts ante 35
MathisKcr posts ante 35
un.angepasse posts ante 35
-IsiS- posts small blind 150
AALaRNAker posts big blind 300
Dealt to MathisKcr [Kd 3d]
*** PRE-FLOP *** 
un.angepasse folds
LauQQa calls 300
6eme-Sens folds
MathisKcr raises 300 to 600
-IsiS- folds
AALaRNAker folds
LauQQa calls 300
*** FLOP *** [Tc 5d 8s]
LauQQa checks
MathisKcr bets 651
LauQQa folds
MathisKcr collected 2511 from pot
*** SUMMARY ***
Total pot 2511 | No rake
Board: [Tc 5d 8s]
Seat 3: MathisKcr (button) won 2511


Winamax Poker - Tournament "SPACE KO" buyIn: 0.45€ + 0.05€ level: 3 - HandId: #4528007647340789790-34-1772285294 - Holdem no limit (35/150/300) - 2026/02/28 13:28:14 UTC
Table: 'SPACE KO(1054258935)#0029' 6-max (real money) Seat #4 is the button
Seat 1: LauQQa (21950, 0.25€ bounty)
Seat 2: 6eme-Sens (19965, 0.25€ bounty)
Seat 3: MathisKcr (45122, 0.25€ bounty)
Seat 4: -IsiS- (22016, 0.30€ bounty)
Seat 5: AALaRNAker (23790, 0.25€ bounty)
Seat 6: un.angepasse (81362, 0.44€ bounty)
*** ANTE/BLINDS ***
AALaRNAker posts ante 35
un.angepasse posts ante 35
LauQQa posts ante 35
6eme-Sens posts ante 35
MathisKcr posts ante 35
-IsiS- posts ante 35
AALaRNAker posts small blind 150
un.angepasse posts big blind 300
Dealt to MathisKcr [Jd Jh]
*** PRE-FLOP *** 
LauQQa calls 300
6eme-Sens calls 300
MathisKcr raises 1200 to 1500
-IsiS- folds
AALaRNAker folds
un.angepasse calls 1200
LauQQa calls 1200
6eme-Sens folds
*** FLOP *** [4d Ac 9h]
un.angepasse checks
LauQQa bets 3354
MathisKcr calls 3354
un.angepasse folds
*** TURN *** [4d Ac 9h][6d]
LauQQa bets 7714
MathisKcr folds
LauQQa collected 19582 from pot
*** SUMMARY ***
Total pot 19582 | No rake
Board: [4d Ac 9h 6d]
Seat 1: LauQQa won 19582


Winamax Poker - Tournament "SPACE KO" buyIn: 0.45€ + 0.05€ level: 3 - HandId: #4528007647340789790-35-1772285350 - Holdem no limit (35/150/300) - 2026/02/28 13:29:10 UTC
Table: 'SPACE KO(1054258935)#0029' 6-max (real money) Seat #5 is the button
Seat 1: LauQQa (28929, 0.25€ bounty)
Seat 2: 6eme-Sens (19630, 0.25€ bounty)
Seat 3: MathisKcr (40233, 0.25€ bounty)
Seat 4: -IsiS- (21981, 0.30€ bounty)
Seat 5: AALaRNAker (23605, 0.25€ bounty)
Seat 6: un.angepasse (79827, 0.44€ bounty)
*** ANTE/BLINDS ***
un.angepasse posts ante 35
LauQQa posts ante 35
6eme-Sens posts ante 35
MathisKcr posts ante 35
-IsiS- posts ante 35
AALaRNAker posts ante 35
un.angepasse posts small blind 150
LauQQa posts big blind 300
Dealt to MathisKcr [2c 4h]
*** PRE-FLOP *** 
6eme-Sens folds
MathisKcr folds
-IsiS- folds
AALaRNAker folds
un.angepasse calls 150
LauQQa checks
*** FLOP *** [7h 5h Qc]
un.angepasse checks
LauQQa checks
*** TURN *** [7h 5h Qc][6c]
un.angepasse checks
LauQQa checks
*** RIVER *** [7h 5h Qc 6c][6h]
un.angepasse checks
LauQQa checks
*** SHOW DOWN ***
un.angepasse shows [3d Jc] (One pair : 6)
LauQQa shows [Td 6d] (Trips of 6)
LauQQa collected 810 from pot
*** SUMMARY ***
Total pot 810 | No rake
Board: [7h 5h Qc 6c 6h]
Seat 1: LauQQa (big blind) showed [Td 6d] and won 810 with Trips of 6
Seat 6: un.angepasse (small blind) showed [3d Jc] and lost with One pair : 6


Winamax Poker - Tournament "SPACE KO" buyIn: 0.45€ + 0.05€ level: 3 - HandId: #4528007647340789790-36-1772285376 - Holdem no limit (35/150/300) - 2026/02/28 13:29:36 UTC
Table: 'SPACE KO(1054258935)#0029' 6-max (real money) Seat #6 is the button
Seat 1: LauQQa (29404, 0.25€ bounty)
Seat 2: 6eme-Sens (19595, 0.25€ bounty)
Seat 3: MathisKcr (40198, 0.25€ bounty)
Seat 4: -IsiS- (21946, 0.30€ bounty)
Seat 5: AALaRNAker (23570, 0.25€ bounty)
Seat 6: un.angepasse (79492, 0.44€ bounty)
*** ANTE/BLINDS ***
LauQQa posts ante 35
6eme-Sens posts ante 35
MathisKcr posts ante 35
-IsiS- posts ante 35
AALaRNAker posts ante 35
un.angepasse posts ante 35
LauQQa posts small blind 150
6eme-Sens posts big blind 300
Dealt to MathisKcr [4h 5h]
*** PRE-FLOP *** 
MathisKcr raises 300 to 600
-IsiS- calls 600
AALaRNAker folds
un.angepasse calls 600
LauQQa calls 450
6eme-Sens calls 300
*** FLOP *** [5c 2h 6c]
LauQQa checks
6eme-Sens bets 1124
MathisKcr calls 1124
-IsiS- folds
un.angepasse calls 1124
LauQQa folds
*** TURN *** [5c 2h 6c][Js]
6eme-Sens checks
MathisKcr checks
un.angepasse checks
*** RIVER *** [5c 2h 6c Js][Qs]
6eme-Sens checks
MathisKcr bets 4278
un.angepasse folds
6eme-Sens folds
MathisKcr collected 10860 from pot
*** SUMMARY ***
Total pot 10860 | No rake
Board: [5c 2h 6c Js Qs]
Seat 3: MathisKcr won 10860


Winamax Poker - Tournament "SPACE KO" buyIn: 0.45€ + 0.05€ level: 3 - HandId: #4528007647340789790-37-1772285436 - Holdem no limit (35/150/300) - 2026/02/28 13:30:36 UTC
Table: 'SPACE KO(1054258935)#0029' 6-max (real money) Seat #1 is the button
Seat 1: LauQQa (28769, 0.25€ bounty)
Seat 2: 6eme-Sens (17836, 0.25€ bounty)
Seat 3: MathisKcr (45021, 0.25€ bounty)
Seat 4: -IsiS- (21311, 0.30€ bounty)
Seat 5: AALaRNAker (23535, 0.25€ bounty)
Seat 6: un.angepasse (77733, 0.44€ bounty)
*** ANTE/BLINDS ***
6eme-Sens posts ante 35
MathisKcr posts ante 35
LauQQa posts ante 35
-IsiS- posts ante 35
AALaRNAker posts ante 35
un.angepasse posts ante 35
6eme-Sens posts small blind 150
MathisKcr posts big blind 300
Dealt to MathisKcr [3d Qd]
*** PRE-FLOP *** 
-IsiS- calls 300
AALaRNAker raises 450 to 750
un.angepasse folds
LauQQa folds
6eme-Sens folds
MathisKcr calls 450
-IsiS- calls 450
*** FLOP *** [8s 5c 9c]
MathisKcr checks
-IsiS- checks
AALaRNAker bets 2088
MathisKcr folds
-IsiS- folds
AALaRNAker collected 4698 from pot
*** SUMMARY ***
Total pot 4698 | No rake
Board: [8s 5c 9c]
Seat 5: AALaRNAker won 4698


Winamax Poker - Tournament "SPACE KO" buyIn: 0.45€ + 0.05€ level: 3 - HandId: #4528007647340789790-38-1772285465 - Holdem no limit (35/150/300) - 2026/02/28 13:31:05 UTC
Table: 'SPACE KO(1054258935)#0029' 6-max (real money) Seat #2 is the button
Seat 1: LauQQa (28734, 0.25€ bounty)
Seat 2: 6eme-Sens (17651, 0.25€ bounty)
Seat 3: MathisKcr (44236, 0.25€ bounty)
Seat 4: -IsiS- (20526, 0.30€ bounty)
Seat 5: AALaRNAker (25360, 0.25€ bounty)
Seat 6: un.angepasse (77698, 0.44€ bounty)
*** ANTE/BLINDS ***
MathisKcr posts ante 35
-IsiS- posts ante 35
LauQQa posts ante 35
6eme-Sens posts ante 35
AALaRNAker posts ante 35
un.angepasse posts ante 35
MathisKcr posts small blind 150
-IsiS- posts big blind 300
Dealt to MathisKcr [Kh 2c]
*** PRE-FLOP *** 
AALaRNAker folds
un.angepasse folds
LauQQa folds
6eme-Sens folds
MathisKcr raises 600 to 900
-IsiS- calls 600
*** FLOP *** [8h Td Ac]
MathisKcr bets 704
-IsiS- calls 704
*** TURN *** [8h Td Ac][Ts]
MathisKcr checks
-IsiS- bets 1196
MathisKcr folds
-IsiS- collected 4614 from pot
*** SUMMARY ***
Total pot 4614 | No rake
Board: [8h Td Ac Ts]
Seat 4: -IsiS- (big blind) won 4614


Winamax Poker - Tournament "SPACE KO" buyIn: 0.45€ + 0.05€ level: 3 - HandId: #4528007647340789790-39-1772285497 - Holdem no limit (35/150/300) - 2026/02/28 13:31:37 UTC
Table: 'SPACE KO(1054258935)#0029' 6-max (real money) Seat #3 is the button
Seat 1: LauQQa (28699, 0.25€ bounty)
Seat 2: 6eme-Sens (17616, 0.25€ bounty)
Seat 3: MathisKcr (42597, 0.25€ bounty)
Seat 4: -IsiS- (22305, 0.30€ bounty)
Seat 5: AALaRNAker (25325, 0.25€ bounty)
Seat 6: un.angepasse (77663, 0.44€ bounty)
*** ANTE/BLINDS ***
-IsiS- posts ante 35
AALaRNAker posts ante 35
LauQQa posts ante 35
6eme-Sens posts ante 35
MathisKcr posts ante 35
un.angepasse posts ante 35
-IsiS- posts small blind 150
AALaRNAker posts big blind 300
Dealt to MathisKcr [2d 8s]
*** PRE-FLOP *** 
un.angepasse folds
LauQQa calls 300
6eme-Sens folds
MathisKcr folds
-IsiS- calls 150
AALaRNAker checks
*** FLOP *** [4s Ac 8c]
-IsiS- checks
AALaRNAker checks
LauQQa checks
*** TURN *** [4s Ac 8c][6d]
-IsiS- checks
AALaRNAker checks
LauQQa bets 300
-IsiS- calls 300
AALaRNAker folds
*** RIVER *** [4s Ac 8c 6d][7s]
-IsiS- checks
LauQQa bets 1112
-IsiS- folds
LauQQa collected 2822 from pot
*** SUMMARY ***
Total pot 2822 | No rake
Board: [4s Ac 8c 6d 7s]
Seat 1: LauQQa won 2822


Winamax Poker - Tournament "SPACE KO" buyIn: 0.45€ + 0.05€ level: 3 - HandId: #4528007647340789790-40-1772285547 - Holdem no limit (35/150/300) - 2026/02/28 13:32:27 UTC
Table: 'SPACE KO(1054258935)#0029' 6-max (real money) Seat #4 is the button
Seat 1: LauQQa (29774, 0.25€ bounty)
Seat 2: 6eme-Sens (17581, 0.25€ bounty)
Seat 3: MathisKcr (42562, 0.25€ bounty)
Seat 4: -IsiS- (21670, 0.30€ bounty)
Seat 5: AALaRNAker (24990, 0.25€ bounty)
Seat 6: un.angepasse (77628, 0.44€ bounty)
*** ANTE/BLINDS ***
AALaRNAker posts ante 35
un.angepasse posts ante 35
LauQQa posts ante 35
6eme-Sens posts ante 35
MathisKcr posts ante 35
-IsiS- posts ante 35
AALaRNAker posts small blind 150
un.angepasse posts big blind 300
Dealt to MathisKcr [8d 6h]
*** PRE-FLOP *** 
LauQQa calls 300
6eme-Sens calls 300
MathisKcr folds
-IsiS- calls 300
AALaRNAker calls 150
un.angepasse checks
*** FLOP *** [Kd 8s 7s]
AALaRNAker checks
un.angepasse checks
LauQQa bets 1112
6eme-Sens calls 1112
-IsiS- folds
AALaRNAker calls 1112
un.angepasse calls 1112
*** TURN *** [Kd 8s 7s][3c]
AALaRNAker checks
un.angepasse checks
LauQQa bets 4003
6eme-Sens raises 12131 to 16134 and is all-in
AALaRNAker folds
un.angepasse calls 16134
LauQQa calls 12131
*** RIVER *** [Kd 8s 7s 3c][Ah]
un.angepasse bets 60047 and is all-in
LauQQa calls 12193 and is all-in
*** SHOW DOWN ***
LauQQa shows [8h 7c] (Two pairs : 8 and 7)
6eme-Sens shows [Kc 8c] (Two pairs : Kings and 8)
un.angepasse shows [Ks Ad] (Two pairs : Aces and Kings)
un.angepasse collected 126800 from pot
*** SUMMARY ***
Total pot 126800 | No rake
Board: [Kd 8s 7s 3c Ah]
Seat 1: LauQQa showed [8h 7c] and lost with Two pairs : 8 and 7
Seat 2: 6eme-Sens showed [Kc 8c] and lost with Two pairs : Kings and 8
Seat 6: un.angepasse (big blind) showed [Ks Ad] and won 126800 with Two pairs : Aces and Kings


Winamax Poker - Tournament "SPACE KO" buyIn: 0.45€ + 0.05€ level: 4 - HandId: #4528007647340789790-41-1772285689 - Holdem no limit (40/175/350) - 2026/02/28 13:34:49 UTC
Table: 'SPACE KO(1054258935)#0029' 6-max (real money) Seat #5 is the button
Seat 3: MathisKcr (42527, 0.25€ bounty)
Seat 4: -IsiS- (21335, 0.30€ bounty)
Seat 5: AALaRNAker (23543, 0.25€ bounty)
Seat 6: un.angepasse (126800, 0.93€ bounty)
*** ANTE/BLINDS ***
un.angepasse posts ante 40
MathisKcr posts ante 40
-IsiS- posts ante 40
AALaRNAker posts ante 40
un.angepasse posts small blind 175
MathisKcr posts big blind 350
Dealt to MathisKcr [Ks 7c]
*** PRE-FLOP *** 
-IsiS- folds
AALaRNAker raises 350 to 700
un.angepasse calls 525
MathisKcr calls 350
*** FLOP *** [Jh 7d Kd]
un.angepasse checks
MathisKcr bets 1130
AALaRNAker raises 3390 to 4520
un.angepasse calls 4520
MathisKcr raises 37267 to 41787 and is all-in
AALaRNAker calls 18283 and is all-in
un.angepasse folds
*** TURN *** [Jh 7d Kd][Qc]
*** RIVER *** [Jh 7d Kd Qc][7s]
*** SHOW DOWN ***
AALaRNAker shows [Kc Ad] (Two pairs : Kings and 7)
MathisKcr shows [Ks 7c] (Full of 7 and Kings)
MathisKcr collected 71370 from pot
*** SUMMARY ***
Total pot 71370 | No rake
Board: [Jh 7d Kd Qc 7s]
Seat 3: MathisKcr (big blind) showed [Ks 7c] and won 71370 with Full of 7 and Kings
Seat 5: AALaRNAker (button) showed [Kc Ad] and lost with Two pairs : Kings and 7


Winamax Poker - Tournament "SPACE KO" buyIn: 0.45€ + 0.05€ level: 4 - HandId: #4528007647340789790-42-1772285757 - Holdem no limit (40/175/350) - 2026/02/28 13:35:57 UTC
Table: 'SPACE KO(1054258935)#0029' 6-max (real money) Seat #6 is the button
Seat 1: Fffrack (14406, 0.25€ bounty)
Seat 2: Aigle brun35 (21490, 0.25€ bounty)
Seat 3: MathisKcr (71370, 0.30€ bounty)
Seat 4: -IsiS- (21295, 0.30€ bounty)
Seat 6: un.angepasse (121540, 0.93€ bounty)
*** ANTE/BLINDS ***
MathisKcr posts ante 40
-IsiS- posts ante 40
un.angepasse posts ante 40
MathisKcr posts small blind 175
-IsiS- posts big blind 350
Dealt to MathisKcr [2d 9s]
*** PRE-FLOP *** 
un.angepasse calls 350
MathisKcr folds
-IsiS- checks
*** FLOP *** [8c Td 3d]
-IsiS- bets 995
un.angepasse folds
-IsiS- collected 1990 from pot
*** SUMMARY ***
Total pot 1990 | No rake
Board: [8c Td 3d]
Seat 4: -IsiS- (big blind) won 1990


Winamax Poker - Tournament "SPACE KO" buyIn: 0.45€ + 0.05€ level: 4 - HandId: #4528007647340789790-43-1772285771 - Holdem no limit (40/175/350) - 2026/02/28 13:36:11 UTC
Table: 'SPACE KO(1054258935)#0029' 6-max (real money) Seat #3 is the button
Seat 1: Fffrack (14406, 0.25€ bounty)
Seat 2: Aigle brun35 (21490, 0.25€ bounty)
Seat 3: MathisKcr (71155, 0.30€ bounty)
Seat 4: -IsiS- (21900, 0.30€ bounty)
Seat 6: un.angepasse (121150, 0.93€ bounty)
*** ANTE/BLINDS ***
-IsiS- posts ante 40
un.angepasse posts ante 40
Fffrack posts ante 40
Aigle brun35 posts ante 40
MathisKcr posts ante 40
-IsiS- posts small blind 175
un.angepasse posts big blind 350
Dealt to MathisKcr [Ah 7c]
*** PRE-FLOP *** 
Fffrack folds
Aigle brun35 folds
MathisKcr raises 350 to 700
-IsiS- calls 525
un.angepasse calls 350
*** FLOP *** [Kd 5d Kh]
-IsiS- checks
un.angepasse checks
MathisKcr bets 1495
-IsiS- folds
un.angepasse folds
MathisKcr collected 3795 from pot
*** SUMMARY ***
Total pot 3795 | No rake
Board: [Kd 5d Kh]
Seat 3: MathisKcr (button) won 3795


Winamax Poker - Tournament "SPACE KO" buyIn: 0.45€ + 0.05€ level: 4 - HandId: #4528007647340789790-44-1772285799 - Holdem no limit (40/175/350) - 2026/02/28 13:36:39 UTC
Table: 'SPACE KO(1054258935)#0029' 6-max (real money) Seat #4 is the button
Seat 1: Fffrack (14366, 0.25€ bounty)
Seat 2: Aigle brun35 (21450, 0.25€ bounty)
Seat 3: MathisKcr (72715, 0.30€ bounty)
Seat 4: -IsiS- (21160, 0.30€ bounty)
Seat 5: NirDlaMoOn (20000, 0.25€ bounty)
Seat 6: un.angepasse (120410, 0.93€ bounty)
*** ANTE/BLINDS ***
un.angepasse posts ante 40
Fffrack posts ante 40
Aigle brun35 posts ante 40
MathisKcr posts ante 40
-IsiS- posts ante 40
un.angepasse posts small blind 175
Fffrack posts big blind 350
Dealt to MathisKcr [7s 2d]
*** PRE-FLOP *** 
Aigle brun35 folds
MathisKcr folds
-IsiS- folds
un.angepasse calls 175
Fffrack checks
*** FLOP *** [4h Qc 3d]
un.angepasse checks
Fffrack checks
*** TURN *** [4h Qc 3d][3s]
un.angepasse checks
Fffrack checks
*** RIVER *** [4h Qc 3d 3s][3h]
un.angepasse checks
Fffrack checks
*** SHOW DOWN ***
un.angepasse shows [5d 7c] (Trips of 3)
Fffrack shows [Js Kh] (Trips of 3)
Fffrack collected 900 from pot
*** SUMMARY ***
Total pot 900 | No rake
Board: [4h Qc 3d 3s 3h]
Seat 1: Fffrack (big blind) showed [Js Kh] and won 900 with Trips of 3
Seat 6: un.angepasse (small blind) showed [5d 7c] and lost with Trips of 3


Winamax Poker - Tournament "SPACE KO" buyIn: 0.45€ + 0.05€ level: 4 - HandId: #4528007647340789790-45-1772285827 - Holdem no limit (40/175/350) - 2026/02/28 13:37:07 UTC
Table: 'SPACE KO(1054258935)#0029' 6-max (real money) Seat #6 is the button
Seat 1: Fffrack (14876, 0.25€ bounty)
Seat 2: Aigle brun35 (21410, 0.25€ bounty)
Seat 3: MathisKcr (72675, 0.30€ bounty)
Seat 4: -IsiS- (21120, 0.30€ bounty)
Seat 5: NirDlaMoOn (20000, 0.25€ bounty)
Seat 6: un.angepasse (120020, 0.93€ bounty)
*** ANTE/BLINDS ***
Fffrack posts ante 40
Aigle brun35 posts ante 40
MathisKcr posts ante 40
-IsiS- posts ante 40
NirDlaMoOn posts ante 40
un.angepasse posts ante 40
Fffrack posts small blind 175
Aigle brun35 posts big blind 350
Dealt to MathisKcr [8c 6s]
*** PRE-FLOP *** 
MathisKcr folds
-IsiS- folds
NirDlaMoOn raises 350 to 700
un.angepasse calls 700
Fffrack folds
Aigle brun35 calls 350
*** FLOP *** [3h 6d Kh]
Aigle brun35 bets 1635
NirDlaMoOn folds
un.angepasse calls 1635
*** TURN *** [3h 6d Kh][4h]
Aigle brun35 bets 5785
un.angepasse folds
Aigle brun35 collected 11570 from pot
*** SUMMARY ***
Total pot 11570 | No rake
Board: [3h 6d Kh 4h]
Seat 2: Aigle brun35 (big blind) won 11570


Winamax Poker - Tournament "SPACE KO" buyIn: 0.45€ + 0.05€ level: 4 - HandId: #4528007647340789790-46-1772285858 - Holdem no limit (40/175/350) - 2026/02/28 13:37:38 UTC
Table: 'SPACE KO(1054258935)#0029' 6-max (real money) Seat #1 is the button
Seat 1: Fffrack (14661, 0.25€ bounty)
Seat 2: Aigle brun35 (24820, 0.25€ bounty)
Seat 3: MathisKcr (72635, 0.30€ bounty)
Seat 4: -IsiS- (21080, 0.30€ bounty)
Seat 5: NirDlaMoOn (19260, 0.25€ bounty)
Seat 6: un.angepasse (117645, 0.93€ bounty)
*** ANTE/BLINDS ***
Aigle brun35 posts ante 40
MathisKcr posts ante 40
Fffrack posts ante 40
-IsiS- posts ante 40
NirDlaMoOn posts ante 40
un.angepasse posts ante 40
Aigle brun35 posts small blind 175
MathisKcr posts big blind 350
Dealt to MathisKcr [Kh 2s]
*** PRE-FLOP *** 
-IsiS- folds
NirDlaMoOn folds
un.angepasse folds
Fffrack calls 350
Aigle brun35 calls 175
MathisKcr checks
*** FLOP *** [9c Qs 3c]
Aigle brun35 checks
MathisKcr checks
Fffrack bets 1290
Aigle brun35 folds
MathisKcr folds
Fffrack collected 2580 from pot
*** SUMMARY ***
Total pot 2580 | No rake
Board: [9c Qs 3c]
Seat 1: Fffrack (button) won 2580


Winamax Poker - Tournament "SPACE KO" buyIn: 0.45€ + 0.05€ level: 4 - HandId: #4528007647340789790-47-1772285892 - Holdem no limit (40/175/350) - 2026/02/28 13:38:12 UTC
Table: 'SPACE KO(1054258935)#0029' 6-max (real money) Seat #2 is the button
Seat 1: Fffrack (15561, 0.25€ bounty)
Seat 2: Aigle brun35 (24430, 0.25€ bounty)
Seat 3: MathisKcr (72245, 0.30€ bounty)
Seat 4: -IsiS- (21040, 0.30€ bounty)
Seat 5: NirDlaMoOn (19220, 0.25€ bounty)
Seat 6: un.angepasse (117605, 0.93€ bounty)
*** ANTE/BLINDS ***
MathisKcr posts ante 40
-IsiS- posts ante 40
Fffrack posts ante 40
Aigle brun35 posts ante 40
NirDlaMoOn posts ante 40
un.angepasse posts ante 40
MathisKcr posts small blind 175
-IsiS- posts big blind 350
Dealt to MathisKcr [Td 9c]
*** PRE-FLOP *** 
NirDlaMoOn folds
un.angepasse calls 350
Fffrack folds
Aigle brun35 calls 350
MathisKcr raises 350 to 700
-IsiS- calls 350
un.angepasse calls 350
Aigle brun35 calls 350
*** FLOP *** [4d 5c Ks]
MathisKcr checks
-IsiS- checks
un.angepasse checks
Aigle brun35 checks
*** TURN *** [4d 5c Ks][7s]
MathisKcr checks
-IsiS- checks
un.angepasse checks
Aigle brun35 checks
*** RIVER *** [4d 5c Ks 7s][Ad]
MathisKcr checks
-IsiS- checks
un.angepasse checks
Aigle brun35 bets 1976
MathisKcr folds
-IsiS- folds
un.angepasse calls 1976
*** SHOW DOWN ***
Aigle brun35 shows [Tc 4c] (One pair : 4)
un.angepasse shows [Jd 7d] (One pair : 7)
un.angepasse collected 6992 from pot
*** SUMMARY ***
Total pot 6992 | No rake
Board: [4d 5c Ks 7s Ad]
Seat 2: Aigle brun35 (button) showed [Tc 4c] and lost with One pair : 4
Seat 6: un.angepasse showed [Jd 7d] and won 6992 with One pair : 7


Winamax Poker - Tournament "SPACE KO" buyIn: 0.45€ + 0.05€ level: 4 - HandId: #4528007647340789790-48-1772285940 - Holdem no limit (40/175/350) - 2026/02/28 13:39:00 UTC
Table: 'SPACE KO(1054258935)#0029' 6-max (real money) Seat #3 is the button
Seat 1: Fffrack (15521, 0.25€ bounty)
Seat 2: Aigle brun35 (21714, 0.25€ bounty)
Seat 3: MathisKcr (71505, 0.30€ bounty)
Seat 4: -IsiS- (20300, 0.30€ bounty)
Seat 5: NirDlaMoOn (19180, 0.25€ bounty)
Seat 6: un.angepasse (121881, 0.93€ bounty)
*** ANTE/BLINDS ***
-IsiS- posts ante 40
NirDlaMoOn posts ante 40
Fffrack posts ante 40
Aigle brun35 posts ante 40
MathisKcr posts ante 40
un.angepasse posts ante 40
-IsiS- posts small blind 175
NirDlaMoOn posts big blind 350
Dealt to MathisKcr [Kh Js]
*** PRE-FLOP *** 
un.angepasse folds
Fffrack folds
Aigle brun35 raises 21324 to 21674 and is all-in
MathisKcr calls 21674
-IsiS- folds
NirDlaMoOn folds
*** FLOP *** [8d 5s 4s]
*** TURN *** [8d 5s 4s][6s]
*** RIVER *** [8d 5s 4s 6s][3h]
*** SHOW DOWN ***
MathisKcr shows [Kh Js] (High card : King)
Aigle brun35 shows [Ac 7c] (Straight 8 high)
Aigle brun35 collected 44113 from pot
*** SUMMARY ***
Total pot 44113 | No rake
Board: [8d 5s 4s 6s 3h]
Seat 2: Aigle brun35 showed [Ac 7c] and won 44113 with Straight 8 high
Seat 3: MathisKcr (button) showed [Kh Js] and lost with High card : King


Winamax Poker - Tournament "SPACE KO" buyIn: 0.45€ + 0.05€ level: 5 - HandId: #4528007647340789790-49-1772285963 - Holdem no limit (50/200/400) - 2026/02/28 13:39:23 UTC
Table: 'SPACE KO(1054258935)#0029' 6-max (real money) Seat #4 is the button
Seat 1: Fffrack (15481, 0.25€ bounty)
Seat 2: Aigle brun35 (44113, 0.25€ bounty)
Seat 3: MathisKcr (49791, 0.30€ bounty)
Seat 4: -IsiS- (20085, 0.30€ bounty)
Seat 5: NirDlaMoOn (18790, 0.25€ bounty)
Seat 6: un.angepasse (121841, 0.93€ bounty)
*** ANTE/BLINDS ***
NirDlaMoOn posts ante 50
un.angepasse posts ante 50
Fffrack posts ante 50
Aigle brun35 posts ante 50
MathisKcr posts ante 50
-IsiS- posts ante 50
NirDlaMoOn posts small blind 200
un.angepasse posts big blind 400
Dealt to MathisKcr [7d 4d]
*** PRE-FLOP *** 
Fffrack calls 400
Aigle brun35 calls 400
MathisKcr folds
-IsiS- calls 400
NirDlaMoOn folds
un.angepasse checks
*** FLOP *** [6h 7s Jd]
un.angepasse checks
Fffrack checks
Aigle brun35 bets 1365
-IsiS- folds
un.angepasse folds
Fffrack folds
Aigle brun35 collected 3465 from pot
*** SUMMARY ***
Total pot 3465 | No rake
Board: [6h 7s Jd]
Seat 2: Aigle brun35 won 3465


Winamax Poker - Tournament "SPACE KO" buyIn: 0.45€ + 0.05€ level: 5 - HandId: #4528007647340789790-50-1772285986 - Holdem no limit (50/200/400) - 2026/02/28 13:39:46 UTC
Table: 'SPACE KO(1054258935)#0029' 6-max (real money) Seat #5 is the button
Seat 1: Fffrack (15031, 0.25€ bounty)
Seat 2: Aigle brun35 (45763, 0.25€ bounty)
Seat 3: MathisKcr (49741, 0.30€ bounty)
Seat 4: -IsiS- (19635, 0.30€ bounty)
Seat 5: NirDlaMoOn (18540, 0.25€ bounty)
Seat 6: un.angepasse (121391, 0.93€ bounty)
*** ANTE/BLINDS ***
un.angepasse posts ante 50
Fffrack posts ante 50
Aigle brun35 posts ante 50
MathisKcr posts ante 50
-IsiS- posts ante 50
NirDlaMoOn posts ante 50
un.angepasse posts small blind 200
Fffrack posts big blind 400
Dealt to MathisKcr [Jh Kh]
*** PRE-FLOP *** 
Aigle brun35 folds
MathisKcr raises 400 to 800
-IsiS- folds
NirDlaMoOn folds
un.angepasse calls 600
Fffrack raises 400 to 1200
MathisKcr calls 400
un.angepasse calls 400
*** FLOP *** [3s 7s 9s]
un.angepasse checks
Fffrack checks
MathisKcr bets 2535
un.angepasse folds
Fffrack folds
MathisKcr collected 6435 from pot
*** SUMMARY ***
Total pot 6435 | No rake
Board: [3s 7s 9s]
Seat 3: MathisKcr won 6435


Winamax Poker - Tournament "SPACE KO" buyIn: 0.45€ + 0.05€ level: 5 - HandId: #4528007647340789790-51-1772286023 - Holdem no limit (50/200/400) - 2026/02/28 13:40:23 UTC
Table: 'SPACE KO(1054258935)#0029' 6-max (real money) Seat #6 is the button
Seat 1: Fffrack (13781, 0.25€ bounty)
Seat 2: Aigle brun35 (45713, 0.25€ bounty)
Seat 3: MathisKcr (52391, 0.30€ bounty)
Seat 4: -IsiS- (19585, 0.30€ bounty)
Seat 5: NirDlaMoOn (18490, 0.25€ bounty)
Seat 6: un.angepasse (120141, 0.93€ bounty)
*** ANTE/BLINDS ***
Fffrack posts ante 50
Aigle brun35 posts ante 50
MathisKcr posts ante 50
-IsiS- posts ante 50
NirDlaMoOn posts ante 50
un.angepasse posts ante 50
Fffrack posts small blind 200
Aigle brun35 posts big blind 400
Dealt to MathisKcr [7c 4c]
*** PRE-FLOP *** 
MathisKcr folds
-IsiS- calls 400
NirDlaMoOn folds
un.angepasse calls 400
Fffrack folds
Aigle brun35 checks
*** FLOP *** [Kc 6c 3s]
Aigle brun35 checks
-IsiS- checks
un.angepasse bets 1700
Aigle brun35 folds
-IsiS- folds
un.angepasse collected 3400 from pot
*** SUMMARY ***
Total pot 3400 | No rake
Board: [Kc 6c 3s]
Seat 6: un.angepasse (button) won 3400


Winamax Poker - Tournament "SPACE KO" buyIn: 0.45€ + 0.05€ level: 5 - HandId: #4528007647340789790-52-1772286046 - Holdem no limit (50/200/400) - 2026/02/28 13:40:46 UTC
Table: 'SPACE KO(1054258935)#0029' 6-max (real money) Seat #1 is the button
Seat 1: Fffrack (13531, 0.25€ bounty)
Seat 2: Aigle brun35 (45263, 0.25€ bounty)
Seat 3: MathisKcr (52341, 0.30€ bounty)
Seat 5: NirDlaMoOn (18440, 0.25€ bounty)
Seat 6: un.angepasse (121391, 0.93€ bounty)
*** ANTE/BLINDS ***
Aigle brun35 posts ante 50
MathisKcr posts ante 50
Fffrack posts ante 50
NirDlaMoOn posts ante 50
un.angepasse posts ante 50
Aigle brun35 posts small blind 200
MathisKcr posts big blind 400
Dealt to MathisKcr [3s 7d]
*** PRE-FLOP *** 
NirDlaMoOn folds
un.angepasse calls 400
Fffrack calls 400
Aigle brun35 calls 200
MathisKcr checks
*** FLOP *** [Td 3c Ks]
Aigle brun35 checks
MathisKcr bets 800
un.angepasse folds
Fffrack calls 800
Aigle brun35 folds
*** TURN *** [Td 3c Ks][9c]
MathisKcr checks
Fffrack bets 1000
MathisKcr folds
Fffrack collected 4450 from pot
*** SUMMARY ***
Total pot 4450 | No rake
Board: [Td 3c Ks 9c]
Seat 1: Fffrack (button) won 4450


Winamax Poker - Tournament "SPACE KO" buyIn: 0.45€ + 0.05€ level: 5 - HandId: #4528007647340789790-53-1772286091 - Holdem no limit (50/200/400) - 2026/02/28 13:41:31 UTC
Table: 'SPACE KO(1054258935)#0029' 6-max (real money) Seat #2 is the button
Seat 1: Fffrack (15731, 0.25€ bounty)
Seat 2: Aigle brun35 (44813, 0.25€ bounty)
Seat 3: MathisKcr (51091, 0.30€ bounty)
Seat 4: LilasTroll90 (25578, 0.25€ bounty)
Seat 5: NirDlaMoOn (18390, 0.25€ bounty)
Seat 6: un.angepasse (120941, 0.93€ bounty)
*** ANTE/BLINDS ***
MathisKcr posts ante 50
LilasTroll90 posts ante 50
Fffrack posts ante 50
Aigle brun35 posts ante 50
NirDlaMoOn posts ante 50
un.angepasse posts ante 50
MathisKcr posts small blind 200
LilasTroll90 posts big blind 400
Dealt to MathisKcr [5c Th]
*** PRE-FLOP *** 
NirDlaMoOn raises 400 to 800
un.angepasse calls 800
Fffrack raises 1600 to 2400
Aigle brun35 folds
MathisKcr folds
LilasTroll90 folds
NirDlaMoOn folds
un.angepasse calls 1600
*** FLOP *** [Qh Kd 8s]
un.angepasse checks
Fffrack bets 1000
un.angepasse calls 1000
*** TURN *** [Qh Kd 8s][Qs]
un.angepasse checks
Fffrack checks
*** RIVER *** [Qh Kd 8s Qs][2h]
un.angepasse checks
Fffrack bets 2000
un.angepasse calls 2000
*** SHOW DOWN ***
un.angepasse shows [Js 8h] (Two pairs : Queens and 8)
Fffrack shows [Qd Qc] (Quads of Queens)
Fffrack collected 12500 from pot
*** SUMMARY ***
Total pot 12500 | No rake
Board: [Qh Kd 8s Qs 2h]
Seat 1: Fffrack showed [Qd Qc] and won 12500 with Quads of Queens
Seat 6: un.angepasse showed [Js 8h] and lost with Two pairs : Queens and 8


Winamax Poker - Tournament "SPACE KO" buyIn: 0.45€ + 0.05€ level: 5 - HandId: #4528007647340789790-54-1772286156 - Holdem no limit (50/200/400) - 2026/02/28 13:42:36 UTC
Table: 'SPACE KO(1054258935)#0029' 6-max (real money) Seat #3 is the button
Seat 1: Fffrack (22781, 0.25€ bounty)
Seat 2: Aigle brun35 (44763, 0.25€ bounty)
Seat 3: MathisKcr (50841, 0.30€ bounty)
Seat 4: LilasTroll90 (25128, 0.25€ bounty)
Seat 5: NirDlaMoOn (17540, 0.25€ bounty)
Seat 6: un.angepasse (115491, 0.93€ bounty)
*** ANTE/BLINDS ***
LilasTroll90 posts ante 50
NirDlaMoOn posts ante 50
Fffrack posts ante 50
Aigle brun35 posts ante 50
MathisKcr posts ante 50
un.angepasse posts ante 50
LilasTroll90 posts small blind 200
NirDlaMoOn posts big blind 400
Dealt to MathisKcr [Jh Ah]
*** PRE-FLOP *** 
un.angepasse calls 400
Fffrack folds
Aigle brun35 calls 400
MathisKcr raises 400 to 800
LilasTroll90 folds
NirDlaMoOn folds
un.angepasse calls 400
Aigle brun35 calls 400
*** FLOP *** [6d 8s As]
un.angepasse checks
Aigle brun35 checks
MathisKcr bets 1650
un.angepasse calls 1650
Aigle brun35 folds
*** TURN *** [6d 8s As][Ts]
un.angepasse checks
MathisKcr bets 4290
un.angepasse calls 4290
*** RIVER *** [6d 8s As Ts][Kh]
un.angepasse checks
MathisKcr checks
*** SHOW DOWN ***
un.angepasse shows [7c Ac] (One pair : Aces)
MathisKcr shows [Jh Ah] (One pair : Aces)
MathisKcr collected 15180 from pot
*** SUMMARY ***
Total pot 15180 | No rake
Board: [6d 8s As Ts Kh]
Seat 3: MathisKcr (button) showed [Jh Ah] and won 15180 with One pair : Aces
Seat 6: un.angepasse showed [7c Ac] and lost with One pair : Aces


Winamax Poker - Tournament "SPACE KO" buyIn: 0.45€ + 0.05€ level: 5 - HandId: #4528007647340789790-55-1772286203 - Holdem no limit (50/200/400) - 2026/02/28 13:43:23 UTC
Table: 'SPACE KO(1054258935)#0029' 6-max (real money) Seat #4 is the button
Seat 1: Fffrack (22731, 0.25€ bounty)
Seat 2: Aigle brun35 (43913, 0.25€ bounty)
Seat 3: MathisKcr (59231, 0.30€ bounty)
Seat 4: LilasTroll90 (24878, 0.25€ bounty)
Seat 5: NirDlaMoOn (17090, 0.25€ bounty)
Seat 6: un.angepasse (108701, 0.93€ bounty)
*** ANTE/BLINDS ***
NirDlaMoOn posts ante 50
un.angepasse posts ante 50
Fffrack posts ante 50
Aigle brun35 posts ante 50
MathisKcr posts ante 50
LilasTroll90 posts ante 50
NirDlaMoOn posts small blind 200
un.angepasse posts big blind 400
Dealt to MathisKcr [2s 9c]
*** PRE-FLOP *** 
Fffrack folds
Aigle brun35 folds
MathisKcr folds
LilasTroll90 folds
NirDlaMoOn folds
un.angepasse collected 900 from pot
*** SUMMARY ***
Total pot 900 | No rake
Seat 6: un.angepasse (big blind) won 900


Winamax Poker - Tournament "SPACE KO" buyIn: 0.45€ + 0.05€ level: 5 - HandId: #4528007647340789790-56-1772286220 - Holdem no limit (50/200/400) - 2026/02/28 13:43:40 UTC
Table: 'SPACE KO(1054258935)#0029' 6-max (real money) Seat #5 is the button
Seat 1: Fffrack (22681, 0.25€ bounty)
Seat 2: Aigle brun35 (43863, 0.25€ bounty)
Seat 3: MathisKcr (59181, 0.30€ bounty)
Seat 4: LilasTroll90 (24828, 0.25€ bounty)
Seat 5: NirDlaMoOn (16840, 0.25€ bounty)
Seat 6: un.angepasse (109151, 0.93€ bounty)
*** ANTE/BLINDS ***
un.angepasse posts ante 50
Fffrack posts ante 50
Aigle brun35 posts ante 50
MathisKcr posts ante 50
LilasTroll90 posts ante 50
NirDlaMoOn posts ante 50
un.angepasse posts small blind 200
Fffrack posts big blind 400
Dealt to MathisKcr [Ac 2h]
*** PRE-FLOP *** 
Aigle brun35 calls 400
MathisKcr raises 400 to 800
LilasTroll90 folds
NirDlaMoOn folds
un.angepasse calls 600
Fffrack calls 400
Aigle brun35 calls 400
*** FLOP *** [3h Th 7h]
un.angepasse checks
Fffrack checks
Aigle brun35 checks
MathisKcr bets 2800
un.angepasse folds
Fffrack raises 19031 to 21831 and is all-in
Aigle brun35 folds
MathisKcr folds
Fffrack collected 28131 from pot
*** SUMMARY ***
Total pot 28131 | No rake
Board: [3h Th 7h]
Seat 1: Fffrack (big blind) won 28131


Winamax Poker - Tournament "SPACE KO" buyIn: 0.45€ + 0.05€ level: 5 - HandId: #4528007647340789790-57-1772286256 - Holdem no limit (50/200/400) - 2026/02/28 13:44:16 UTC
Table: 'SPACE KO(1054258935)#0029' 6-max (real money) Seat #6 is the button
Seat 1: Fffrack (28131, 0.25€ bounty)
Seat 2: Aigle brun35 (43013, 0.25€ bounty)
Seat 3: MathisKcr (55531, 0.30€ bounty)
Seat 4: LilasTroll90 (24778, 0.25€ bounty)
Seat 5: NirDlaMoOn (16790, 0.25€ bounty)
Seat 6: un.angepasse (108301, 0.93€ bounty)
*** ANTE/BLINDS ***
Fffrack posts ante 50
Aigle brun35 posts ante 50
MathisKcr posts ante 50
LilasTroll90 posts ante 50
NirDlaMoOn posts ante 50
un.angepasse posts ante 50
Fffrack posts small blind 200
Aigle brun35 posts big blind 400
Dealt to MathisKcr [Ah 3s]
*** PRE-FLOP *** 
MathisKcr raises 400 to 800
LilasTroll90 folds
NirDlaMoOn raises 1800 to 2600
un.angepasse calls 2600
Fffrack folds
Aigle brun35 raises 40363 to 42963 and is all-in
MathisKcr folds
NirDlaMoOn calls 14140 and is all-in
un.angepasse folds
*** FLOP *** [2d 5s 4h]
*** TURN *** [2d 5s 4h][7h]
*** RIVER *** [2d 5s 4h 7h][7s]
*** SHOW DOWN ***
NirDlaMoOn shows [Ks Kd] (Two pairs : Kings and 7)
Aigle brun35 shows [7d Ad] (Trips of 7)
Aigle brun35 collected 63603 from pot
*** SUMMARY ***
Total pot 63603 | No rake
Board: [2d 5s 4h 7h 7s]
Seat 2: Aigle brun35 (big blind) showed [7d Ad] and won 63603 with Trips of 7
Seat 5: NirDlaMoOn showed [Ks Kd] and lost with Two pairs : Kings and 7


Winamax Poker - Tournament "SPACE KO" buyIn: 0.45€ + 0.05€ level: 5 - HandId: #4528007647340789790-58-1772286299 - Holdem no limit (50/200/400) - 2026/02/28 13:44:59 UTC
Table: 'SPACE KO(1054258935)#0029' 6-max (real money) Seat #1 is the button
Seat 1: Fffrack (27881, 0.25€ bounty)
Seat 2: Aigle brun35 (63603, 0.30€ bounty)
Seat 3: MathisKcr (54681, 0.30€ bounty)
Seat 4: LilasTroll90 (24728, 0.25€ bounty)
Seat 6: un.angepasse (105651, 0.93€ bounty)
*** ANTE/BLINDS ***
Aigle brun35 posts ante 50
MathisKcr posts ante 50
Fffrack posts ante 50
LilasTroll90 posts ante 50
un.angepasse posts ante 50
Aigle brun35 posts small blind 200
MathisKcr posts big blind 400
Dealt to MathisKcr [Ks 8d]
*** PRE-FLOP *** 
LilasTroll90 folds
un.angepasse calls 400
Fffrack folds
Aigle brun35 folds
MathisKcr checks
*** FLOP *** [Tc 3s Kd]
MathisKcr bets 438
un.angepasse calls 438
*** TURN *** [Tc 3s Kd][5s]
MathisKcr bets 744
un.angepasse calls 744
*** RIVER *** [Tc 3s Kd 5s][4h]
MathisKcr bets 1807
un.angepasse calls 1807
*** SHOW DOWN ***
MathisKcr shows [Ks 8d] (One pair : Kings)
un.angepasse shows [Kc Jh] (One pair : Kings)
un.angepasse collected 7228 from pot
*** SUMMARY ***
Total pot 7228 | No rake
Board: [Tc 3s Kd 5s 4h]
Seat 3: MathisKcr (big blind) showed [Ks 8d] and lost with One pair : Kings
Seat 6: un.angepasse showed [Kc Jh] and won 7228 with One pair : Kings


Winamax Poker - Tournament "SPACE KO" buyIn: 0.45€ + 0.05€ level: 6 - HandId: #4528007647340789790-59-1772286342 - Holdem no limit (60/250/500) - 2026/02/28 13:45:42 UTC
Table: 'SPACE KO(1054258935)#0029' 6-max (real money) Seat #2 is the button
Seat 1: Fffrack (27831, 0.25€ bounty)
Seat 2: Aigle brun35 (63353, 0.30€ bounty)
Seat 3: MathisKcr (51242, 0.30€ bounty)
Seat 4: LilasTroll90 (24678, 0.25€ bounty)
Seat 5: zapico_06 (20000, 0.25€ bounty)
Seat 6: un.angepasse (109440, 0.93€ bounty)
*** ANTE/BLINDS ***
MathisKcr posts ante 60
LilasTroll90 posts ante 60
Fffrack posts ante 60
Aigle brun35 posts ante 60
zapico_06 posts ante 60
un.angepasse posts ante 60
MathisKcr posts small blind 250
LilasTroll90 posts big blind 500
Dealt to MathisKcr [Ad Ac]
*** PRE-FLOP *** 
zapico_06 raises 19440 to 19940 and is all-in
un.angepasse folds
Fffrack folds
Aigle brun35 folds
MathisKcr raises 19440 to 39380
LilasTroll90 folds
*** FLOP *** [Kh 2d Qd]
*** TURN *** [Kh 2d Qd][7s]
*** RIVER *** [Kh 2d Qd 7s][5d]
*** SHOW DOWN ***
zapico_06 shows [Kd Tc] (One pair : Kings)
MathisKcr shows [Ad Ac] (One pair : Aces)
MathisKcr collected 60180 from pot
*** SUMMARY ***
Total pot 60180 | No rake
Board: [Kh 2d Qd 7s 5d]
Seat 3: MathisKcr (small blind) showed [Ad Ac] and won 60180 with One pair : Aces
Seat 5: zapico_06 showed [Kd Tc] and lost with One pair : Kings


Winamax Poker - Tournament "SPACE KO" buyIn: 0.45€ + 0.05€ level: 6 - HandId: #4528007647340789790-60-1772286386 - Holdem no limit (60/250/500) - 2026/02/28 13:46:26 UTC
Table: 'SPACE KO(1054258935)#0029' 6-max (real money) Seat #3 is the button
Seat 1: Fffrack (27771, 0.25€ bounty)
Seat 2: Aigle brun35 (63293, 0.30€ bounty)
Seat 3: MathisKcr (71982, 0.42€ bounty)
Seat 4: LilasTroll90 (24118, 0.25€ bounty)
Seat 6: un.angepasse (109380, 0.93€ bounty)
*** ANTE/BLINDS ***
LilasTroll90 posts ante 60
un.angepasse posts ante 60
Fffrack posts ante 60
Aigle brun35 posts ante 60
MathisKcr posts ante 60
LilasTroll90 posts small blind 250
un.angepasse posts big blind 500
Dealt to MathisKcr [8h 2s]
*** PRE-FLOP *** 
Fffrack calls 500
Aigle brun35 calls 500
MathisKcr folds
LilasTroll90 calls 250
un.angepasse checks
*** FLOP *** [As Ad 5s]
LilasTroll90 checks
un.angepasse checks
Fffrack checks
Aigle brun35 bets 2300
LilasTroll90 calls 2300
un.angepasse folds
Fffrack folds
*** TURN *** [As Ad 5s][6h]
LilasTroll90 checks
Aigle brun35 checks
*** RIVER *** [As Ad 5s 6h][9c]
LilasTroll90 bets 500
Aigle brun35 calls 500
*** SHOW DOWN ***
Aigle brun35 shows [Qs Jc] (One pair : Aces)
LilasTroll90 shows [5d Td] (Two pairs : Aces and 5)
LilasTroll90 collected 7900 from pot
*** SUMMARY ***
Total pot 7900 | No rake
Board: [As Ad 5s 6h 9c]
Seat 2: Aigle brun35 showed [Qs Jc] and lost with One pair : Aces
Seat 4: LilasTroll90 (small blind) showed [5d Td] and won 7900 with Two pairs : Aces and 5


Winamax Poker - Tournament "SPACE KO" buyIn: 0.45€ + 0.05€ level: 6 - HandId: #4528007647340789790-61-1772286430 - Holdem no limit (60/250/500) - 2026/02/28 13:47:10 UTC
Table: 'SPACE KO(1054258935)#0029' 6-max (real money) Seat #4 is the button
Seat 1: Fffrack (27211, 0.25€ bounty)
Seat 2: Aigle brun35 (59933, 0.30€ bounty)
Seat 3: MathisKcr (71922, 0.42€ bounty)
Seat 4: LilasTroll90 (28658, 0.25€ bounty)
Seat 5: AD Kevin (20000, 0.25€ bounty)
Seat 6: un.angepasse (108820, 0.93€ bounty)
*** ANTE/BLINDS ***
un.angepasse posts ante 60
Fffrack posts ante 60
Aigle brun35 posts ante 60
MathisKcr posts ante 60
LilasTroll90 posts ante 60
un.angepasse posts small blind 250
Fffrack posts big blind 500
Dealt to MathisKcr [5h Qh]
*** PRE-FLOP *** 
Aigle brun35 calls 500
MathisKcr raises 500 to 1000
LilasTroll90 folds
un.angepasse calls 750
Fffrack calls 500
Aigle brun35 calls 500
*** FLOP *** [Th Ad 9d]
un.angepasse checks
Fffrack bets 500
Aigle brun35 calls 500
MathisKcr calls 500
un.angepasse calls 500
*** TURN *** [Th Ad 9d][8d]
un.angepasse checks
Fffrack checks
Aigle brun35 bets 2205
MathisKcr folds
un.angepasse calls 2205
Fffrack folds
*** RIVER *** [Th Ad 9d 8d][9c]
un.angepasse checks
Aigle brun35 checks
*** SHOW DOWN ***
Aigle brun35 shows [Kc Td] (Two pairs : Tens and 9)
un.angepasse shows [9h Ts] (Full of 9 and Tens)
un.angepasse collected 10710 from pot
*** SUMMARY ***
Total pot 10710 | No rake
Board: [Th Ad 9d 8d 9c]
Seat 2: Aigle brun35 showed [Kc Td] and lost with Two pairs : Tens and 9
Seat 6: un.angepasse (small blind) showed [9h Ts] and won 10710 with Full of 9 and Tens


Winamax Poker - Tournament "SPACE KO" buyIn: 0.45€ + 0.05€ level: 6 - HandId: #4528007647340789790-62-1772286487 - Holdem no limit (60/250/500) - 2026/02/28 13:48:07 UTC
Table: 'SPACE KO(1054258935)#0029' 6-max (real money) Seat #6 is the button
Seat 1: Fffrack (25651, 0.25€ bounty)
Seat 2: Aigle brun35 (56168, 0.30€ bounty)
Seat 3: MathisKcr (70362, 0.42€ bounty)
Seat 4: LilasTroll90 (28598, 0.25€ bounty)
Seat 5: AD Kevin (20000, 0.25€ bounty)
Seat 6: un.angepasse (115765, 0.93€ bounty)
*** ANTE/BLINDS ***
Fffrack posts ante 60
Aigle brun35 posts ante 60
MathisKcr posts ante 60
LilasTroll90 posts ante 60
AD Kevin posts ante 60
un.angepasse posts ante 60
Fffrack posts small blind 250
Aigle brun35 posts big blind 500
Dealt to MathisKcr [Qs 8s]
*** PRE-FLOP *** 
MathisKcr raises 500 to 1000
LilasTroll90 calls 1000
AD Kevin folds
un.angepasse calls 1000
Fffrack folds
Aigle brun35 calls 500
*** FLOP *** [7s 9c 4s]
Aigle brun35 checks
MathisKcr bets 1614
LilasTroll90 calls 1614
un.angepasse folds
Aigle brun35 folds
*** TURN *** [7s 9c 4s][Jh]
MathisKcr checks
LilasTroll90 checks
*** RIVER *** [7s 9c 4s Jh][6c]
MathisKcr checks
LilasTroll90 checks
*** SHOW DOWN ***
MathisKcr shows [Qs 8s] (High card : Queen)
LilasTroll90 shows [9d Qc] (One pair : 9)
LilasTroll90 collected 7838 from pot
*** SUMMARY ***
Total pot 7838 | No rake
Board: [7s 9c 4s Jh 6c]
Seat 3: MathisKcr showed [Qs 8s] and lost with High card : Queen
Seat 4: LilasTroll90 showed [9d Qc] and won 7838 with One pair : 9


Winamax Poker - Tournament "SPACE KO" buyIn: 0.45€ + 0.05€ level: 6 - HandId: #4528007647340789790-63-1772286528 - Holdem no limit (60/250/500) - 2026/02/28 13:48:48 UTC
Table: 'SPACE KO(1054258935)#0029' 6-max (real money) Seat #1 is the button
Seat 1: Fffrack (25341, 0.25€ bounty)
Seat 2: Aigle brun35 (55108, 0.30€ bounty)
Seat 3: MathisKcr (67688, 0.42€ bounty)
Seat 4: LilasTroll90 (33762, 0.25€ bounty)
Seat 5: AD Kevin (19940, 0.25€ bounty)
Seat 6: un.angepasse (114705, 0.93€ bounty)
*** ANTE/BLINDS ***
Aigle brun35 posts ante 60
MathisKcr posts ante 60
Fffrack posts ante 60
LilasTroll90 posts ante 60
AD Kevin posts ante 60
un.angepasse posts ante 60
Aigle brun35 posts small blind 250
MathisKcr posts big blind 500
Dealt to MathisKcr [7h 4s]
*** PRE-FLOP *** 
LilasTroll90 calls 500
AD Kevin folds
un.angepasse calls 500
Fffrack calls 500
Aigle brun35 calls 250
MathisKcr checks
*** FLOP *** [5s 7d 3d]
Aigle brun35 bets 500
MathisKcr raises 1000 to 1500
LilasTroll90 calls 1500
un.angepasse folds
Fffrack folds
Aigle brun35 calls 1000
*** TURN *** [5s 7d 3d][3c]
Aigle brun35 checks
MathisKcr bets 5888
LilasTroll90 calls 5888
Aigle brun35 folds
*** RIVER *** [5s 7d 3d 3c][5d]
MathisKcr checks
LilasTroll90 checks
*** SHOW DOWN ***
MathisKcr shows [7h 4s] (Two pairs : 7 and 5)
LilasTroll90 shows [Jd Jc] (Two pairs : Jacks and 5)
LilasTroll90 collected 19136 from pot
*** SUMMARY ***
Total pot 19136 | No rake
Board: [5s 7d 3d 3c 5d]
Seat 3: MathisKcr (big blind) showed [7h 4s] and lost with Two pairs : 7 and 5
Seat 4: LilasTroll90 showed [Jd Jc] and won 19136 with Two pairs : Jacks and 5


Winamax Poker - Tournament "SPACE KO" buyIn: 0.45€ + 0.05€ level: 6 - HandId: #4528007647340789790-64-1772286559 - Holdem no limit (60/250/500) - 2026/02/28 13:49:19 UTC
Table: 'SPACE KO(1054258935)#0029' 6-max (real money) Seat #2 is the button
Seat 1: Fffrack (24781, 0.25€ bounty)
Seat 2: Aigle brun35 (53048, 0.30€ bounty)
Seat 3: MathisKcr (59740, 0.42€ bounty)
Seat 4: LilasTroll90 (44950, 0.25€ bounty)
Seat 5: AD Kevin (19880, 0.25€ bounty)
Seat 6: un.angepasse (114145, 0.93€ bounty)
*** ANTE/BLINDS ***
MathisKcr posts ante 60
LilasTroll90 posts ante 60
Fffrack posts ante 60
Aigle brun35 posts ante 60
AD Kevin posts ante 60
un.angepasse posts ante 60
MathisKcr posts small blind 250
LilasTroll90 posts big blind 500
Dealt to MathisKcr [8s Ad]
*** PRE-FLOP *** 
AD Kevin calls 500
un.angepasse calls 500
Fffrack folds
Aigle brun35 folds
MathisKcr calls 250
LilasTroll90 checks
*** FLOP *** [Qh 5h 4s]
MathisKcr checks
LilasTroll90 checks
AD Kevin bets 826
un.angepasse calls 826
MathisKcr folds
LilasTroll90 calls 826
*** TURN *** [Qh 5h 4s][2d]
LilasTroll90 checks
AD Kevin bets 3145
un.angepasse calls 3145
LilasTroll90 folds
*** RIVER *** [Qh 5h 4s 2d][5d]
AD Kevin bets 15349 and is all-in
un.angepasse calls 15349
*** SHOW DOWN ***
AD Kevin shows [9s Kc] (One pair : 5)
un.angepasse shows [3h Ac] (Straight 5 high)
un.angepasse collected 41826 from pot
*** SUMMARY ***
Total pot 41826 | No rake
Board: [Qh 5h 4s 2d 5d]
Seat 5: AD Kevin showed [9s Kc] and lost with One pair : 5
Seat 6: un.angepasse showed [3h Ac] and won 41826 with Straight 5 high


Winamax Poker - Tournament "SPACE KO" buyIn: 0.45€ + 0.05€ level: 6 - HandId: #4528007647340789790-65-1772286614 - Holdem no limit (60/250/500) - 2026/02/28 13:50:14 UTC
Table: 'SPACE KO(1054258935)#0029' 6-max (real money) Seat #3 is the button
Seat 1: Fffrack (24721, 0.25€ bounty)
Seat 2: Aigle brun35 (52988, 0.30€ bounty)
Seat 3: MathisKcr (59180, 0.42€ bounty)
Seat 4: LilasTroll90 (43564, 0.25€ bounty)
Seat 6: un.angepasse (136091, 0.98€ bounty)
*** ANTE/BLINDS ***
LilasTroll90 posts ante 60
un.angepasse posts ante 60
Fffrack posts ante 60
Aigle brun35 posts ante 60
MathisKcr posts ante 60
LilasTroll90 posts small blind 250
un.angepasse posts big blind 500
Dealt to MathisKcr [2d 9d]
*** PRE-FLOP *** 
Fffrack folds
Aigle brun35 folds
MathisKcr folds
LilasTroll90 folds
un.angepasse collected 1050 from pot
*** SUMMARY ***
Total pot 1050 | No rake
Seat 6: un.angepasse (big blind) won 1050


Winamax Poker - Tournament "SPACE KO" buyIn: 0.45€ + 0.05€ level: 6 - HandId: #4528007647340789790-66-1772286623 - Holdem no limit (60/250/500) - 2026/02/28 13:50:23 UTC
Table: 'SPACE KO(1054258935)#0029' 6-max (real money) Seat #4 is the button
Seat 2: Aigle brun35 (52928, 0.30€ bounty)
Seat 3: MathisKcr (59120, 0.42€ bounty)
Seat 4: LilasTroll90 (43254, 0.25€ bounty)
Seat 5: Ig22cs (20000, 0.25€ bounty)
Seat 6: un.angepasse (136581, 0.98€ bounty)
*** ANTE/BLINDS ***
un.angepasse posts ante 60
Aigle brun35 posts ante 60
MathisKcr posts ante 60
LilasTroll90 posts ante 60
un.angepasse posts small blind 250
Aigle brun35 posts big blind 500
Dealt to MathisKcr [2h 4c]
*** PRE-FLOP *** 
MathisKcr folds
LilasTroll90 calls 500
un.angepasse calls 250
Aigle brun35 checks
*** FLOP *** [5s 4d 7c]
un.angepasse checks
Aigle brun35 checks
LilasTroll90 checks
*** TURN *** [5s 4d 7c][Jh]
un.angepasse checks
Aigle brun35 checks
LilasTroll90 checks
*** RIVER *** [5s 4d 7c Jh][Ts]
un.angepasse checks
Aigle brun35 checks
LilasTroll90 checks
*** SHOW DOWN ***
Aigle brun35 shows [Qd 3s] (High card : Queen)
un.angepasse shows [8d 3h] (High card : Jack)
LilasTroll90 shows [Th 8c] (One pair : Tens)
LilasTroll90 collected 1740 from pot
*** SUMMARY ***
Total pot 1740 | No rake
Board: [5s 4d 7c Jh Ts]
Seat 2: Aigle brun35 (big blind) showed [Qd 3s] and lost with High card : Queen
Seat 4: LilasTroll90 (button) showed [Th 8c] and won 1740 with One pair : Tens
Seat 6: un.angepasse (small blind) showed [8d 3h] and lost with High card : Jack


Winamax Poker - Tournament "SPACE KO" buyIn: 0.45€ + 0.05€ level: 7 - HandId: #4528007647340789790-68-1772286743 - Holdem no limit (70/300/600) - 2026/02/28 13:52:23 UTC
Table: 'SPACE KO(1054258935)#0029' 6-max (real money) Seat #2 is the button
Seat 1: shuchu (20000, 0.25€ bounty)
Seat 2: Aigle brun35 (49353, 0.30€ bounty)
Seat 3: MathisKcr (56045, 0.42€ bounty)
Seat 4: LilasTroll90 (51084, 0.25€ bounty)
Seat 5: Ig22cs (19940, 0.25€ bounty)
Seat 6: un.angepasse (135461, 0.98€ bounty)
*** ANTE/BLINDS ***
MathisKcr posts ante 70
LilasTroll90 posts ante 70
shuchu posts ante 70
Aigle brun35 posts ante 70
Ig22cs posts ante 70
un.angepasse posts ante 70
MathisKcr posts small blind 300
LilasTroll90 posts big blind 600
Dealt to MathisKcr [Qh Ah]
*** PRE-FLOP *** 
Ig22cs raises 600 to 1200
un.angepasse calls 1200
shuchu folds
Aigle brun35 folds
MathisKcr raises 1800 to 3000
LilasTroll90 folds
Ig22cs folds
un.angepasse calls 1800
*** FLOP *** [Kc 3h 4h]
MathisKcr checks
un.angepasse checks
*** TURN *** [Kc 3h 4h][2h]
MathisKcr bets 2877
un.angepasse folds
MathisKcr collected 11097 from pot
*** SUMMARY ***
Total pot 11097 | No rake
Board: [Kc 3h 4h 2h]
Seat 3: MathisKcr (small blind) won 11097


Winamax Poker - Tournament "SPACE KO" buyIn: 0.45€ + 0.05€ level: 7 - HandId: #4528007647340789790-69-1772286803 - Holdem no limit (70/300/600) - 2026/02/28 13:53:23 UTC
Table: 'SPACE KO(1054258935)#0029' 6-max (real money) Seat #3 is the button
Seat 1: shuchu (19930, 0.25€ bounty)
Seat 2: Aigle brun35 (49283, 0.30€ bounty)
Seat 3: MathisKcr (61195, 0.42€ bounty)
Seat 4: LilasTroll90 (50414, 0.25€ bounty)
Seat 5: Ig22cs (18670, 0.25€ bounty)
Seat 6: un.angepasse (132391, 0.98€ bounty)
*** ANTE/BLINDS ***
LilasTroll90 posts ante 70
Ig22cs posts ante 70
shuchu posts ante 70
Aigle brun35 posts ante 70
MathisKcr posts ante 70
un.angepasse posts ante 70
LilasTroll90 posts small blind 300
Ig22cs posts big blind 600
Dealt to MathisKcr [Th 5h]
*** PRE-FLOP *** 
un.angepasse calls 600
shuchu folds
Aigle brun35 calls 600
MathisKcr folds
LilasTroll90 calls 300
Ig22cs checks
*** FLOP *** [9s 4s 5d]
LilasTroll90 checks
Ig22cs checks
un.angepasse checks
Aigle brun35 checks
*** TURN *** [9s 4s 5d][3c]
LilasTroll90 checks
Ig22cs checks
un.angepasse checks
Aigle brun35 bets 2820
LilasTroll90 folds
Ig22cs folds
un.angepasse calls 2820
*** RIVER *** [9s 4s 5d 3c][7c]
un.angepasse checks
Aigle brun35 checks
*** SHOW DOWN ***
un.angepasse shows [Jd Ad] (High card : Ace)
Aigle brun35 shows [5c Jh] (One pair : 5)
Aigle brun35 collected 8460 from pot
*** SUMMARY ***
Total pot 8460 | No rake
Board: [9s 4s 5d 3c 7c]
Seat 2: Aigle brun35 showed [5c Jh] and won 8460 with One pair : 5
Seat 6: un.angepasse showed [Jd Ad] and lost with High card : Ace


Winamax Poker - Tournament "SPACE KO" buyIn: 0.45€ + 0.05€ level: 7 - HandId: #4528007647340789790-70-1772287261 - Holdem no limit (70/300/600) - 2026/02/28 14:01:01 UTC
Table: 'SPACE KO(1054258935)#0029' 6-max (real money) Seat #4 is the button
Seat 1: shuchu (19860, 0.25€ bounty)
Seat 2: Aigle brun35 (54253, 0.30€ bounty)
Seat 3: MathisKcr (61125, 0.42€ bounty)
Seat 4: LilasTroll90 (49744, 0.25€ bounty)
Seat 5: Ig22cs (18000, 0.25€ bounty)
Seat 6: un.angepasse (128901, 0.98€ bounty)
*** ANTE/BLINDS ***
Ig22cs posts ante 70
un.angepasse posts ante 70
shuchu posts ante 70
Aigle brun35 posts ante 70
MathisKcr posts ante 70
LilasTroll90 posts ante 70
Ig22cs posts small blind 300
un.angepasse posts big blind 600
Dealt to MathisKcr [8s 5s]
*** PRE-FLOP *** 
shuchu folds
Aigle brun35 folds
MathisKcr folds
LilasTroll90 folds
Ig22cs folds
un.angepasse collected 1320 from pot
*** SUMMARY ***
Total pot 1320 | No rake
Seat 6: un.angepasse (big blind) won 1320


Winamax Poker - Tournament "SPACE KO" buyIn: 0.45€ + 0.05€ level: 7 - HandId: #4528007647340789790-71-1772287282 - Holdem no limit (70/300/600) - 2026/02/28 14:01:22 UTC
Table: 'SPACE KO(1054258935)#0029' 6-max (real money) Seat #5 is the button
Seat 1: shuchu (19790, 0.25€ bounty)
Seat 3: MathisKcr (61055, 0.42€ bounty)
Seat 4: LilasTroll90 (49674, 0.25€ bounty)
Seat 5: Ig22cs (17630, 0.25€ bounty)
Seat 6: un.angepasse (129551, 0.98€ bounty)
*** ANTE/BLINDS ***
un.angepasse posts ante 70
shuchu posts ante 70
MathisKcr posts ante 70
LilasTroll90 posts ante 70
Ig22cs posts ante 70
un.angepasse posts small blind 300
shuchu posts big blind 600
Dealt to MathisKcr [8s Jd]
*** PRE-FLOP *** 
MathisKcr raises 600 to 1200
LilasTroll90 calls 1200
Ig22cs calls 1200
un.angepasse calls 900
shuchu calls 600
*** FLOP *** [Ts 6d 4h]
un.angepasse checks
shuchu bets 3175
MathisKcr folds
LilasTroll90 folds
Ig22cs folds
un.angepasse folds
shuchu collected 9525 from pot
*** SUMMARY ***
Total pot 9525 | No rake
Board: [Ts 6d 4h]
Seat 1: shuchu (big blind) won 9525


Winamax Poker - Tournament "SPACE KO" buyIn: 0.45€ + 0.05€ level: 7 - HandId: #4528007647340789790-72-1772287320 - Holdem no limit (70/300/600) - 2026/02/28 14:02:00 UTC
Table: 'SPACE KO(1054258935)#0029' 6-max (real money) Seat #6 is the button
Seat 1: shuchu (24870, 0.25€ bounty)
Seat 2: NL-Mister905 (20000, 0.25€ bounty)
Seat 3: MathisKcr (59785, 0.42€ bounty)
Seat 4: LilasTroll90 (48404, 0.25€ bounty)
Seat 5: Ig22cs (16360, 0.25€ bounty)
Seat 6: un.angepasse (128281, 0.98€ bounty)
*** ANTE/BLINDS ***
shuchu posts ante 70
NL-Mister905 posts ante 70
MathisKcr posts ante 70
LilasTroll90 posts ante 70
Ig22cs posts ante 70
un.angepasse posts ante 70
shuchu posts small blind 300
NL-Mister905 posts big blind 600
Dealt to MathisKcr [7h 7s]
*** PRE-FLOP *** 
MathisKcr raises 59115 to 59715 and is all-in
LilasTroll90 folds
Ig22cs calls 16290 and is all-in
un.angepasse calls 59715
shuchu folds
NL-Mister905 folds
*** FLOP *** [Kh 2c 4d]
*** TURN *** [Kh 2c 4d][9s]
*** RIVER *** [Kh 2c 4d 9s][5s]
*** SHOW DOWN ***
MathisKcr shows [7h 7s] (One pair : 7)
Ig22cs shows [9h 9c] (Trips of 9)
un.angepasse shows [Jc Js] (One pair : Jacks)
un.angepasse collected 86850 from side pot 1
Ig22cs collected 50190 from main pot
*** SUMMARY ***
Total pot 137040 | No rake
Board: [Kh 2c 4d 9s 5s]
Seat 3: MathisKcr showed [7h 7s] and lost with One pair : 7
Seat 5: Ig22cs showed [9h 9c] and won 50190 with Trips of 9
Seat 6: un.angepasse (button) showed [Jc Js] and won 86850 with One pair : Jacks


