Winamax Poker - Tournament "Expresso Nitro" buyIn: 0.93€ + 0.07€ level: 1 - HandId: #4601533613387808769-1-1772391711 - Holdem no limit (10/20) - 2026/03/01 19:01:51 UTC
Table: 'Expresso Nitro(1071378033)#0' 3-max (real money) Seat #2 is the button
Seat 1: MathisKcr (300)
Seat 2: jooselee (300)
Seat 3: MEGADERV78 (300)
*** ANTE/BLINDS ***
MEGADERV78 posts small blind 10
MathisKcr posts big blind 20
Dealt to MathisKcr [6s 8d]
*** PRE-FLOP *** 
jooselee folds
MEGADERV78 folds
MathisKcr collected 30 from pot
*** SUMMARY ***
Total pot 30 | No rake
Seat 1: MathisKcr (big blind) won 30


Winamax Poker - Tournament "Expresso Nitro" buyIn: 0.93€ + 0.07€ level: 1 - HandId: #4601533613387808769-2-1772391719 - Holdem no limit (10/20) - 2026/03/01 19:01:59 UTC
Table: 'Expresso Nitro(1071378033)#0' 3-max (real money) Seat #3 is the button
Seat 1: MathisKcr (310)
Seat 2: jooselee (300)
Seat 3: MEGADERV78 (290)
*** ANTE/BLINDS ***
MathisKcr posts small blind 10
jooselee posts big blind 20
Dealt to MathisKcr [Js Qc]
*** PRE-FLOP *** 
MEGADERV78 folds
MathisKcr raises 20 to 40
jooselee folds
MathisKcr collected 60 from pot
*** SUMMARY ***
Total pot 60 | No rake
Seat 1: MathisKcr (small blind) won 60


Winamax Poker - Tournament "Expresso Nitro" buyIn: 0.93€ + 0.07€ level: 1 - HandId: #4601533613387808769-3-1772391732 - Holdem no limit (10/20) - 2026/03/01 19:02:12 UTC
Table: 'Expresso Nitro(1071378033)#0' 3-max (real money) Seat #1 is the button
Seat 1: MathisKcr (330)
Seat 2: jooselee (280)
Seat 3: MEGADERV78 (290)
*** ANTE/BLINDS ***
jooselee posts small blind 10
MEGADERV78 posts big blind 20
Dealt to MathisKcr [Qc 6h]
*** PRE-FLOP *** 
MathisKcr calls 20
jooselee folds
MEGADERV78 raises 270 to 290 and is all-in
MathisKcr folds
MEGADERV78 collected 320 from pot
*** SUMMARY ***
Total pot 320 | No rake
Seat 3: MEGADERV78 (big blind) won 320


Winamax Poker - Tournament "Expresso Nitro" buyIn: 0.93€ + 0.07€ level: 1 - HandId: #4601533613387808769-4-1772391748 - Holdem no limit (10/20) - 2026/03/01 19:02:28 UTC
Table: 'Expresso Nitro(1071378033)#0' 3-max (real money) Seat #2 is the button
Seat 1: MathisKcr (310)
Seat 2: jooselee (270)
Seat 3: MEGADERV78 (320)
*** ANTE/BLINDS ***
MEGADERV78 posts small blind 10
MathisKcr posts big blind 20
Dealt to MathisKcr [8d Th]
*** PRE-FLOP *** 
jooselee folds
MEGADERV78 raises 300 to 320 and is all-in
MathisKcr folds
MEGADERV78 collected 340 from pot
*** SUMMARY ***
Total pot 340 | No rake
Seat 3: MEGADERV78 (small blind) won 340


Winamax Poker - Tournament "Expresso Nitro" buyIn: 0.93€ + 0.07€ level: 1 - HandId: #4601533613387808769-5-1772391756 - Holdem no limit (10/20) - 2026/03/01 19:02:36 UTC
Table: 'Expresso Nitro(1071378033)#0' 3-max (real money) Seat #3 is the button
Seat 1: MathisKcr (290)
Seat 2: jooselee (270)
Seat 3: MEGADERV78 (340)
*** ANTE/BLINDS ***
MathisKcr posts small blind 10
jooselee posts big blind 20
Dealt to MathisKcr [7s 3h]
*** PRE-FLOP *** 
MEGADERV78 raises 320 to 340 and is all-in
MathisKcr folds
jooselee folds
MEGADERV78 collected 370 from pot
*** SUMMARY ***
Total pot 370 | No rake
Seat 3: MEGADERV78 (button) won 370


Winamax Poker - Tournament "Expresso Nitro" buyIn: 0.93€ + 0.07€ level: 2 - HandId: #4601533613387808769-6-1772391776 - Holdem no limit (15/30) - 2026/03/01 19:02:56 UTC
Table: 'Expresso Nitro(1071378033)#0' 3-max (real money) Seat #1 is the button
Seat 1: MathisKcr (280)
Seat 2: jooselee (250)
Seat 3: MEGADERV78 (370)
*** ANTE/BLINDS ***
jooselee posts small blind 15
MEGADERV78 posts big blind 30
Dealt to MathisKcr [9c Js]
*** PRE-FLOP *** 
MathisKcr raises 30 to 60
jooselee folds
MEGADERV78 raises 310 to 370 and is all-in
MathisKcr folds
MEGADERV78 collected 445 from pot
*** SUMMARY ***
Total pot 445 | No rake
Seat 3: MEGADERV78 (big blind) won 445


Winamax Poker - Tournament "Expresso Nitro" buyIn: 0.93€ + 0.07€ level: 2 - HandId: #4601533613387808769-7-1772391791 - Holdem no limit (15/30) - 2026/03/01 19:03:11 UTC
Table: 'Expresso Nitro(1071378033)#0' 3-max (real money) Seat #2 is the button
Seat 1: MathisKcr (220)
Seat 2: jooselee (235)
Seat 3: MEGADERV78 (445)
*** ANTE/BLINDS ***
MEGADERV78 posts small blind 15
MathisKcr posts big blind 30
Dealt to MathisKcr [5h 3h]
*** PRE-FLOP *** 
jooselee folds
MEGADERV78 folds
MathisKcr collected 45 from pot
*** SUMMARY ***
Total pot 45 | No rake
Seat 1: MathisKcr (big blind) won 45


Winamax Poker - Tournament "Expresso Nitro" buyIn: 0.93€ + 0.07€ level: 2 - HandId: #4601533613387808769-8-1772391799 - Holdem no limit (15/30) - 2026/03/01 19:03:19 UTC
Table: 'Expresso Nitro(1071378033)#0' 3-max (real money) Seat #3 is the button
Seat 1: MathisKcr (235)
Seat 2: jooselee (235)
Seat 3: MEGADERV78 (430)
*** ANTE/BLINDS ***
MathisKcr posts small blind 15
jooselee posts big blind 30
Dealt to MathisKcr [8s Jh]
*** PRE-FLOP *** 
MEGADERV78 raises 400 to 430 and is all-in
MathisKcr folds
jooselee folds
MEGADERV78 collected 475 from pot
*** SUMMARY ***
Total pot 475 | No rake
Seat 3: MEGADERV78 (button) won 475


Winamax Poker - Tournament "Expresso Nitro" buyIn: 0.93€ + 0.07€ level: 2 - HandId: #4601533613387808769-9-1772391808 - Holdem no limit (15/30) - 2026/03/01 19:03:28 UTC
Table: 'Expresso Nitro(1071378033)#0' 3-max (real money) Seat #1 is the button
Seat 1: MathisKcr (220)
Seat 2: jooselee (205)
Seat 3: MEGADERV78 (475)
*** ANTE/BLINDS ***
jooselee posts small blind 15
MEGADERV78 posts big blind 30
Dealt to MathisKcr [9c 7c]
*** PRE-FLOP *** 
MathisKcr raises 190 to 220 and is all-in
jooselee folds
MEGADERV78 folds
MathisKcr collected 265 from pot
*** SUMMARY ***
Total pot 265 | No rake
Seat 1: MathisKcr (button) won 265


Winamax Poker - Tournament "Expresso Nitro" buyIn: 0.93€ + 0.07€ level: 2 - HandId: #4601533613387808769-10-1772391828 - Holdem no limit (15/30) - 2026/03/01 19:03:48 UTC
Table: 'Expresso Nitro(1071378033)#0' 3-max (real money) Seat #2 is the button
Seat 1: MathisKcr (265)
Seat 2: jooselee (190)
Seat 3: MEGADERV78 (445)
*** ANTE/BLINDS ***
MEGADERV78 posts small blind 15
MathisKcr posts big blind 30
Dealt to MathisKcr [9s 8d]
*** PRE-FLOP *** 
jooselee folds
MEGADERV78 folds
MathisKcr collected 45 from pot
*** SUMMARY ***
Total pot 45 | No rake
Seat 1: MathisKcr (big blind) won 45


Winamax Poker - Tournament "Expresso Nitro" buyIn: 0.93€ + 0.07€ level: 3 - HandId: #4601533613387808769-11-1772391839 - Holdem no limit (20/40) - 2026/03/01 19:03:59 UTC
Table: 'Expresso Nitro(1071378033)#0' 3-max (real money) Seat #3 is the button
Seat 1: MathisKcr (280)
Seat 2: jooselee (190)
Seat 3: MEGADERV78 (430)
*** ANTE/BLINDS ***
MathisKcr posts small blind 20
jooselee posts big blind 40
Dealt to MathisKcr [6d 5c]
*** PRE-FLOP *** 
MEGADERV78 raises 390 to 430 and is all-in
MathisKcr folds
jooselee folds
MEGADERV78 collected 490 from pot
*** SUMMARY ***
Total pot 490 | No rake
Seat 3: MEGADERV78 (button) won 490


Winamax Poker - Tournament "Expresso Nitro" buyIn: 0.93€ + 0.07€ level: 3 - HandId: #4601533613387808769-12-1772391848 - Holdem no limit (20/40) - 2026/03/01 19:04:08 UTC
Table: 'Expresso Nitro(1071378033)#0' 3-max (real money) Seat #1 is the button
Seat 1: MathisKcr (260)
Seat 2: jooselee (150)
Seat 3: MEGADERV78 (490)
*** ANTE/BLINDS ***
jooselee posts small blind 20
MEGADERV78 posts big blind 40
Dealt to MathisKcr [Ts 6d]
*** PRE-FLOP *** 
MathisKcr folds
jooselee raises 110 to 150 and is all-in
MEGADERV78 raises 340 to 490 and is all-in
*** FLOP *** [Kc 2s 9s]
*** TURN *** [Kc 2s 9s][8c]
*** RIVER *** [Kc 2s 9s 8c][Jd]
*** SHOW DOWN ***
jooselee shows [Qh 4c] (High card : King)
MEGADERV78 shows [5h Kd] (One pair : Kings)
MEGADERV78 collected 640 from pot
*** SUMMARY ***
Total pot 640 | No rake
Board: [Kc 2s 9s 8c Jd]
Seat 2: jooselee (small blind) showed [Qh 4c] and lost with High card : King
Seat 3: MEGADERV78 (big blind) showed [5h Kd] and won 640 with One pair : Kings


Winamax Poker - Tournament "Expresso Nitro" buyIn: 0.93€ + 0.07€ level: 3 - HandId: #4601533613387808769-13-1772391863 - Holdem no limit (20/40) - 2026/03/01 19:04:23 UTC
Table: 'Expresso Nitro(1071378033)#0' 3-max (real money) Seat #3 is the button
Seat 1: MathisKcr (260)
Seat 3: MEGADERV78 (640)
*** ANTE/BLINDS ***
MEGADERV78 posts small blind 20
MathisKcr posts big blind 40
Dealt to MathisKcr [Kc 6c]
*** PRE-FLOP *** 
MEGADERV78 folds
MathisKcr collected 60 from pot
*** SUMMARY ***
Total pot 60 | No rake
Seat 1: MathisKcr (big blind) won 60


Winamax Poker - Tournament "Expresso Nitro" buyIn: 0.93€ + 0.07€ level: 3 - HandId: #4601533613387808769-14-1772391868 - Holdem no limit (20/40) - 2026/03/01 19:04:28 UTC
Table: 'Expresso Nitro(1071378033)#0' 3-max (real money) Seat #1 is the button
Seat 1: MathisKcr (280)
Seat 3: MEGADERV78 (620)
*** ANTE/BLINDS ***
MathisKcr posts small blind 20
MEGADERV78 posts big blind 40
Dealt to MathisKcr [Qd 7h]
*** PRE-FLOP *** 
MathisKcr raises 240 to 280 and is all-in
MEGADERV78 folds
MathisKcr collected 320 from pot
*** SUMMARY ***
Total pot 320 | No rake
Seat 1: MathisKcr (small blind) (button) won 320


Winamax Poker - Tournament "Expresso Nitro" buyIn: 0.93€ + 0.07€ level: 3 - HandId: #4601533613387808769-15-1772391880 - Holdem no limit (20/40) - 2026/03/01 19:04:40 UTC
Table: 'Expresso Nitro(1071378033)#0' 3-max (real money) Seat #3 is the button
Seat 1: MathisKcr (320)
Seat 3: MEGADERV78 (580)
*** ANTE/BLINDS ***
MEGADERV78 posts small blind 20
MathisKcr posts big blind 40
Dealt to MathisKcr [8s 5c]
*** PRE-FLOP *** 
MEGADERV78 raises 540 to 580 and is all-in
MathisKcr folds
MEGADERV78 collected 620 from pot
*** SUMMARY ***
Total pot 620 | No rake
Seat 3: MEGADERV78 (small blind) (button) won 620


Winamax Poker - Tournament "Expresso Nitro" buyIn: 0.93€ + 0.07€ level: 3 - HandId: #4601533613387808769-16-1772391886 - Holdem no limit (20/40) - 2026/03/01 19:04:46 UTC
Table: 'Expresso Nitro(1071378033)#0' 3-max (real money) Seat #1 is the button
Seat 1: MathisKcr (280)
Seat 3: MEGADERV78 (620)
*** ANTE/BLINDS ***
MathisKcr posts small blind 20
MEGADERV78 posts big blind 40
Dealt to MathisKcr [As Kd]
*** PRE-FLOP *** 
MathisKcr raises 240 to 280 and is all-in
MEGADERV78 folds
MathisKcr collected 320 from pot
*** SUMMARY ***
Total pot 320 | No rake
Seat 1: MathisKcr (small blind) (button) won 320


Winamax Poker - Tournament "Expresso Nitro" buyIn: 0.93€ + 0.07€ level: 4 - HandId: #4601533613387808769-17-1772391893 - Holdem no limit (30/60) - 2026/03/01 19:04:53 UTC
Table: 'Expresso Nitro(1071378033)#0' 3-max (real money) Seat #3 is the button
Seat 1: MathisKcr (320)
Seat 3: MEGADERV78 (580)
*** ANTE/BLINDS ***
MEGADERV78 posts small blind 30
MathisKcr posts big blind 60
Dealt to MathisKcr [Ts 7c]
*** PRE-FLOP *** 
MEGADERV78 raises 120 to 180
MathisKcr folds
MEGADERV78 collected 240 from pot
*** SUMMARY ***
Total pot 240 | No rake
Seat 3: MEGADERV78 (small blind) (button) won 240


Winamax Poker - Tournament "Expresso Nitro" buyIn: 0.93€ + 0.07€ level: 4 - HandId: #4601533613387808769-18-1772391899 - Holdem no limit (30/60) - 2026/03/01 19:04:59 UTC
Table: 'Expresso Nitro(1071378033)#0' 3-max (real money) Seat #1 is the button
Seat 1: MathisKcr (260)
Seat 3: MEGADERV78 (640)
*** ANTE/BLINDS ***
MathisKcr posts small blind 30
MEGADERV78 posts big blind 60
Dealt to MathisKcr [5d Qd]
*** PRE-FLOP *** 
MathisKcr raises 200 to 260 and is all-in
MEGADERV78 raises 380 to 640 and is all-in
*** FLOP *** [4s 7c 4d]
*** TURN *** [4s 7c 4d][Ks]
*** RIVER *** [4s 7c 4d Ks][8d]
*** SHOW DOWN ***
MathisKcr shows [5d Qd] (One pair : 4)
MEGADERV78 shows [Ah Jd] (One pair : 4)
MEGADERV78 collected 900 from pot
*** SUMMARY ***
Total pot 900 | No rake
Board: [4s 7c 4d Ks 8d]
Seat 1: MathisKcr (small blind) (button) showed [5d Qd] and lost with One pair : 4
Seat 3: MEGADERV78 (big blind) showed [Ah Jd] and won 900 with One pair : 4


