Winamax Poker - Tournament "Expresso Nitro" buyIn: 0.93€ + 0.07€ level: 1 - HandId: #4668203574679830529-1-1774784500 - Holdem no limit (10/20) - 2026/03/29 11:41:40 UTC
Table: 'Expresso Nitro(1086900843)#0' 3-max (real money) Seat #1 is the button
Seat 1: MathisKcr (300)
Seat 2: Lokabo (300)
Seat 3: lafouine279 (300)
*** ANTE/BLINDS ***
Lokabo posts small blind 10
lafouine279 posts big blind 20
Dealt to MathisKcr [3s Js]
*** PRE-FLOP *** 
MathisKcr raises 20 to 40
Lokabo raises 260 to 300 and is all-in
lafouine279 folds
MathisKcr folds
Lokabo collected 360 from pot
*** SUMMARY ***
Total pot 360 | No rake
Seat 2: Lokabo (small blind) won 360


Winamax Poker - Tournament "Expresso Nitro" buyIn: 0.93€ + 0.07€ level: 1 - HandId: #4668203574679830529-2-1774784514 - Holdem no limit (10/20) - 2026/03/29 11:41:54 UTC
Table: 'Expresso Nitro(1086900843)#0' 3-max (real money) Seat #2 is the button
Seat 1: MathisKcr (260)
Seat 2: Lokabo (360)
Seat 3: lafouine279 (280)
*** ANTE/BLINDS ***
lafouine279 posts small blind 10
MathisKcr posts big blind 20
Dealt to MathisKcr [Qs As]
*** PRE-FLOP *** 
Lokabo raises 340 to 360 and is all-in
lafouine279 folds
MathisKcr calls 240 and is all-in
*** FLOP *** [3c 5d 4c]
*** TURN *** [3c 5d 4c][Jc]
*** RIVER *** [3c 5d 4c Jc][Qh]
*** SHOW DOWN ***
MathisKcr shows [Qs As] (One pair : Queens)
Lokabo shows [8d Ad] (High card : Ace)
Lokabo collected 100 from side pot 1
MathisKcr collected 530 from main pot
*** SUMMARY ***
Total pot 630 | No rake
Board: [3c 5d 4c Jc Qh]
Seat 1: MathisKcr (big blind) showed [Qs As] and won 530 with One pair : Queens
Seat 2: Lokabo (button) showed [8d Ad] and won 100 with High card : Ace


Winamax Poker - Tournament "Expresso Nitro" buyIn: 0.93€ + 0.07€ level: 1 - HandId: #4668203574679830529-3-1774784527 - Holdem no limit (10/20) - 2026/03/29 11:42:07 UTC
Table: 'Expresso Nitro(1086900843)#0' 3-max (real money) Seat #3 is the button
Seat 1: MathisKcr (530)
Seat 2: Lokabo (100)
Seat 3: lafouine279 (270)
*** ANTE/BLINDS ***
MathisKcr posts small blind 10
Lokabo posts big blind 20
Dealt to MathisKcr [As Th]
*** PRE-FLOP *** 
lafouine279 folds
MathisKcr raises 510 to 530 and is all-in
Lokabo calls 80 and is all-in
*** FLOP *** [Td 9d Js]
*** TURN *** [Td 9d Js][8s]
*** RIVER *** [Td 9d Js 8s][7s]
*** SHOW DOWN ***
MathisKcr shows [As Th] (Straight Jack high)
Lokabo shows [7h Ac] (Straight Jack high)
Lokabo collected 100 from main pot
MathisKcr collected 530 from side pot 1
*** SUMMARY ***
Total pot 630 | No rake
Board: [Td 9d Js 8s 7s]
Seat 1: MathisKcr (small blind) showed [As Th] and won 530 with Straight Jack high
Seat 2: Lokabo (big blind) showed [7h Ac] and won 100 with Straight Jack high


Winamax Poker - Tournament "Expresso Nitro" buyIn: 0.93€ + 0.07€ level: 1 - HandId: #4668203574679830529-4-1774784541 - Holdem no limit (10/20) - 2026/03/29 11:42:21 UTC
Table: 'Expresso Nitro(1086900843)#0' 3-max (real money) Seat #1 is the button
Seat 1: MathisKcr (530)
Seat 2: Lokabo (100)
Seat 3: lafouine279 (270)
*** ANTE/BLINDS ***
Lokabo posts small blind 10
lafouine279 posts big blind 20
Dealt to MathisKcr [2s Ks]
*** PRE-FLOP *** 
MathisKcr raises 20 to 40
Lokabo raises 60 to 100 and is all-in
lafouine279 folds
MathisKcr calls 60
*** FLOP *** [Kc 5d Ah]
*** TURN *** [Kc 5d Ah][Jc]
*** RIVER *** [Kc 5d Ah Jc][Qd]
*** SHOW DOWN ***
Lokabo shows [8h 3d] (High card : Ace)
MathisKcr shows [2s Ks] (One pair : Kings)
MathisKcr collected 220 from pot
*** SUMMARY ***
Total pot 220 | No rake
Board: [Kc 5d Ah Jc Qd]
Seat 1: MathisKcr (button) showed [2s Ks] and won 220 with One pair : Kings
Seat 2: Lokabo (small blind) showed [8h 3d] and lost with High card : Ace


Winamax Poker - Tournament "Expresso Nitro" buyIn: 0.93€ + 0.07€ level: 2 - HandId: #4668203574679830529-5-1774784559 - Holdem no limit (15/30) - 2026/03/29 11:42:39 UTC
Table: 'Expresso Nitro(1086900843)#0' 3-max (real money) Seat #3 is the button
Seat 1: MathisKcr (650)
Seat 3: lafouine279 (250)
*** ANTE/BLINDS ***
lafouine279 posts small blind 15
MathisKcr posts big blind 30
Dealt to MathisKcr [Qd 6s]
*** PRE-FLOP *** 
lafouine279 folds
MathisKcr collected 45 from pot
*** SUMMARY ***
Total pot 45 | No rake
Seat 1: MathisKcr (big blind) won 45


Winamax Poker - Tournament "Expresso Nitro" buyIn: 0.93€ + 0.07€ level: 2 - HandId: #4668203574679830529-6-1774784564 - Holdem no limit (15/30) - 2026/03/29 11:42:44 UTC
Table: 'Expresso Nitro(1086900843)#0' 3-max (real money) Seat #1 is the button
Seat 1: MathisKcr (665)
Seat 3: lafouine279 (235)
*** ANTE/BLINDS ***
MathisKcr posts small blind 15
lafouine279 posts big blind 30
Dealt to MathisKcr [Ks 8d]
*** PRE-FLOP *** 
MathisKcr raises 635 to 665 and is all-in
lafouine279 folds
MathisKcr collected 695 from pot
*** SUMMARY ***
Total pot 695 | No rake
Seat 1: MathisKcr (small blind) (button) won 695


Winamax Poker - Tournament "Expresso Nitro" buyIn: 0.93€ + 0.07€ level: 2 - HandId: #4668203574679830529-7-1774784573 - Holdem no limit (15/30) - 2026/03/29 11:42:53 UTC
Table: 'Expresso Nitro(1086900843)#0' 3-max (real money) Seat #3 is the button
Seat 1: MathisKcr (695)
Seat 3: lafouine279 (205)
*** ANTE/BLINDS ***
lafouine279 posts small blind 15
MathisKcr posts big blind 30
Dealt to MathisKcr [Kh 7d]
*** PRE-FLOP *** 
lafouine279 folds
MathisKcr collected 45 from pot
*** SUMMARY ***
Total pot 45 | No rake
Seat 1: MathisKcr (big blind) won 45


Winamax Poker - Tournament "Expresso Nitro" buyIn: 0.93€ + 0.07€ level: 2 - HandId: #4668203574679830529-8-1774784577 - Holdem no limit (15/30) - 2026/03/29 11:42:57 UTC
Table: 'Expresso Nitro(1086900843)#0' 3-max (real money) Seat #1 is the button
Seat 1: MathisKcr (710)
Seat 3: lafouine279 (190)
*** ANTE/BLINDS ***
MathisKcr posts small blind 15
lafouine279 posts big blind 30
Dealt to MathisKcr [Kc 7s]
*** PRE-FLOP *** 
MathisKcr raises 680 to 710 and is all-in
lafouine279 calls 160 and is all-in
*** FLOP *** [Kh 2d 7c]
*** TURN *** [Kh 2d 7c][Td]
*** RIVER *** [Kh 2d 7c Td][Jh]
*** SHOW DOWN ***
lafouine279 shows [Ah 8c] (High card : Ace)
MathisKcr shows [Kc 7s] (Two pairs : Kings and 7)
MathisKcr collected 900 from pot
*** SUMMARY ***
Total pot 900 | No rake
Board: [Kh 2d 7c Td Jh]
Seat 1: MathisKcr (small blind) (button) showed [Kc 7s] and won 900 with Two pairs : Kings and 7
Seat 3: lafouine279 (big blind) showed [Ah 8c] and lost with High card : Ace


