Winamax Poker - Tournament "Expresso Nitro" buyIn: 0.93€ + 0.07€ level: 1 - HandId: #4606413989021220865-1-1772571222 - Holdem no limit (10/20) - 2026/03/03 20:53:42 UTC
Table: 'Expresso Nitro(1072514334)#0' 3-max (real money) Seat #3 is the button
Seat 1: cricri02 (300)
Seat 2: MathisKcr (300)
Seat 3: Ytgr592 (300)
*** ANTE/BLINDS ***
cricri02 posts small blind 10
MathisKcr posts big blind 20
Dealt to MathisKcr [Kh Ks]
*** PRE-FLOP *** 
Ytgr592 calls 20
cricri02 raises 20 to 40
MathisKcr raises 260 to 300 and is all-in
Ytgr592 folds
cricri02 calls 260 and is all-in
*** FLOP *** [6s Kc Jh]
*** TURN *** [6s Kc Jh][Ts]
*** RIVER *** [6s Kc Jh Ts][2h]
*** SHOW DOWN ***
cricri02 shows [As 6h] (One pair : 6)
MathisKcr shows [Kh Ks] (Trips of Kings)
MathisKcr collected 620 from pot
*** SUMMARY ***
Total pot 620 | No rake
Board: [6s Kc Jh Ts 2h]
Seat 1: cricri02 (small blind) showed [As 6h] and lost with One pair : 6
Seat 2: MathisKcr (big blind) showed [Kh Ks] and won 620 with Trips of Kings


Winamax Poker - Tournament "Expresso Nitro" buyIn: 0.93€ + 0.07€ level: 1 - HandId: #4606413989021220865-2-1772571242 - Holdem no limit (10/20) - 2026/03/03 20:54:02 UTC
Table: 'Expresso Nitro(1072514334)#0' 3-max (real money) Seat #2 is the button
Seat 2: MathisKcr (620)
Seat 3: Ytgr592 (280)
*** ANTE/BLINDS ***
MathisKcr posts small blind 10
Ytgr592 posts big blind 20
Dealt to MathisKcr [9s 7d]
*** PRE-FLOP *** 
MathisKcr folds
Ytgr592 collected 30 from pot
*** SUMMARY ***
Total pot 30 | No rake
Seat 3: Ytgr592 (big blind) won 30


Winamax Poker - Tournament "Expresso Nitro" buyIn: 0.93€ + 0.07€ level: 1 - HandId: #4606413989021220865-3-1772571246 - Holdem no limit (10/20) - 2026/03/03 20:54:06 UTC
Table: 'Expresso Nitro(1072514334)#0' 3-max (real money) Seat #3 is the button
Seat 2: MathisKcr (610)
Seat 3: Ytgr592 (290)
*** ANTE/BLINDS ***
Ytgr592 posts small blind 10
MathisKcr posts big blind 20
Dealt to MathisKcr [Qd Tc]
*** PRE-FLOP *** 
Ytgr592 calls 10
MathisKcr raises 20 to 40
Ytgr592 calls 20
*** FLOP *** [4s Kd Jc]
MathisKcr bets 40
Ytgr592 calls 40
*** TURN *** [4s Kd Jc][2s]
MathisKcr bets 50
Ytgr592 calls 50
*** RIVER *** [4s Kd Jc 2s][2c]
MathisKcr checks
Ytgr592 bets 160 and is all-in
MathisKcr folds
Ytgr592 collected 420 from pot
*** SUMMARY ***
Total pot 420 | No rake
Board: [4s Kd Jc 2s 2c]
Seat 3: Ytgr592 (small blind) (button) won 420


Winamax Poker - Tournament "Expresso Nitro" buyIn: 0.93€ + 0.07€ level: 1 - HandId: #4606413989021220865-4-1772571265 - Holdem no limit (10/20) - 2026/03/03 20:54:25 UTC
Table: 'Expresso Nitro(1072514334)#0' 3-max (real money) Seat #2 is the button
Seat 2: MathisKcr (480)
Seat 3: Ytgr592 (420)
*** ANTE/BLINDS ***
MathisKcr posts small blind 10
Ytgr592 posts big blind 20
Dealt to MathisKcr [3s Kd]
*** PRE-FLOP *** 
MathisKcr raises 460 to 480 and is all-in
Ytgr592 folds
MathisKcr collected 500 from pot
*** SUMMARY ***
Total pot 500 | No rake
Seat 2: MathisKcr (small blind) (button) won 500


Winamax Poker - Tournament "Expresso Nitro" buyIn: 0.93€ + 0.07€ level: 1 - HandId: #4606413989021220865-5-1772571276 - Holdem no limit (10/20) - 2026/03/03 20:54:36 UTC
Table: 'Expresso Nitro(1072514334)#0' 3-max (real money) Seat #3 is the button
Seat 2: MathisKcr (500)
Seat 3: Ytgr592 (400)
*** ANTE/BLINDS ***
Ytgr592 posts small blind 10
MathisKcr posts big blind 20
Dealt to MathisKcr [3s Ad]
*** PRE-FLOP *** 
Ytgr592 calls 10
MathisKcr raises 480 to 500 and is all-in
Ytgr592 calls 380 and is all-in
*** FLOP *** [8d 9d 2h]
*** TURN *** [8d 9d 2h][Tc]
*** RIVER *** [8d 9d 2h Tc][4h]
*** SHOW DOWN ***
Ytgr592 shows [Jh Kd] (High card : King)
MathisKcr shows [3s Ad] (High card : Ace)
MathisKcr collected 900 from pot
*** SUMMARY ***
Total pot 900 | No rake
Board: [8d 9d 2h Tc 4h]
Seat 2: MathisKcr (big blind) showed [3s Ad] and won 900 with High card : Ace
Seat 3: Ytgr592 (small blind) (button) showed [Jh Kd] and lost with High card : King


