Winamax Poker - Tournament "Expresso Nitro" buyIn: 0.93€ + 0.07€ level: 1 - HandId: #4675113893591252993-1-1775051745 - Holdem no limit (10/20) - 2026/04/01 13:55:45 UTC
Table: 'Expresso Nitro(1088509777)#0' 3-max (real money) Seat #1 is the button
Seat 1: VinceDeSens (300)
Seat 2: MathisKcr (300)
Seat 3: NONO18410 (300)
*** ANTE/BLINDS ***
MathisKcr posts small blind 10
NONO18410 posts big blind 20
Dealt to MathisKcr [Ad Kh]
*** PRE-FLOP *** 
VinceDeSens folds
MathisKcr raises 280 to 300 and is all-in
NONO18410 folds
MathisKcr collected 320 from pot
*** SUMMARY ***
Total pot 320 | No rake
Seat 2: MathisKcr (small blind) won 320


Winamax Poker - Tournament "Expresso Nitro" buyIn: 0.93€ + 0.07€ level: 1 - HandId: #4675113893591252993-2-1775051754 - Holdem no limit (10/20) - 2026/04/01 13:55:54 UTC
Table: 'Expresso Nitro(1088509777)#0' 3-max (real money) Seat #2 is the button
Seat 1: VinceDeSens (300)
Seat 2: MathisKcr (320)
Seat 3: NONO18410 (280)
*** ANTE/BLINDS ***
NONO18410 posts small blind 10
VinceDeSens posts big blind 20
Dealt to MathisKcr [7d 3s]
*** PRE-FLOP *** 
MathisKcr folds
NONO18410 calls 10
VinceDeSens checks
*** FLOP *** [4d 6h 3h]
NONO18410 checks
VinceDeSens checks
*** TURN *** [4d 6h 3h][Qs]
NONO18410 checks
VinceDeSens checks
*** RIVER *** [4d 6h 3h Qs][9s]
NONO18410 checks
VinceDeSens bets 20
NONO18410 calls 20
*** SHOW DOWN ***
VinceDeSens shows [9d 8d] (One pair : 9)
NONO18410 shows [9c Kc] (One pair : 9)
NONO18410 collected 80 from pot
*** SUMMARY ***
Total pot 80 | No rake
Board: [4d 6h 3h Qs 9s]
Seat 1: VinceDeSens (big blind) showed [9d 8d] and lost with One pair : 9
Seat 3: NONO18410 (small blind) showed [9c Kc] and won 80 with One pair : 9


Winamax Poker - Tournament "Expresso Nitro" buyIn: 0.93€ + 0.07€ level: 1 - HandId: #4675113893591252993-3-1775051782 - Holdem no limit (10/20) - 2026/04/01 13:56:22 UTC
Table: 'Expresso Nitro(1088509777)#0' 3-max (real money) Seat #3 is the button
Seat 1: VinceDeSens (260)
Seat 2: MathisKcr (320)
Seat 3: NONO18410 (320)
*** ANTE/BLINDS ***
VinceDeSens posts small blind 10
MathisKcr posts big blind 20
Dealt to MathisKcr [Jc 4s]
*** PRE-FLOP *** 
NONO18410 folds
VinceDeSens raises 240 to 260 and is all-in
MathisKcr folds
VinceDeSens collected 280 from pot
*** SUMMARY ***
Total pot 280 | No rake
Seat 1: VinceDeSens (small blind) won 280


Winamax Poker - Tournament "Expresso Nitro" buyIn: 0.93€ + 0.07€ level: 1 - HandId: #4675113893591252993-4-1775051792 - Holdem no limit (10/20) - 2026/04/01 13:56:32 UTC
Table: 'Expresso Nitro(1088509777)#0' 3-max (real money) Seat #1 is the button
Seat 1: VinceDeSens (280)
Seat 2: MathisKcr (300)
Seat 3: NONO18410 (320)
*** ANTE/BLINDS ***
MathisKcr posts small blind 10
NONO18410 posts big blind 20
Dealt to MathisKcr [4d 3c]
*** PRE-FLOP *** 
VinceDeSens folds
MathisKcr folds
NONO18410 collected 30 from pot
*** SUMMARY ***
Total pot 30 | No rake
Seat 3: NONO18410 (big blind) won 30


Winamax Poker - Tournament "Expresso Nitro" buyIn: 0.93€ + 0.07€ level: 2 - HandId: #4675113893591252993-5-1775051803 - Holdem no limit (15/30) - 2026/04/01 13:56:43 UTC
Table: 'Expresso Nitro(1088509777)#0' 3-max (real money) Seat #2 is the button
Seat 1: VinceDeSens (280)
Seat 2: MathisKcr (290)
Seat 3: NONO18410 (330)
*** ANTE/BLINDS ***
NONO18410 posts small blind 15
VinceDeSens posts big blind 30
Dealt to MathisKcr [3h Ad]
*** PRE-FLOP *** 
MathisKcr raises 260 to 290 and is all-in
NONO18410 folds
VinceDeSens folds
MathisKcr collected 335 from pot
*** SUMMARY ***
Total pot 335 | No rake
Seat 2: MathisKcr (button) won 335


Winamax Poker - Tournament "Expresso Nitro" buyIn: 0.93€ + 0.07€ level: 2 - HandId: #4675113893591252993-6-1775051814 - Holdem no limit (15/30) - 2026/04/01 13:56:54 UTC
Table: 'Expresso Nitro(1088509777)#0' 3-max (real money) Seat #3 is the button
Seat 1: VinceDeSens (250)
Seat 2: MathisKcr (335)
Seat 3: NONO18410 (315)
*** ANTE/BLINDS ***
VinceDeSens posts small blind 15
MathisKcr posts big blind 30
Dealt to MathisKcr [Ac Kh]
*** PRE-FLOP *** 
NONO18410 folds
VinceDeSens folds
MathisKcr collected 45 from pot
*** SUMMARY ***
Total pot 45 | No rake
Seat 2: MathisKcr (big blind) won 45


Winamax Poker - Tournament "Expresso Nitro" buyIn: 0.93€ + 0.07€ level: 2 - HandId: #4675113893591252993-7-1775051823 - Holdem no limit (15/30) - 2026/04/01 13:57:03 UTC
Table: 'Expresso Nitro(1088509777)#0' 3-max (real money) Seat #1 is the button
Seat 1: VinceDeSens (235)
Seat 2: MathisKcr (350)
Seat 3: NONO18410 (315)
*** ANTE/BLINDS ***
MathisKcr posts small blind 15
NONO18410 posts big blind 30
Dealt to MathisKcr [4s 4d]
*** PRE-FLOP *** 
VinceDeSens raises 30 to 60
MathisKcr raises 290 to 350 and is all-in
NONO18410 folds
VinceDeSens calls 175 and is all-in
*** FLOP *** [5s Ac Kd]
*** TURN *** [5s Ac Kd][8d]
*** RIVER *** [5s Ac Kd 8d][Qs]
*** SHOW DOWN ***
VinceDeSens shows [Qc Jd] (One pair : Queens)
MathisKcr shows [4s 4d] (One pair : 4)
MathisKcr collected 115 from side pot 1
VinceDeSens collected 500 from main pot
*** SUMMARY ***
Total pot 615 | No rake
Board: [5s Ac Kd 8d Qs]
Seat 1: VinceDeSens (button) showed [Qc Jd] and won 500 with One pair : Queens
Seat 2: MathisKcr (small blind) showed [4s 4d] and won 115 with One pair : 4


Winamax Poker - Tournament "Expresso Nitro" buyIn: 0.93€ + 0.07€ level: 2 - HandId: #4675113893591252993-8-1775051846 - Holdem no limit (15/30) - 2026/04/01 13:57:26 UTC
Table: 'Expresso Nitro(1088509777)#0' 3-max (real money) Seat #2 is the button
Seat 1: VinceDeSens (500)
Seat 2: MathisKcr (115)
Seat 3: NONO18410 (285)
*** ANTE/BLINDS ***
NONO18410 posts small blind 15
VinceDeSens posts big blind 30
Dealt to MathisKcr [Qs 6h]
*** PRE-FLOP *** 
MathisKcr raises 85 to 115 and is all-in
NONO18410 folds
VinceDeSens folds
MathisKcr collected 160 from pot
*** SUMMARY ***
Total pot 160 | No rake
Seat 2: MathisKcr (button) won 160


Winamax Poker - Tournament "Expresso Nitro" buyIn: 0.93€ + 0.07€ level: 2 - HandId: #4675113893591252993-9-1775051860 - Holdem no limit (15/30) - 2026/04/01 13:57:40 UTC
Table: 'Expresso Nitro(1088509777)#0' 3-max (real money) Seat #3 is the button
Seat 1: VinceDeSens (470)
Seat 2: MathisKcr (160)
Seat 3: NONO18410 (270)
*** ANTE/BLINDS ***
VinceDeSens posts small blind 15
MathisKcr posts big blind 30
Dealt to MathisKcr [9c Jc]
*** PRE-FLOP *** 
NONO18410 folds
VinceDeSens folds
MathisKcr collected 45 from pot
*** SUMMARY ***
Total pot 45 | No rake
Seat 2: MathisKcr (big blind) won 45


Winamax Poker - Tournament "Expresso Nitro" buyIn: 0.93€ + 0.07€ level: 3 - HandId: #4675113893591252993-10-1775051874 - Holdem no limit (20/40) - 2026/04/01 13:57:54 UTC
Table: 'Expresso Nitro(1088509777)#0' 3-max (real money) Seat #1 is the button
Seat 1: VinceDeSens (455)
Seat 2: MathisKcr (175)
Seat 3: NONO18410 (270)
*** ANTE/BLINDS ***
MathisKcr posts small blind 20
NONO18410 posts big blind 40
Dealt to MathisKcr [Ks Ac]
*** PRE-FLOP *** 
VinceDeSens folds
MathisKcr raises 135 to 175 and is all-in
NONO18410 folds
MathisKcr collected 215 from pot
*** SUMMARY ***
Total pot 215 | No rake
Seat 2: MathisKcr (small blind) won 215


Winamax Poker - Tournament "Expresso Nitro" buyIn: 0.93€ + 0.07€ level: 3 - HandId: #4675113893591252993-11-1775051895 - Holdem no limit (20/40) - 2026/04/01 13:58:15 UTC
Table: 'Expresso Nitro(1088509777)#0' 3-max (real money) Seat #2 is the button
Seat 1: VinceDeSens (455)
Seat 2: MathisKcr (215)
Seat 3: NONO18410 (230)
*** ANTE/BLINDS ***
NONO18410 posts small blind 20
VinceDeSens posts big blind 40
Dealt to MathisKcr [2h 6d]
*** PRE-FLOP *** 
MathisKcr folds
NONO18410 raises 190 to 230 and is all-in
VinceDeSens folds
NONO18410 collected 270 from pot
*** SUMMARY ***
Total pot 270 | No rake
Seat 3: NONO18410 (small blind) won 270


Winamax Poker - Tournament "Expresso Nitro" buyIn: 0.93€ + 0.07€ level: 3 - HandId: #4675113893591252993-12-1775051910 - Holdem no limit (20/40) - 2026/04/01 13:58:30 UTC
Table: 'Expresso Nitro(1088509777)#0' 3-max (real money) Seat #3 is the button
Seat 1: VinceDeSens (415)
Seat 2: MathisKcr (215)
Seat 3: NONO18410 (270)
*** ANTE/BLINDS ***
VinceDeSens posts small blind 20
MathisKcr posts big blind 40
Dealt to MathisKcr [3d 3s]
*** PRE-FLOP *** 
NONO18410 calls 40
VinceDeSens folds
MathisKcr raises 175 to 215 and is all-in
NONO18410 calls 175
*** FLOP *** [8s Qd Th]
*** TURN *** [8s Qd Th][As]
*** RIVER *** [8s Qd Th As][Td]
*** SHOW DOWN ***
NONO18410 shows [6c Kh] (One pair : Tens)
MathisKcr shows [3d 3s] (Two pairs : Tens and 3)
MathisKcr collected 450 from pot
*** SUMMARY ***
Total pot 450 | No rake
Board: [8s Qd Th As Td]
Seat 2: MathisKcr (big blind) showed [3d 3s] and won 450 with Two pairs : Tens and 3
Seat 3: NONO18410 (button) showed [6c Kh] and lost with One pair : Tens


Winamax Poker - Tournament "Expresso Nitro" buyIn: 0.93€ + 0.07€ level: 4 - HandId: #4675113893591252993-13-1775051944 - Holdem no limit (30/60) - 2026/04/01 13:59:04 UTC
Table: 'Expresso Nitro(1088509777)#0' 3-max (real money) Seat #1 is the button
Seat 1: VinceDeSens (395)
Seat 2: MathisKcr (450)
Seat 3: NONO18410 (55)
*** ANTE/BLINDS ***
MathisKcr posts small blind 30
NONO18410 posts big blind 55 and is all-in
Dealt to MathisKcr [Qh 5d]
*** PRE-FLOP *** 
VinceDeSens calls 60
MathisKcr raises 390 to 450 and is all-in
VinceDeSens calls 335 and is all-in
*** FLOP *** [Qd 9d Js]
*** TURN *** [Qd 9d Js][6h]
*** RIVER *** [Qd 9d Js 6h][6d]
*** SHOW DOWN ***
NONO18410 shows [5c 2h] (One pair : 6)
VinceDeSens shows [Kd Ts] (Straight King high)
MathisKcr shows [Qh 5d] (Two pairs : Queens and 6)
MathisKcr collected 55 from side pot 1
VinceDeSens collected 845 from main pot
*** SUMMARY ***
Total pot 900 | No rake
Board: [Qd 9d Js 6h 6d]
Seat 1: VinceDeSens (button) showed [Kd Ts] and won 845 with Straight King high
Seat 2: MathisKcr (small blind) showed [Qh 5d] and won 55 with Two pairs : Queens and 6
Seat 3: NONO18410 (big blind) showed [5c 2h] and lost with One pair : 6


Winamax Poker - Tournament "Expresso Nitro" buyIn: 0.93€ + 0.07€ level: 4 - HandId: #4675113893591252993-14-1775051965 - Holdem no limit (30/60) - 2026/04/01 13:59:25 UTC
Table: 'Expresso Nitro(1088509777)#0' 3-max (real money) Seat #1 is the button
Seat 1: VinceDeSens (845)
Seat 2: MathisKcr (55)
*** ANTE/BLINDS ***
VinceDeSens posts small blind 30
MathisKcr posts big blind 55 and is all-in
Dealt to MathisKcr [4d 5d]
*** PRE-FLOP *** 
VinceDeSens calls 30
*** FLOP *** [6h 4c Qc]
*** TURN *** [6h 4c Qc][Ac]
*** RIVER *** [6h 4c Qc Ac][4s]
*** SHOW DOWN ***
VinceDeSens shows [Qh Th] (Two pairs : Queens and 4)
MathisKcr shows [4d 5d] (Trips of 4)
MathisKcr collected 110 from main pot
VinceDeSens collected 5 from side pot 1
*** SUMMARY ***
Total pot 115 | No rake
Board: [6h 4c Qc Ac 4s]
Seat 1: VinceDeSens (small blind) (button) showed [Qh Th] and won 5 with Two pairs : Queens and 4
Seat 2: MathisKcr (big blind) showed [4d 5d] and won 110 with Trips of 4


Winamax Poker - Tournament "Expresso Nitro" buyIn: 0.93€ + 0.07€ level: 4 - HandId: #4675113893591252993-15-1775051975 - Holdem no limit (30/60) - 2026/04/01 13:59:35 UTC
Table: 'Expresso Nitro(1088509777)#0' 3-max (real money) Seat #2 is the button
Seat 1: VinceDeSens (790)
Seat 2: MathisKcr (110)
*** ANTE/BLINDS ***
MathisKcr posts small blind 30
VinceDeSens posts big blind 60
Dealt to MathisKcr [Ac Qs]
*** PRE-FLOP *** 
MathisKcr raises 50 to 110 and is all-in
VinceDeSens calls 50
*** FLOP *** [6h Qd 3d]
*** TURN *** [6h Qd 3d][8d]
*** RIVER *** [6h Qd 3d 8d][9d]
*** SHOW DOWN ***
MathisKcr shows [Ac Qs] (One pair : Queens)
VinceDeSens shows [Kh Td] (Flush Queen high)
VinceDeSens collected 220 from pot
*** SUMMARY ***
Total pot 220 | No rake
Board: [6h Qd 3d 8d 9d]
Seat 1: VinceDeSens (big blind) showed [Kh Td] and won 220 with Flush Queen high
Seat 2: MathisKcr (small blind) (button) showed [Ac Qs] and lost with One pair : Queens


