Winamax Poker - Tournament "Expresso Nitro" buyIn: 0.93€ + 0.07€ level: 1 - HandId: #4698401768910880769-1-1775913116 - Holdem no limit (10/20) - 2026/04/11 13:11:56 UTC
Table: 'Expresso Nitro(1093931908)#0' 3-max (real money) Seat #1 is the button
Seat 1: MathisKcr (300)
Seat 2: POMSKO (300)
Seat 3: Jaminucu (300)
*** ANTE/BLINDS ***
POMSKO posts small blind 10
Jaminucu posts big blind 20
Dealt to MathisKcr [5c 6d]
*** PRE-FLOP *** 
MathisKcr folds
POMSKO calls 10
Jaminucu checks
*** FLOP *** [4s Ac 6c]
POMSKO checks
Jaminucu checks
*** TURN *** [4s Ac 6c][Ad]
POMSKO checks
Jaminucu bets 40
POMSKO folds
Jaminucu collected 80 from pot
*** SUMMARY ***
Total pot 80 | No rake
Board: [4s Ac 6c Ad]
Seat 3: Jaminucu (big blind) won 80


Winamax Poker - Tournament "Expresso Nitro" buyIn: 0.93€ + 0.07€ level: 1 - HandId: #4698401768910880769-2-1775913136 - Holdem no limit (10/20) - 2026/04/11 13:12:16 UTC
Table: 'Expresso Nitro(1093931908)#0' 3-max (real money) Seat #2 is the button
Seat 1: MathisKcr (300)
Seat 2: POMSKO (280)
Seat 3: Jaminucu (320)
*** ANTE/BLINDS ***
Jaminucu posts small blind 10
MathisKcr posts big blind 20
Dealt to MathisKcr [9h 2d]
*** PRE-FLOP *** 
POMSKO calls 20
Jaminucu calls 10
MathisKcr checks
*** FLOP *** [7d 5s 2c]
Jaminucu checks
MathisKcr bets 21
POMSKO calls 21
Jaminucu folds
*** TURN *** [7d 5s 2c][3c]
MathisKcr checks
POMSKO checks
*** RIVER *** [7d 5s 2c 3c][4d]
MathisKcr bets 40
POMSKO folds
MathisKcr collected 142 from pot
*** SUMMARY ***
Total pot 142 | No rake
Board: [7d 5s 2c 3c 4d]
Seat 1: MathisKcr (big blind) won 142


Winamax Poker - Tournament "Expresso Nitro" buyIn: 0.93€ + 0.07€ level: 2 - HandId: #4698401768910880769-3-1775913192 - Holdem no limit (15/30) - 2026/04/11 13:13:12 UTC
Table: 'Expresso Nitro(1093931908)#0' 3-max (real money) Seat #3 is the button
Seat 1: MathisKcr (361)
Seat 2: POMSKO (239)
Seat 3: Jaminucu (300)
*** ANTE/BLINDS ***
MathisKcr posts small blind 15
POMSKO posts big blind 30
Dealt to MathisKcr [2d 5s]
*** PRE-FLOP *** 
Jaminucu raises 60 to 90
MathisKcr folds
POMSKO calls 60
*** FLOP *** [6s 6d 4s]
POMSKO bets 30
Jaminucu calls 30
*** TURN *** [6s 6d 4s][Ks]
POMSKO checks
Jaminucu bets 180 and is all-in
POMSKO folds
Jaminucu collected 435 from pot
*** SUMMARY ***
Total pot 435 | No rake
Board: [6s 6d 4s Ks]
Seat 3: Jaminucu (button) won 435


Winamax Poker - Tournament "Expresso Nitro" buyIn: 0.93€ + 0.07€ level: 3 - HandId: #4698401768910880769-4-1775913236 - Holdem no limit (20/40) - 2026/04/11 13:13:56 UTC
Table: 'Expresso Nitro(1093931908)#0' 3-max (real money) Seat #1 is the button
Seat 1: MathisKcr (346)
Seat 2: POMSKO (119)
Seat 3: Jaminucu (435)
*** ANTE/BLINDS ***
POMSKO posts small blind 20
Jaminucu posts big blind 40
Dealt to MathisKcr [2s 7c]
*** PRE-FLOP *** 
MathisKcr folds
POMSKO folds
Jaminucu collected 60 from pot
*** SUMMARY ***
Total pot 60 | No rake
Seat 3: Jaminucu (big blind) won 60


Winamax Poker - Tournament "Expresso Nitro" buyIn: 0.93€ + 0.07€ level: 3 - HandId: #4698401768910880769-5-1775913246 - Holdem no limit (20/40) - 2026/04/11 13:14:06 UTC
Table: 'Expresso Nitro(1093931908)#0' 3-max (real money) Seat #2 is the button
Seat 1: MathisKcr (346)
Seat 2: POMSKO (99)
Seat 3: Jaminucu (455)
*** ANTE/BLINDS ***
Jaminucu posts small blind 20
MathisKcr posts big blind 40
Dealt to MathisKcr [8c 5h]
*** PRE-FLOP *** 
POMSKO calls 40
Jaminucu calls 20
MathisKcr checks
*** FLOP *** [2d Jh Ts]
Jaminucu checks
MathisKcr checks
POMSKO bets 59 and is all-in
Jaminucu folds
MathisKcr folds
POMSKO collected 179 from pot
*** SUMMARY ***
Total pot 179 | No rake
Board: [2d Jh Ts]
Seat 2: POMSKO (button) won 179


Winamax Poker - Tournament "Expresso Nitro" buyIn: 0.93€ + 0.07€ level: 3 - HandId: #4698401768910880769-6-1775913270 - Holdem no limit (20/40) - 2026/04/11 13:14:30 UTC
Table: 'Expresso Nitro(1093931908)#0' 3-max (real money) Seat #3 is the button
Seat 1: MathisKcr (306)
Seat 2: POMSKO (179)
Seat 3: Jaminucu (415)
*** ANTE/BLINDS ***
MathisKcr posts small blind 20
POMSKO posts big blind 40
Dealt to MathisKcr [6s 7s]
*** PRE-FLOP *** 
Jaminucu folds
MathisKcr raises 266 to 306 and is all-in
POMSKO calls 139 and is all-in
*** FLOP *** [Kh Qs 4h]
*** TURN *** [Kh Qs 4h][5d]
*** RIVER *** [Kh Qs 4h 5d][4s]
*** SHOW DOWN ***
MathisKcr shows [6s 7s] (One pair : 4)
POMSKO shows [Ac Jh] (One pair : 4)
POMSKO collected 358 from main pot
MathisKcr collected 127 from side pot 1
*** SUMMARY ***
Total pot 485 | No rake
Board: [Kh Qs 4h 5d 4s]
Seat 1: MathisKcr (small blind) showed [6s 7s] and won 127 with One pair : 4
Seat 2: POMSKO (big blind) showed [Ac Jh] and won 358 with One pair : 4


Winamax Poker - Tournament "Expresso Nitro" buyIn: 0.93€ + 0.07€ level: 4 - HandId: #4698401768910880769-7-1775913294 - Holdem no limit (30/60) - 2026/04/11 13:14:54 UTC
Table: 'Expresso Nitro(1093931908)#0' 3-max (real money) Seat #1 is the button
Seat 1: MathisKcr (127)
Seat 2: POMSKO (358)
Seat 3: Jaminucu (415)
*** ANTE/BLINDS ***
POMSKO posts small blind 30
Jaminucu posts big blind 60
Dealt to MathisKcr [7h 5s]
*** PRE-FLOP *** 
MathisKcr folds
POMSKO calls 30
Jaminucu raises 60 to 120
POMSKO folds
Jaminucu collected 180 from pot
*** SUMMARY ***
Total pot 180 | No rake
Seat 3: Jaminucu (big blind) won 180


Winamax Poker - Tournament "Expresso Nitro" buyIn: 0.93€ + 0.07€ level: 4 - HandId: #4698401768910880769-8-1775913325 - Holdem no limit (30/60) - 2026/04/11 13:15:25 UTC
Table: 'Expresso Nitro(1093931908)#0' 3-max (real money) Seat #2 is the button
Seat 1: MathisKcr (127)
Seat 2: POMSKO (298)
Seat 3: Jaminucu (475)
*** ANTE/BLINDS ***
Jaminucu posts small blind 30
MathisKcr posts big blind 60
Dealt to MathisKcr [5h Ac]
*** PRE-FLOP *** 
POMSKO calls 60
Jaminucu raises 120 to 180
MathisKcr calls 67 and is all-in
POMSKO calls 120
*** FLOP *** [Qd Td 4d]
Jaminucu bets 295 and is all-in
POMSKO calls 118 and is all-in
*** TURN *** [Qd Td 4d][8h]
*** RIVER *** [Qd Td 4d 8h][2d]
*** SHOW DOWN ***
MathisKcr shows [5h Ac] (High card : Ace)
POMSKO shows [Th Jc] (One pair : Tens)
Jaminucu shows [Kc Jh] (High card : King)
Jaminucu collected 177 from side pot 1
POMSKO collected 723 from main pot
*** SUMMARY ***
Total pot 900 | No rake
Board: [Qd Td 4d 8h 2d]
Seat 1: MathisKcr (big blind) showed [5h Ac] and lost with High card : Ace
Seat 2: POMSKO (button) showed [Th Jc] and won 723 with One pair : Tens
Seat 3: Jaminucu (small blind) showed [Kc Jh] and won 177 with High card : King


