Winamax Poker - Tournament "Expresso Nitro" buyIn: 0.93€ + 0.07€ level: 1 - HandId: #4668024637752344577-1-1774777278 - Holdem no limit (10/20) - 2026/03/29 09:41:18 UTC
Table: 'Expresso Nitro(1086859181)#0' 3-max (real money) Seat #2 is the button
Seat 1: MathisKcr (300)
Seat 2: ElyeZrr (300)
Seat 3: ParadoxalGod (300)
*** ANTE/BLINDS ***
ParadoxalGod posts small blind 10
MathisKcr posts big blind 20
Dealt to MathisKcr [Kd 5c]
*** PRE-FLOP *** 
ElyeZrr raises 40 to 60
ParadoxalGod folds
MathisKcr calls 40
*** FLOP *** [Ad 3d 8h]
MathisKcr checks
ElyeZrr bets 240 and is all-in
MathisKcr folds
ElyeZrr collected 370 from pot
*** SUMMARY ***
Total pot 370 | No rake
Board: [Ad 3d 8h]
Seat 2: ElyeZrr (button) won 370


Winamax Poker - Tournament "Expresso Nitro" buyIn: 0.93€ + 0.07€ level: 1 - HandId: #4668024637752344577-2-1774777294 - Holdem no limit (10/20) - 2026/03/29 09:41:34 UTC
Table: 'Expresso Nitro(1086859181)#0' 3-max (real money) Seat #3 is the button
Seat 1: MathisKcr (240)
Seat 2: ElyeZrr (370)
Seat 3: ParadoxalGod (290)
*** ANTE/BLINDS ***
MathisKcr posts small blind 10
ElyeZrr posts big blind 20
Dealt to MathisKcr [Jh 5s]
*** PRE-FLOP *** 
ParadoxalGod folds
MathisKcr folds
ElyeZrr collected 30 from pot
*** SUMMARY ***
Total pot 30 | No rake
Seat 2: ElyeZrr (big blind) won 30


Winamax Poker - Tournament "Expresso Nitro" buyIn: 0.93€ + 0.07€ level: 1 - HandId: #4668024637752344577-3-1774777300 - Holdem no limit (10/20) - 2026/03/29 09:41:40 UTC
Table: 'Expresso Nitro(1086859181)#0' 3-max (real money) Seat #1 is the button
Seat 1: MathisKcr (230)
Seat 2: ElyeZrr (380)
Seat 3: ParadoxalGod (290)
*** ANTE/BLINDS ***
ElyeZrr posts small blind 10
ParadoxalGod posts big blind 20
Dealt to MathisKcr [5h 7d]
*** PRE-FLOP *** 
MathisKcr folds
ElyeZrr folds
ParadoxalGod collected 30 from pot
*** SUMMARY ***
Total pot 30 | No rake
Seat 3: ParadoxalGod (big blind) won 30


Winamax Poker - Tournament "Expresso Nitro" buyIn: 0.93€ + 0.07€ level: 1 - HandId: #4668024637752344577-4-1774777307 - Holdem no limit (10/20) - 2026/03/29 09:41:47 UTC
Table: 'Expresso Nitro(1086859181)#0' 3-max (real money) Seat #2 is the button
Seat 1: MathisKcr (230)
Seat 2: ElyeZrr (370)
Seat 3: ParadoxalGod (300)
*** ANTE/BLINDS ***
ParadoxalGod posts small blind 10
MathisKcr posts big blind 20
Dealt to MathisKcr [2s 6s]
*** PRE-FLOP *** 
ElyeZrr folds
ParadoxalGod calls 10
MathisKcr checks
*** FLOP *** [9s Js Kh]
ParadoxalGod bets 26
MathisKcr calls 26
*** TURN *** [9s Js Kh][5h]
ParadoxalGod bets 254 and is all-in
MathisKcr folds
ParadoxalGod collected 346 from pot
*** SUMMARY ***
Total pot 346 | No rake
Board: [9s Js Kh 5h]
Seat 3: ParadoxalGod (small blind) won 346


Winamax Poker - Tournament "Expresso Nitro" buyIn: 0.93€ + 0.07€ level: 1 - HandId: #4668024637752344577-5-1774777327 - Holdem no limit (10/20) - 2026/03/29 09:42:07 UTC
Table: 'Expresso Nitro(1086859181)#0' 3-max (real money) Seat #3 is the button
Seat 1: MathisKcr (184)
Seat 2: ElyeZrr (370)
Seat 3: ParadoxalGod (346)
*** ANTE/BLINDS ***
MathisKcr posts small blind 10
ElyeZrr posts big blind 20
Dealt to MathisKcr [8c Jc]
*** PRE-FLOP *** 
ParadoxalGod folds
MathisKcr raises 164 to 184 and is all-in
ElyeZrr folds
MathisKcr collected 204 from pot
*** SUMMARY ***
Total pot 204 | No rake
Seat 1: MathisKcr (small blind) won 204


Winamax Poker - Tournament "Expresso Nitro" buyIn: 0.93€ + 0.07€ level: 1 - HandId: #4668024637752344577-6-1774777334 - Holdem no limit (10/20) - 2026/03/29 09:42:14 UTC
Table: 'Expresso Nitro(1086859181)#0' 3-max (real money) Seat #1 is the button
Seat 1: MathisKcr (204)
Seat 2: ElyeZrr (350)
Seat 3: ParadoxalGod (346)
*** ANTE/BLINDS ***
ElyeZrr posts small blind 10
ParadoxalGod posts big blind 20
Dealt to MathisKcr [Qh Td]
*** PRE-FLOP *** 
MathisKcr raises 20 to 40
ElyeZrr folds
ParadoxalGod calls 20
*** FLOP *** [4s Kd Tc]
ParadoxalGod checks
MathisKcr bets 40
ParadoxalGod folds
MathisKcr collected 130 from pot
*** SUMMARY ***
Total pot 130 | No rake
Board: [4s Kd Tc]
Seat 1: MathisKcr (button) won 130


Winamax Poker - Tournament "Expresso Nitro" buyIn: 0.93€ + 0.07€ level: 2 - HandId: #4668024637752344577-7-1774777349 - Holdem no limit (15/30) - 2026/03/29 09:42:29 UTC
Table: 'Expresso Nitro(1086859181)#0' 3-max (real money) Seat #2 is the button
Seat 1: MathisKcr (254)
Seat 2: ElyeZrr (340)
Seat 3: ParadoxalGod (306)
*** ANTE/BLINDS ***
ParadoxalGod posts small blind 15
MathisKcr posts big blind 30
Dealt to MathisKcr [8c 9c]
*** PRE-FLOP *** 
ElyeZrr raises 60 to 90
ParadoxalGod folds
MathisKcr folds
ElyeZrr collected 135 from pot
*** SUMMARY ***
Total pot 135 | No rake
Seat 2: ElyeZrr (button) won 135


Winamax Poker - Tournament "Expresso Nitro" buyIn: 0.93€ + 0.07€ level: 2 - HandId: #4668024637752344577-8-1774777356 - Holdem no limit (15/30) - 2026/03/29 09:42:36 UTC
Table: 'Expresso Nitro(1086859181)#0' 3-max (real money) Seat #3 is the button
Seat 1: MathisKcr (224)
Seat 2: ElyeZrr (385)
Seat 3: ParadoxalGod (291)
*** ANTE/BLINDS ***
MathisKcr posts small blind 15
ElyeZrr posts big blind 30
Dealt to MathisKcr [Ah 5h]
*** PRE-FLOP *** 
ParadoxalGod folds
MathisKcr raises 194 to 224 and is all-in
ElyeZrr folds
MathisKcr collected 254 from pot
*** SUMMARY ***
Total pot 254 | No rake
Seat 1: MathisKcr (small blind) won 254


Winamax Poker - Tournament "Expresso Nitro" buyIn: 0.93€ + 0.07€ level: 2 - HandId: #4668024637752344577-9-1774777372 - Holdem no limit (15/30) - 2026/03/29 09:42:52 UTC
Table: 'Expresso Nitro(1086859181)#0' 3-max (real money) Seat #1 is the button
Seat 1: MathisKcr (254)
Seat 2: ElyeZrr (355)
Seat 3: ParadoxalGod (291)
*** ANTE/BLINDS ***
ElyeZrr posts small blind 15
ParadoxalGod posts big blind 30
Dealt to MathisKcr [Ad 4h]
*** PRE-FLOP *** 
MathisKcr raises 224 to 254 and is all-in
ElyeZrr folds
ParadoxalGod raises 37 to 291 and is all-in
*** FLOP *** [Td 9c 6c]
*** TURN *** [Td 9c 6c][7d]
*** RIVER *** [Td 9c 6c 7d][3c]
*** SHOW DOWN ***
MathisKcr shows [Ad 4h] (High card : Ace)
ParadoxalGod shows [As 2s] (High card : Ace)
ParadoxalGod collected 299 from side pot 1
MathisKcr collected 261 from main pot
*** SUMMARY ***
Total pot 560 | No rake
Board: [Td 9c 6c 7d 3c]
Seat 1: MathisKcr (button) showed [Ad 4h] and won 261 with High card : Ace
Seat 3: ParadoxalGod (big blind) showed [As 2s] and won 299 with High card : Ace


Winamax Poker - Tournament "Expresso Nitro" buyIn: 0.93€ + 0.07€ level: 2 - HandId: #4668024637752344577-10-1774777388 - Holdem no limit (15/30) - 2026/03/29 09:43:08 UTC
Table: 'Expresso Nitro(1086859181)#0' 3-max (real money) Seat #2 is the button
Seat 1: MathisKcr (261)
Seat 2: ElyeZrr (340)
Seat 3: ParadoxalGod (299)
*** ANTE/BLINDS ***
ParadoxalGod posts small blind 15
MathisKcr posts big blind 30
Dealt to MathisKcr [6c 2s]
*** PRE-FLOP *** 
ElyeZrr raises 60 to 90
ParadoxalGod raises 209 to 299 and is all-in
MathisKcr folds
ElyeZrr calls 209
*** FLOP *** [2c Ac Th]
*** TURN *** [2c Ac Th][3d]
*** RIVER *** [2c Ac Th 3d][3c]
*** SHOW DOWN ***
ParadoxalGod shows [Qh 9h] (One pair : 3)
ElyeZrr shows [Jh Kc] (One pair : 3)
ElyeZrr collected 628 from pot
*** SUMMARY ***
Total pot 628 | No rake
Board: [2c Ac Th 3d 3c]
Seat 2: ElyeZrr (button) showed [Jh Kc] and won 628 with One pair : 3
Seat 3: ParadoxalGod (small blind) showed [Qh 9h] and lost with One pair : 3


Winamax Poker - Tournament "Expresso Nitro" buyIn: 0.93€ + 0.07€ level: 3 - HandId: #4668024637752344577-11-1774777411 - Holdem no limit (20/40) - 2026/03/29 09:43:31 UTC
Table: 'Expresso Nitro(1086859181)#0' 3-max (real money) Seat #1 is the button
Seat 1: MathisKcr (231)
Seat 2: ElyeZrr (669)
*** ANTE/BLINDS ***
MathisKcr posts small blind 20
ElyeZrr posts big blind 40
Dealt to MathisKcr [2c 4h]
*** PRE-FLOP *** 
MathisKcr folds
ElyeZrr collected 60 from pot
*** SUMMARY ***
Total pot 60 | No rake
Seat 2: ElyeZrr (big blind) won 60


Winamax Poker - Tournament "Expresso Nitro" buyIn: 0.93€ + 0.07€ level: 3 - HandId: #4668024637752344577-12-1774777417 - Holdem no limit (20/40) - 2026/03/29 09:43:37 UTC
Table: 'Expresso Nitro(1086859181)#0' 3-max (real money) Seat #2 is the button
Seat 1: MathisKcr (211)
Seat 2: ElyeZrr (689)
*** ANTE/BLINDS ***
ElyeZrr posts small blind 20
MathisKcr posts big blind 40
Dealt to MathisKcr [9h 6h]
*** PRE-FLOP *** 
ElyeZrr calls 20
MathisKcr checks
*** FLOP *** [Ah 4s 5c]
MathisKcr checks
ElyeZrr checks
*** TURN *** [Ah 4s 5c][9s]
MathisKcr bets 171 and is all-in
ElyeZrr folds
MathisKcr collected 251 from pot
*** SUMMARY ***
Total pot 251 | No rake
Board: [Ah 4s 5c 9s]
Seat 1: MathisKcr (big blind) won 251


Winamax Poker - Tournament "Expresso Nitro" buyIn: 0.93€ + 0.07€ level: 3 - HandId: #4668024637752344577-13-1774777436 - Holdem no limit (20/40) - 2026/03/29 09:43:56 UTC
Table: 'Expresso Nitro(1086859181)#0' 3-max (real money) Seat #1 is the button
Seat 1: MathisKcr (251)
Seat 2: ElyeZrr (649)
*** ANTE/BLINDS ***
MathisKcr posts small blind 20
ElyeZrr posts big blind 40
Dealt to MathisKcr [6d Ah]
*** PRE-FLOP *** 
MathisKcr raises 211 to 251 and is all-in
ElyeZrr calls 211
*** FLOP *** [Th 8c 4s]
*** TURN *** [Th 8c 4s][4d]
*** RIVER *** [Th 8c 4s 4d][2h]
*** SHOW DOWN ***
ElyeZrr shows [Qd 3s] (One pair : 4)
MathisKcr shows [6d Ah] (One pair : 4)
MathisKcr collected 502 from pot
*** SUMMARY ***
Total pot 502 | No rake
Board: [Th 8c 4s 4d 2h]
Seat 1: MathisKcr (small blind) (button) showed [6d Ah] and won 502 with One pair : 4
Seat 2: ElyeZrr (big blind) showed [Qd 3s] and lost with One pair : 4


Winamax Poker - Tournament "Expresso Nitro" buyIn: 0.93€ + 0.07€ level: 3 - HandId: #4668024637752344577-14-1774777450 - Holdem no limit (20/40) - 2026/03/29 09:44:10 UTC
Table: 'Expresso Nitro(1086859181)#0' 3-max (real money) Seat #2 is the button
Seat 1: MathisKcr (502)
Seat 2: ElyeZrr (398)
*** ANTE/BLINDS ***
ElyeZrr posts small blind 20
MathisKcr posts big blind 40
Dealt to MathisKcr [6d 4d]
*** PRE-FLOP *** 
ElyeZrr raises 358 to 398 and is all-in
MathisKcr folds
ElyeZrr collected 438 from pot
*** SUMMARY ***
Total pot 438 | No rake
Seat 2: ElyeZrr (small blind) (button) won 438


Winamax Poker - Tournament "Expresso Nitro" buyIn: 0.93€ + 0.07€ level: 4 - HandId: #4668024637752344577-15-1774777456 - Holdem no limit (30/60) - 2026/03/29 09:44:16 UTC
Table: 'Expresso Nitro(1086859181)#0' 3-max (real money) Seat #1 is the button
Seat 1: MathisKcr (462)
Seat 2: ElyeZrr (438)
*** ANTE/BLINDS ***
MathisKcr posts small blind 30
ElyeZrr posts big blind 60
Dealt to MathisKcr [3s Kh]
*** PRE-FLOP *** 
MathisKcr raises 402 to 462 and is all-in
ElyeZrr folds
MathisKcr collected 522 from pot
*** SUMMARY ***
Total pot 522 | No rake
Seat 1: MathisKcr (small blind) (button) won 522


Winamax Poker - Tournament "Expresso Nitro" buyIn: 0.93€ + 0.07€ level: 4 - HandId: #4668024637752344577-16-1774777462 - Holdem no limit (30/60) - 2026/03/29 09:44:22 UTC
Table: 'Expresso Nitro(1086859181)#0' 3-max (real money) Seat #2 is the button
Seat 1: MathisKcr (522)
Seat 2: ElyeZrr (378)
*** ANTE/BLINDS ***
ElyeZrr posts small blind 30
MathisKcr posts big blind 60
Dealt to MathisKcr [6d 3c]
*** PRE-FLOP *** 
ElyeZrr folds
MathisKcr collected 90 from pot
*** SUMMARY ***
Total pot 90 | No rake
Seat 1: MathisKcr (big blind) won 90


Winamax Poker - Tournament "Expresso Nitro" buyIn: 0.93€ + 0.07€ level: 4 - HandId: #4668024637752344577-17-1774777466 - Holdem no limit (30/60) - 2026/03/29 09:44:26 UTC
Table: 'Expresso Nitro(1086859181)#0' 3-max (real money) Seat #1 is the button
Seat 1: MathisKcr (552)
Seat 2: ElyeZrr (348)
*** ANTE/BLINDS ***
MathisKcr posts small blind 30
ElyeZrr posts big blind 60
Dealt to MathisKcr [Js Kd]
*** PRE-FLOP *** 
MathisKcr raises 492 to 552 and is all-in
ElyeZrr folds
MathisKcr collected 612 from pot
*** SUMMARY ***
Total pot 612 | No rake
Seat 1: MathisKcr (small blind) (button) won 612


Winamax Poker - Tournament "Expresso Nitro" buyIn: 0.93€ + 0.07€ level: 4 - HandId: #4668024637752344577-18-1774777471 - Holdem no limit (30/60) - 2026/03/29 09:44:31 UTC
Table: 'Expresso Nitro(1086859181)#0' 3-max (real money) Seat #2 is the button
Seat 1: MathisKcr (612)
Seat 2: ElyeZrr (288)
*** ANTE/BLINDS ***
ElyeZrr posts small blind 30
MathisKcr posts big blind 60
Dealt to MathisKcr [4h Qd]
*** PRE-FLOP *** 
ElyeZrr raises 228 to 288 and is all-in
MathisKcr folds
ElyeZrr collected 348 from pot
*** SUMMARY ***
Total pot 348 | No rake
Seat 2: ElyeZrr (small blind) (button) won 348


Winamax Poker - Tournament "Expresso Nitro" buyIn: 0.93€ + 0.07€ level: 4 - HandId: #4668024637752344577-19-1774777477 - Holdem no limit (30/60) - 2026/03/29 09:44:37 UTC
Table: 'Expresso Nitro(1086859181)#0' 3-max (real money) Seat #1 is the button
Seat 1: MathisKcr (552)
Seat 2: ElyeZrr (348)
*** ANTE/BLINDS ***
MathisKcr posts small blind 30
ElyeZrr posts big blind 60
Dealt to MathisKcr [Ks Jd]
*** PRE-FLOP *** 
MathisKcr raises 492 to 552 and is all-in
ElyeZrr folds
MathisKcr collected 612 from pot
*** SUMMARY ***
Total pot 612 | No rake
Seat 1: MathisKcr (small blind) (button) won 612


Winamax Poker - Tournament "Expresso Nitro" buyIn: 0.93€ + 0.07€ level: 4 - HandId: #4668024637752344577-20-1774777484 - Holdem no limit (30/60) - 2026/03/29 09:44:44 UTC
Table: 'Expresso Nitro(1086859181)#0' 3-max (real money) Seat #2 is the button
Seat 1: MathisKcr (612)
Seat 2: ElyeZrr (288)
*** ANTE/BLINDS ***
ElyeZrr posts small blind 30
MathisKcr posts big blind 60
Dealt to MathisKcr [8s Ad]
*** PRE-FLOP *** 
ElyeZrr folds
MathisKcr collected 90 from pot
*** SUMMARY ***
Total pot 90 | No rake
Seat 1: MathisKcr (big blind) won 90


Winamax Poker - Tournament "Expresso Nitro" buyIn: 0.93€ + 0.07€ level: 4 - HandId: #4668024637752344577-21-1774777491 - Holdem no limit (30/60) - 2026/03/29 09:44:51 UTC
Table: 'Expresso Nitro(1086859181)#0' 3-max (real money) Seat #1 is the button
Seat 1: MathisKcr (642)
Seat 2: ElyeZrr (258)
*** ANTE/BLINDS ***
MathisKcr posts small blind 30
ElyeZrr posts big blind 60
Dealt to MathisKcr [5c Ah]
*** PRE-FLOP *** 
MathisKcr raises 582 to 642 and is all-in
ElyeZrr folds
MathisKcr collected 702 from pot
*** SUMMARY ***
Total pot 702 | No rake
Seat 1: MathisKcr (small blind) (button) won 702


Winamax Poker - Tournament "Expresso Nitro" buyIn: 0.93€ + 0.07€ level: 4 - HandId: #4668024637752344577-22-1774777495 - Holdem no limit (30/60) - 2026/03/29 09:44:55 UTC
Table: 'Expresso Nitro(1086859181)#0' 3-max (real money) Seat #2 is the button
Seat 1: MathisKcr (702)
Seat 2: ElyeZrr (198)
*** ANTE/BLINDS ***
ElyeZrr posts small blind 30
MathisKcr posts big blind 60
Dealt to MathisKcr [5d Ah]
*** PRE-FLOP *** 
ElyeZrr raises 138 to 198 and is all-in
MathisKcr calls 138
*** FLOP *** [7h 7s 4s]
*** TURN *** [7h 7s 4s][5h]
*** RIVER *** [7h 7s 4s 5h][6s]
*** SHOW DOWN ***
ElyeZrr shows [9c Qs] (One pair : 7)
MathisKcr shows [5d Ah] (Two pairs : 7 and 5)
MathisKcr collected 396 from pot
*** SUMMARY ***
Total pot 396 | No rake
Board: [7h 7s 4s 5h 6s]
Seat 1: MathisKcr (big blind) showed [5d Ah] and won 396 with Two pairs : 7 and 5
Seat 2: ElyeZrr (small blind) (button) showed [9c Qs] and lost with One pair : 7


