Winamax Poker - Tournament "Expresso Nitro" buyIn: 0.93€ + 0.07€ level: 1 - HandId: #4668492565849309185-1-1774795741 - Holdem no limit (10/20) - 2026/03/29 14:49:01 UTC
Table: 'Expresso Nitro(1086968129)#0' 3-max (real money) Seat #3 is the button
Seat 1: Janarthan006 (300)
Seat 2: Luzien-Pok (300)
Seat 3: MathisKcr (300)
*** ANTE/BLINDS ***
Janarthan006 posts small blind 10
Luzien-Pok posts big blind 20
Dealt to MathisKcr [Jc 4d]
*** PRE-FLOP *** 
MathisKcr folds
Janarthan006 raises 40 to 60
Luzien-Pok folds
Janarthan006 collected 80 from pot
*** SUMMARY ***
Total pot 80 | No rake
Seat 1: Janarthan006 (small blind) won 80


Winamax Poker - Tournament "Expresso Nitro" buyIn: 0.93€ + 0.07€ level: 1 - HandId: #4668492565849309185-2-1774795752 - Holdem no limit (10/20) - 2026/03/29 14:49:12 UTC
Table: 'Expresso Nitro(1086968129)#0' 3-max (real money) Seat #1 is the button
Seat 1: Janarthan006 (320)
Seat 2: Luzien-Pok (280)
Seat 3: MathisKcr (300)
*** ANTE/BLINDS ***
Luzien-Pok posts small blind 10
MathisKcr posts big blind 20
Dealt to MathisKcr [4d Qs]
*** PRE-FLOP *** 
Janarthan006 raises 50 to 70
Luzien-Pok folds
MathisKcr folds
Janarthan006 collected 100 from pot
*** SUMMARY ***
Total pot 100 | No rake
Seat 1: Janarthan006 (button) won 100


Winamax Poker - Tournament "Expresso Nitro" buyIn: 0.93€ + 0.07€ level: 1 - HandId: #4668492565849309185-3-1774795770 - Holdem no limit (10/20) - 2026/03/29 14:49:30 UTC
Table: 'Expresso Nitro(1086968129)#0' 3-max (real money) Seat #2 is the button
Seat 1: Janarthan006 (350)
Seat 2: Luzien-Pok (270)
Seat 3: MathisKcr (280)
*** ANTE/BLINDS ***
MathisKcr posts small blind 10
Janarthan006 posts big blind 20
Dealt to MathisKcr [4c Td]
*** PRE-FLOP *** 
Luzien-Pok folds
MathisKcr folds
Janarthan006 collected 30 from pot
*** SUMMARY ***
Total pot 30 | No rake
Seat 1: Janarthan006 (big blind) won 30


Winamax Poker - Tournament "Expresso Nitro" buyIn: 0.93€ + 0.07€ level: 1 - HandId: #4668492565849309185-4-1774795783 - Holdem no limit (10/20) - 2026/03/29 14:49:43 UTC
Table: 'Expresso Nitro(1086968129)#0' 3-max (real money) Seat #3 is the button
Seat 1: Janarthan006 (360)
Seat 2: Luzien-Pok (270)
Seat 3: MathisKcr (270)
*** ANTE/BLINDS ***
Janarthan006 posts small blind 10
Luzien-Pok posts big blind 20
Dealt to MathisKcr [6s Td]
*** PRE-FLOP *** 
MathisKcr folds
Janarthan006 calls 10
Luzien-Pok raises 40 to 60
Janarthan006 folds
Luzien-Pok collected 80 from pot
*** SUMMARY ***
Total pot 80 | No rake
Seat 2: Luzien-Pok (big blind) won 80


Winamax Poker - Tournament "Expresso Nitro" buyIn: 0.93€ + 0.07€ level: 2 - HandId: #4668492565849309185-5-1774795800 - Holdem no limit (15/30) - 2026/03/29 14:50:00 UTC
Table: 'Expresso Nitro(1086968129)#0' 3-max (real money) Seat #1 is the button
Seat 1: Janarthan006 (340)
Seat 2: Luzien-Pok (290)
Seat 3: MathisKcr (270)
*** ANTE/BLINDS ***
Luzien-Pok posts small blind 15
MathisKcr posts big blind 30
Dealt to MathisKcr [6d Tc]
*** PRE-FLOP *** 
Janarthan006 calls 30
Luzien-Pok calls 15
MathisKcr checks
*** FLOP *** [5h Jc Jd]
Luzien-Pok checks
MathisKcr checks
Janarthan006 bets 90
Luzien-Pok folds
MathisKcr folds
Janarthan006 collected 180 from pot
*** SUMMARY ***
Total pot 180 | No rake
Board: [5h Jc Jd]
Seat 1: Janarthan006 (button) won 180


Winamax Poker - Tournament "Expresso Nitro" buyIn: 0.93€ + 0.07€ level: 2 - HandId: #4668492565849309185-6-1774795839 - Holdem no limit (15/30) - 2026/03/29 14:50:39 UTC
Table: 'Expresso Nitro(1086968129)#0' 3-max (real money) Seat #2 is the button
Seat 1: Janarthan006 (400)
Seat 2: Luzien-Pok (260)
Seat 3: MathisKcr (240)
*** ANTE/BLINDS ***
MathisKcr posts small blind 15
Janarthan006 posts big blind 30
Dealt to MathisKcr [9c Jh]
*** PRE-FLOP *** 
Luzien-Pok calls 30
MathisKcr raises 210 to 240 and is all-in
Janarthan006 folds
Luzien-Pok calls 210
*** FLOP *** [Qh 6h Jd]
*** TURN *** [Qh 6h Jd][7s]
*** RIVER *** [Qh 6h Jd 7s][Ah]
*** SHOW DOWN ***
MathisKcr shows [9c Jh] (One pair : Jacks)
Luzien-Pok shows [Ts Ks] (Straight Ace high)
Luzien-Pok collected 510 from pot
*** SUMMARY ***
Total pot 510 | No rake
Board: [Qh 6h Jd 7s Ah]
Seat 2: Luzien-Pok (button) showed [Ts Ks] and won 510 with Straight Ace high
Seat 3: MathisKcr (small blind) showed [9c Jh] and lost with One pair : Jacks


