Winamax Poker - Tournament "Expresso Nitro" buyIn: 0.93€ + 0.07€ level: 1 - HandId: #4666792248426364929-1-1774722136 - Holdem no limit (10/20) - 2026/03/28 18:22:16 UTC
Table: 'Expresso Nitro(1086572243)#0' 3-max (real money) Seat #3 is the button
Seat 1: monovirus23 (300)
Seat 2: MathisKcr (300)
Seat 3: FAELITO (300)
*** ANTE/BLINDS ***
monovirus23 posts small blind 10
MathisKcr posts big blind 20
Dealt to MathisKcr [Jd 4d]
*** PRE-FLOP *** 
FAELITO calls 20
monovirus23 calls 10
MathisKcr checks
*** FLOP *** [8h 5d 2d]
monovirus23 checks
MathisKcr checks
FAELITO checks
*** TURN *** [8h 5d 2d][Qs]
monovirus23 checks
MathisKcr checks
FAELITO checks
*** RIVER *** [8h 5d 2d Qs][9h]
monovirus23 checks
MathisKcr checks
FAELITO checks
*** SHOW DOWN ***
MathisKcr shows [Jd 4d] (High card : Queen)
FAELITO shows [7c Jc] (High card : Queen)
monovirus23 shows [4c 8s] (One pair : 8)
monovirus23 collected 60 from pot
*** SUMMARY ***
Total pot 60 | No rake
Board: [8h 5d 2d Qs 9h]
Seat 1: monovirus23 (small blind) showed [4c 8s] and won 60 with One pair : 8
Seat 2: MathisKcr (big blind) showed [Jd 4d] and lost with High card : Queen
Seat 3: FAELITO (button) showed [7c Jc] and lost with High card : Queen


Winamax Poker - Tournament "Expresso Nitro" buyIn: 0.93€ + 0.07€ level: 1 - HandId: #4666792248426364929-2-1774722176 - Holdem no limit (10/20) - 2026/03/28 18:22:56 UTC
Table: 'Expresso Nitro(1086572243)#0' 3-max (real money) Seat #1 is the button
Seat 1: monovirus23 (340)
Seat 2: MathisKcr (280)
Seat 3: FAELITO (280)
*** ANTE/BLINDS ***
MathisKcr posts small blind 10
FAELITO posts big blind 20
Dealt to MathisKcr [3c Kc]
*** PRE-FLOP *** 
monovirus23 calls 20
MathisKcr raises 260 to 280 and is all-in
FAELITO folds
monovirus23 folds
MathisKcr collected 320 from pot
*** SUMMARY ***
Total pot 320 | No rake
Seat 2: MathisKcr (small blind) won 320


Winamax Poker - Tournament "Expresso Nitro" buyIn: 0.93€ + 0.07€ level: 1 - HandId: #4666792248426364929-3-1774722189 - Holdem no limit (10/20) - 2026/03/28 18:23:09 UTC
Table: 'Expresso Nitro(1086572243)#0' 3-max (real money) Seat #2 is the button
Seat 1: monovirus23 (320)
Seat 2: MathisKcr (320)
Seat 3: FAELITO (260)
*** ANTE/BLINDS ***
FAELITO posts small blind 10
monovirus23 posts big blind 20
Dealt to MathisKcr [9d 2h]
*** PRE-FLOP *** 
MathisKcr folds
FAELITO calls 10
monovirus23 checks
*** FLOP *** [6c 9h 4h]
FAELITO checks
monovirus23 checks
*** TURN *** [6c 9h 4h][5s]
FAELITO checks
monovirus23 checks
*** RIVER *** [6c 9h 4h 5s][3d]
FAELITO checks
monovirus23 bets 300 and is all-in
FAELITO folds
monovirus23 collected 340 from pot
*** SUMMARY ***
Total pot 340 | No rake
Board: [6c 9h 4h 5s 3d]
Seat 1: monovirus23 (big blind) won 340


Winamax Poker - Tournament "Expresso Nitro" buyIn: 0.93€ + 0.07€ level: 2 - HandId: #4666792248426364929-4-1774722212 - Holdem no limit (15/30) - 2026/03/28 18:23:32 UTC
Table: 'Expresso Nitro(1086572243)#0' 3-max (real money) Seat #3 is the button
Seat 1: monovirus23 (340)
Seat 2: MathisKcr (320)
Seat 3: FAELITO (240)
*** ANTE/BLINDS ***
monovirus23 posts small blind 15
MathisKcr posts big blind 30
Dealt to MathisKcr [7d Tc]
*** PRE-FLOP *** 
FAELITO folds
monovirus23 calls 15
MathisKcr checks
*** FLOP *** [6c 7c 9c]
monovirus23 checks
MathisKcr bets 30
monovirus23 folds
MathisKcr collected 90 from pot
*** SUMMARY ***
Total pot 90 | No rake
Board: [6c 7c 9c]
Seat 2: MathisKcr (big blind) won 90


Winamax Poker - Tournament "Expresso Nitro" buyIn: 0.93€ + 0.07€ level: 2 - HandId: #4666792248426364929-5-1774722233 - Holdem no limit (15/30) - 2026/03/28 18:23:53 UTC
Table: 'Expresso Nitro(1086572243)#0' 3-max (real money) Seat #1 is the button
Seat 1: monovirus23 (310)
Seat 2: MathisKcr (350)
Seat 3: FAELITO (240)
*** ANTE/BLINDS ***
MathisKcr posts small blind 15
FAELITO posts big blind 30
Dealt to MathisKcr [7s Jd]
*** PRE-FLOP *** 
monovirus23 calls 30
MathisKcr raises 320 to 350 and is all-in
FAELITO folds
monovirus23 calls 280 and is all-in
*** FLOP *** [3d 8d As]
*** TURN *** [3d 8d As][2h]
*** RIVER *** [3d 8d As 2h][Qh]
*** SHOW DOWN ***
monovirus23 shows [Ad 4d] (One pair : Aces)
MathisKcr shows [7s Jd] (High card : Ace)
MathisKcr collected 40 from side pot 1
monovirus23 collected 650 from main pot
*** SUMMARY ***
Total pot 690 | No rake
Board: [3d 8d As 2h Qh]
Seat 1: monovirus23 (button) showed [Ad 4d] and won 650 with One pair : Aces
Seat 2: MathisKcr (small blind) showed [7s Jd] and won 40 with High card : Ace


Winamax Poker - Tournament "Expresso Nitro" buyIn: 0.93€ + 0.07€ level: 3 - HandId: #4666792248426364929-6-1774722258 - Holdem no limit (20/40) - 2026/03/28 18:24:18 UTC
Table: 'Expresso Nitro(1086572243)#0' 3-max (real money) Seat #2 is the button
Seat 1: monovirus23 (650)
Seat 2: MathisKcr (40)
Seat 3: FAELITO (210)
*** ANTE/BLINDS ***
FAELITO posts small blind 20
monovirus23 posts big blind 40
Dealt to MathisKcr [2c 8h]
*** PRE-FLOP *** 
MathisKcr folds
FAELITO folds
monovirus23 collected 60 from pot
*** SUMMARY ***
Total pot 60 | No rake
Seat 1: monovirus23 (big blind) won 60


Winamax Poker - Tournament "Expresso Nitro" buyIn: 0.93€ + 0.07€ level: 3 - HandId: #4666792248426364929-7-1774722266 - Holdem no limit (20/40) - 2026/03/28 18:24:26 UTC
Table: 'Expresso Nitro(1086572243)#0' 3-max (real money) Seat #3 is the button
Seat 1: monovirus23 (670)
Seat 2: MathisKcr (40)
Seat 3: FAELITO (190)
*** ANTE/BLINDS ***
monovirus23 posts small blind 20
MathisKcr posts big blind 40 and is all-in
Dealt to MathisKcr [3d 9d]
*** PRE-FLOP *** 
FAELITO folds
monovirus23 calls 20
*** FLOP *** [4s Ad 2s]
*** TURN *** [4s Ad 2s][3c]
*** RIVER *** [4s Ad 2s 3c][3s]
*** SHOW DOWN ***
monovirus23 shows [Qd Jd] (One pair : 3)
MathisKcr shows [3d 9d] (Trips of 3)
MathisKcr collected 80 from pot
*** SUMMARY ***
Total pot 80 | No rake
Board: [4s Ad 2s 3c 3s]
Seat 1: monovirus23 (small blind) showed [Qd Jd] and lost with One pair : 3
Seat 2: MathisKcr (big blind) showed [3d 9d] and won 80 with Trips of 3


Winamax Poker - Tournament "Expresso Nitro" buyIn: 0.93€ + 0.07€ level: 3 - HandId: #4666792248426364929-8-1774722277 - Holdem no limit (20/40) - 2026/03/28 18:24:37 UTC
Table: 'Expresso Nitro(1086572243)#0' 3-max (real money) Seat #1 is the button
Seat 1: monovirus23 (630)
Seat 2: MathisKcr (80)
Seat 3: FAELITO (190)
*** ANTE/BLINDS ***
MathisKcr posts small blind 20
FAELITO posts big blind 40
Dealt to MathisKcr [Td 8s]
*** PRE-FLOP *** 
monovirus23 calls 40
MathisKcr folds
FAELITO checks
*** FLOP *** [Qc Qd Jd]
FAELITO checks
monovirus23 checks
*** TURN *** [Qc Qd Jd][4h]
FAELITO checks
monovirus23 checks
*** RIVER *** [Qc Qd Jd 4h][5c]
FAELITO checks
monovirus23 checks
*** SHOW DOWN ***
FAELITO shows [3d 6h] (One pair : Queens)
monovirus23 shows [9s 4d] (Two pairs : Queens and 4)
monovirus23 collected 100 from pot
*** SUMMARY ***
Total pot 100 | No rake
Board: [Qc Qd Jd 4h 5c]
Seat 1: monovirus23 (button) showed [9s 4d] and won 100 with Two pairs : Queens and 4
Seat 3: FAELITO (big blind) showed [3d 6h] and lost with One pair : Queens


Winamax Poker - Tournament "Expresso Nitro" buyIn: 0.93€ + 0.07€ level: 3 - HandId: #4666792248426364929-9-1774722307 - Holdem no limit (20/40) - 2026/03/28 18:25:07 UTC
Table: 'Expresso Nitro(1086572243)#0' 3-max (real money) Seat #2 is the button
Seat 1: monovirus23 (690)
Seat 2: MathisKcr (60)
Seat 3: FAELITO (150)
*** ANTE/BLINDS ***
FAELITO posts small blind 20
monovirus23 posts big blind 40
Dealt to MathisKcr [3c Ad]
*** PRE-FLOP *** 
MathisKcr raises 20 to 60 and is all-in
FAELITO raises 90 to 150 and is all-in
monovirus23 calls 110
*** FLOP *** [Ks Qc 2d]
*** TURN *** [Ks Qc 2d][Qh]
*** RIVER *** [Ks Qc 2d Qh][Js]
*** SHOW DOWN ***
MathisKcr shows [3c Ad] (One pair : Queens)
FAELITO shows [9d Ac] (One pair : Queens)
monovirus23 shows [Kh 6c] (Two pairs : Kings and Queens)
monovirus23 collected 360 from pot
*** SUMMARY ***
Total pot 360 | No rake
Board: [Ks Qc 2d Qh Js]
Seat 1: monovirus23 (big blind) showed [Kh 6c] and won 360 with Two pairs : Kings and Queens
Seat 2: MathisKcr (button) showed [3c Ad] and lost with One pair : Queens
Seat 3: FAELITO (small blind) showed [9d Ac] and lost with One pair : Queens


