Winamax Poker - Tournament "Expresso Nitro" buyIn: 0.93€ + 0.07€ level: 1 - HandId: #4613642221411893249-1-1772868369 - Holdem no limit (10/20) - 2026/03/07 07:26:09 UTC
Table: 'Expresso Nitro(1074197288)#0' 3-max (real money) Seat #3 is the button
Seat 1: Fish K1ller (300)
Seat 2: Tanrika512 (300)
Seat 3: MathisKcr (300)
*** ANTE/BLINDS ***
Fish K1ller posts small blind 10
Tanrika512 posts big blind 20
Dealt to MathisKcr [Td Kc]
*** PRE-FLOP *** 
MathisKcr raises 40 to 60
Fish K1ller folds
Tanrika512 calls 40
*** FLOP *** [4c 2s Tc]
Tanrika512 bets 85
MathisKcr calls 85
*** TURN *** [4c 2s Tc][4s]
Tanrika512 bets 105
MathisKcr calls 105
*** RIVER *** [4c 2s Tc 4s][9c]
Tanrika512 bets 50 and is all-in
MathisKcr calls 50 and is all-in
*** SHOW DOWN ***
MathisKcr shows [Td Kc] (Two pairs : Tens and 4)
Tanrika512 shows [4h 9s] (Full of 4 and 9)
Tanrika512 collected 610 from pot
*** SUMMARY ***
Total pot 610 | No rake
Board: [4c 2s Tc 4s 9c]
Seat 2: Tanrika512 (big blind) showed [4h 9s] and won 610 with Full of 4 and 9
Seat 3: MathisKcr (button) showed [Td Kc] and lost with Two pairs : Tens and 4


