Winamax Poker - Tournament "Expresso Nitro" buyIn: 0.93€ + 0.07€ level: 1 - HandId: #4667024808020541441-1-1774729657 - Holdem no limit (10/20) - 2026/03/28 20:27:37 UTC
Table: 'Expresso Nitro(1086626390)#0' 3-max (real money) Seat #3 is the button
Seat 1: MathisKcr (300)
Seat 2: TE_Boss10 (300)
Seat 3: suivi.Ogre85 (300)
*** ANTE/BLINDS ***
MathisKcr posts small blind 10
TE_Boss10 posts big blind 20
Dealt to MathisKcr [Kc Qd]
*** PRE-FLOP *** 
suivi.Ogre85 calls 20
MathisKcr raises 280 to 300 and is all-in
TE_Boss10 folds
suivi.Ogre85 folds
MathisKcr collected 340 from pot
*** SUMMARY ***
Total pot 340 | No rake
Seat 1: MathisKcr (small blind) won 340


Winamax Poker - Tournament "Expresso Nitro" buyIn: 0.93€ + 0.07€ level: 1 - HandId: #4667024808020541441-2-1774729669 - Holdem no limit (10/20) - 2026/03/28 20:27:49 UTC
Table: 'Expresso Nitro(1086626390)#0' 3-max (real money) Seat #1 is the button
Seat 1: MathisKcr (340)
Seat 2: TE_Boss10 (280)
Seat 3: suivi.Ogre85 (280)
*** ANTE/BLINDS ***
TE_Boss10 posts small blind 10
suivi.Ogre85 posts big blind 20
Dealt to MathisKcr [8s 4h]
*** PRE-FLOP *** 
MathisKcr folds
TE_Boss10 calls 10
suivi.Ogre85 raises 40 to 60
TE_Boss10 folds
suivi.Ogre85 collected 80 from pot
*** SUMMARY ***
Total pot 80 | No rake
Seat 3: suivi.Ogre85 (big blind) won 80


Winamax Poker - Tournament "Expresso Nitro" buyIn: 0.93€ + 0.07€ level: 1 - HandId: #4667024808020541441-3-1774729679 - Holdem no limit (10/20) - 2026/03/28 20:27:59 UTC
Table: 'Expresso Nitro(1086626390)#0' 3-max (real money) Seat #2 is the button
Seat 1: MathisKcr (340)
Seat 2: TE_Boss10 (260)
Seat 3: suivi.Ogre85 (300)
*** ANTE/BLINDS ***
suivi.Ogre85 posts small blind 10
MathisKcr posts big blind 20
Dealt to MathisKcr [4d Js]
*** PRE-FLOP *** 
TE_Boss10 folds
suivi.Ogre85 folds
MathisKcr collected 30 from pot
*** SUMMARY ***
Total pot 30 | No rake
Seat 1: MathisKcr (big blind) won 30


Winamax Poker - Tournament "Expresso Nitro" buyIn: 0.93€ + 0.07€ level: 1 - HandId: #4667024808020541441-4-1774729686 - Holdem no limit (10/20) - 2026/03/28 20:28:06 UTC
Table: 'Expresso Nitro(1086626390)#0' 3-max (real money) Seat #3 is the button
Seat 1: MathisKcr (350)
Seat 2: TE_Boss10 (260)
Seat 3: suivi.Ogre85 (290)
*** ANTE/BLINDS ***
MathisKcr posts small blind 10
TE_Boss10 posts big blind 20
Dealt to MathisKcr [4h Th]
*** PRE-FLOP *** 
suivi.Ogre85 calls 20
MathisKcr folds
TE_Boss10 checks
*** FLOP *** [9h Qs 6s]
TE_Boss10 checks
suivi.Ogre85 bets 33
TE_Boss10 folds
suivi.Ogre85 collected 83 from pot
*** SUMMARY ***
Total pot 83 | No rake
Board: [9h Qs 6s]
Seat 3: suivi.Ogre85 (button) won 83


Winamax Poker - Tournament "Expresso Nitro" buyIn: 0.93€ + 0.07€ level: 1 - HandId: #4667024808020541441-5-1774729711 - Holdem no limit (10/20) - 2026/03/28 20:28:31 UTC
Table: 'Expresso Nitro(1086626390)#0' 3-max (real money) Seat #1 is the button
Seat 1: MathisKcr (340)
Seat 2: TE_Boss10 (240)
Seat 3: suivi.Ogre85 (320)
*** ANTE/BLINDS ***
TE_Boss10 posts small blind 10
suivi.Ogre85 posts big blind 20
Dealt to MathisKcr [6s Ad]
*** PRE-FLOP *** 
MathisKcr raises 320 to 340 and is all-in
TE_Boss10 folds
suivi.Ogre85 calls 300 and is all-in
*** FLOP *** [Td Jc 8s]
*** TURN *** [Td Jc 8s][6c]
*** RIVER *** [Td Jc 8s 6c][5s]
*** SHOW DOWN ***
MathisKcr shows [6s Ad] (One pair : 6)
suivi.Ogre85 shows [8c As] (One pair : 8)
suivi.Ogre85 collected 650 from main pot
MathisKcr collected 20 from side pot 1
*** SUMMARY ***
Total pot 670 | No rake
Board: [Td Jc 8s 6c 5s]
Seat 1: MathisKcr (button) showed [6s Ad] and won 20 with One pair : 6
Seat 3: suivi.Ogre85 (big blind) showed [8c As] and won 650 with One pair : 8


Winamax Poker - Tournament "Expresso Nitro" buyIn: 0.93€ + 0.07€ level: 2 - HandId: #4667024808020541441-6-1774729727 - Holdem no limit (15/30) - 2026/03/28 20:28:47 UTC
Table: 'Expresso Nitro(1086626390)#0' 3-max (real money) Seat #2 is the button
Seat 1: MathisKcr (20)
Seat 2: TE_Boss10 (230)
Seat 3: suivi.Ogre85 (650)
*** ANTE/BLINDS ***
suivi.Ogre85 posts small blind 15
MathisKcr posts big blind 20 and is all-in
Dealt to MathisKcr [3c 9h]
*** PRE-FLOP *** 
TE_Boss10 folds
suivi.Ogre85 calls 15
*** FLOP *** [Kc Ac 7s]
*** TURN *** [Kc Ac 7s][3s]
*** RIVER *** [Kc Ac 7s 3s][4h]
*** SHOW DOWN ***
MathisKcr shows [3c 9h] (One pair : 3)
suivi.Ogre85 shows [As 3h] (Two pairs : Aces and 3)
suivi.Ogre85 collected 50 from pot
*** SUMMARY ***
Total pot 50 | No rake
Board: [Kc Ac 7s 3s 4h]
Seat 1: MathisKcr (big blind) showed [3c 9h] and lost with One pair : 3
Seat 3: suivi.Ogre85 (small blind) showed [As 3h] and won 50 with Two pairs : Aces and 3


