Winamax Poker - Tournament "Expresso Nitro" buyIn: 0.93€ + 0.07€ level: 1 - HandId: #4552735277302415361-1-1770537161 - Holdem no limit (10/20) - 2026/02/08 07:52:41 UTC
Table: 'Expresso Nitro(1060016285)#0' 3-max (real money) Seat #2 is the button
Seat 1: TRUCK22 (300)
Seat 2: Gold&Shower (300)
Seat 3: MathisKcr (300)
*** ANTE/BLINDS ***
MathisKcr posts small blind 10
TRUCK22 posts big blind 20
Dealt to MathisKcr [8h 2s]
*** PRE-FLOP *** 
Gold&Shower folds
MathisKcr raises 40 to 60
TRUCK22 folds
MathisKcr collected 80 from pot
*** SUMMARY ***
Total pot 80 | No rake
Seat 3: MathisKcr (small blind) won 80


Winamax Poker - Tournament "Expresso Nitro" buyIn: 0.93€ + 0.07€ level: 1 - HandId: #4552735277302415361-2-1770537186 - Holdem no limit (10/20) - 2026/02/08 07:53:06 UTC
Table: 'Expresso Nitro(1060016285)#0' 3-max (real money) Seat #3 is the button
Seat 1: TRUCK22 (280)
Seat 2: Gold&Shower (300)
Seat 3: MathisKcr (320)
*** ANTE/BLINDS ***
TRUCK22 posts small blind 10
Gold&Shower posts big blind 20
Dealt to MathisKcr [3c As]
*** PRE-FLOP *** 
MathisKcr raises 20 to 40
TRUCK22 raises 240 to 280 and is all-in
Gold&Shower folds
MathisKcr folds
TRUCK22 collected 340 from pot
*** SUMMARY ***
Total pot 340 | No rake
Seat 1: TRUCK22 (small blind) won 340


Winamax Poker - Tournament "Expresso Nitro" buyIn: 0.93€ + 0.07€ level: 2 - HandId: #4552735277302415361-3-1770537224 - Holdem no limit (15/30) - 2026/02/08 07:53:44 UTC
Table: 'Expresso Nitro(1060016285)#0' 3-max (real money) Seat #1 is the button
Seat 1: TRUCK22 (340)
Seat 2: Gold&Shower (280)
Seat 3: MathisKcr (280)
*** ANTE/BLINDS ***
Gold&Shower posts small blind 15
MathisKcr posts big blind 30
Dealt to MathisKcr [Kc Ad]
*** PRE-FLOP *** 
TRUCK22 calls 30
Gold&Shower raises 250 to 280 and is all-in
MathisKcr calls 250 and is all-in
TRUCK22 folds
*** FLOP *** [7h 7c 4s]
*** TURN *** [7h 7c 4s][Ac]
*** RIVER *** [7h 7c 4s Ac][4c]
*** SHOW DOWN ***
MathisKcr shows [Kc Ad] (Two pairs : Aces and 7)
Gold&Shower shows [4h 5h] (Full of 4 and 7)
Gold&Shower collected 590 from pot
*** SUMMARY ***
Total pot 590 | No rake
Board: [7h 7c 4s Ac 4c]
Seat 2: Gold&Shower (small blind) showed [4h 5h] and won 590 with Full of 4 and 7
Seat 3: MathisKcr (big blind) showed [Kc Ad] and lost with Two pairs : Aces and 7


