Winamax Poker - Tournament "Expresso Nitro" buyIn: 0.93€ + 0.07€ level: 1 - HandId: #4706924388480450561-1-1776239245 - Holdem no limit (10/20) - 2026/04/15 07:47:25 UTC
Table: 'Expresso Nitro(1095916235)#0' 3-max (real money) Seat #1 is the button
Seat 1: padrino30900 (300)
Seat 2: pourquoi13 (300)
Seat 3: MathisKcr (300)
*** ANTE/BLINDS ***
pourquoi13 posts small blind 10
MathisKcr posts big blind 20
Dealt to MathisKcr [Js Jc]
*** PRE-FLOP *** 
padrino30900 calls 20
pourquoi13 calls 10
MathisKcr raises 280 to 300 and is all-in
padrino30900 calls 280 and is all-in
pourquoi13 folds
*** FLOP *** [6d Kd Th]
*** TURN *** [6d Kd Th][Ad]
*** RIVER *** [6d Kd Th Ad][9s]
*** SHOW DOWN ***
padrino30900 shows [Jd Tc] (One pair : Tens)
MathisKcr shows [Js Jc] (One pair : Jacks)
MathisKcr collected 620 from pot
*** SUMMARY ***
Total pot 620 | No rake
Board: [6d Kd Th Ad 9s]
Seat 1: padrino30900 (button) showed [Jd Tc] and lost with One pair : Tens
Seat 3: MathisKcr (big blind) showed [Js Jc] and won 620 with One pair : Jacks


Winamax Poker - Tournament "Expresso Nitro" buyIn: 0.93€ + 0.07€ level: 1 - HandId: #4706924388480450561-2-1776239261 - Holdem no limit (10/20) - 2026/04/15 07:47:41 UTC
Table: 'Expresso Nitro(1095916235)#0' 3-max (real money) Seat #3 is the button
Seat 2: pourquoi13 (280)
Seat 3: MathisKcr (620)
*** ANTE/BLINDS ***
MathisKcr posts small blind 10
pourquoi13 posts big blind 20
Dealt to MathisKcr [3s 5c]
*** PRE-FLOP *** 
MathisKcr folds
pourquoi13 collected 30 from pot
*** SUMMARY ***
Total pot 30 | No rake
Seat 2: pourquoi13 (big blind) won 30


Winamax Poker - Tournament "Expresso Nitro" buyIn: 0.93€ + 0.07€ level: 1 - HandId: #4706924388480450561-3-1776239267 - Holdem no limit (10/20) - 2026/04/15 07:47:47 UTC
Table: 'Expresso Nitro(1095916235)#0' 3-max (real money) Seat #2 is the button
Seat 2: pourquoi13 (290)
Seat 3: MathisKcr (610)
*** ANTE/BLINDS ***
pourquoi13 posts small blind 10
MathisKcr posts big blind 20
Dealt to MathisKcr [4c 8h]
*** PRE-FLOP *** 
pourquoi13 calls 10
MathisKcr checks
*** FLOP *** [2c 4s 9h]
MathisKcr bets 40
pourquoi13 raises 230 to 270 and is all-in
MathisKcr folds
pourquoi13 collected 350 from pot
*** SUMMARY ***
Total pot 350 | No rake
Board: [2c 4s 9h]
Seat 2: pourquoi13 (small blind) (button) won 350


Winamax Poker - Tournament "Expresso Nitro" buyIn: 0.93€ + 0.07€ level: 1 - HandId: #4706924388480450561-4-1776239289 - Holdem no limit (10/20) - 2026/04/15 07:48:09 UTC
Table: 'Expresso Nitro(1095916235)#0' 3-max (real money) Seat #3 is the button
Seat 2: pourquoi13 (350)
Seat 3: MathisKcr (550)
*** ANTE/BLINDS ***
MathisKcr posts small blind 10
pourquoi13 posts big blind 20
Dealt to MathisKcr [Qh Ac]
*** PRE-FLOP *** 
MathisKcr raises 530 to 550 and is all-in
pourquoi13 calls 330 and is all-in
*** FLOP *** [3s 5c 3h]
*** TURN *** [3s 5c 3h][9s]
*** RIVER *** [3s 5c 3h 9s][As]
*** SHOW DOWN ***
pourquoi13 shows [Kd Kh] (Two pairs : Kings and 3)
MathisKcr shows [Qh Ac] (Two pairs : Aces and 3)
MathisKcr collected 900 from pot
*** SUMMARY ***
Total pot 900 | No rake
Board: [3s 5c 3h 9s As]
Seat 2: pourquoi13 (big blind) showed [Kd Kh] and lost with Two pairs : Kings and 3
Seat 3: MathisKcr (small blind) (button) showed [Qh Ac] and won 900 with Two pairs : Aces and 3


