Winamax Poker - Tournament "Expresso Nitro" buyIn: 0.93€ + 0.07€ level: 1 - HandId: #4670901557171060737-1-1774889911 - Holdem no limit (10/20) - 2026/03/30 16:58:31 UTC
Table: 'Expresso Nitro(1087529016)#0' 3-max (real money) Seat #3 is the button
Seat 1: MathisKcr (300)
Seat 2: Joffrey . L (300)
Seat 3: robinho69150 (300)
*** ANTE/BLINDS ***
MathisKcr posts small blind 10
Joffrey . L posts big blind 20
Dealt to MathisKcr [Qc 8d]
*** PRE-FLOP *** 
robinho69150 raises 50 to 70
MathisKcr calls 60
Joffrey . L raises 230 to 300 and is all-in
robinho69150 calls 230 and is all-in
MathisKcr folds
*** FLOP *** [Tc 8h 3d]
*** TURN *** [Tc 8h 3d][6h]
*** RIVER *** [Tc 8h 3d 6h][Th]
*** SHOW DOWN ***
robinho69150 shows [4h 4c] (Two pairs : Tens and 4)
Joffrey . L shows [6s Ad] (Two pairs : Tens and 6)
Joffrey . L collected 670 from pot
*** SUMMARY ***
Total pot 670 | No rake
Board: [Tc 8h 3d 6h Th]
Seat 2: Joffrey . L (big blind) showed [6s Ad] and won 670 with Two pairs : Tens and 6
Seat 3: robinho69150 (button) showed [4h 4c] and lost with Two pairs : Tens and 4


Winamax Poker - Tournament "Expresso Nitro" buyIn: 0.93€ + 0.07€ level: 1 - HandId: #4670901557171060737-2-1774889934 - Holdem no limit (10/20) - 2026/03/30 16:58:54 UTC
Table: 'Expresso Nitro(1087529016)#0' 3-max (real money) Seat #2 is the button
Seat 1: MathisKcr (230)
Seat 2: Joffrey . L (670)
*** ANTE/BLINDS ***
Joffrey . L posts small blind 10
MathisKcr posts big blind 20
Dealt to MathisKcr [3h 6s]
*** PRE-FLOP *** 
Joffrey . L raises 650 to 670 and is all-in
MathisKcr folds
Joffrey . L collected 690 from pot
*** SUMMARY ***
Total pot 690 | No rake
Seat 2: Joffrey . L (small blind) (button) won 690


Winamax Poker - Tournament "Expresso Nitro" buyIn: 0.93€ + 0.07€ level: 1 - HandId: #4670901557171060737-3-1774889945 - Holdem no limit (10/20) - 2026/03/30 16:59:05 UTC
Table: 'Expresso Nitro(1087529016)#0' 3-max (real money) Seat #1 is the button
Seat 1: MathisKcr (210)
Seat 2: Joffrey . L (690)
*** ANTE/BLINDS ***
MathisKcr posts small blind 10
Joffrey . L posts big blind 20
Dealt to MathisKcr [Kh 2h]
*** PRE-FLOP *** 
MathisKcr raises 190 to 210 and is all-in
Joffrey . L folds
MathisKcr collected 230 from pot
*** SUMMARY ***
Total pot 230 | No rake
Seat 1: MathisKcr (small blind) (button) won 230


Winamax Poker - Tournament "Expresso Nitro" buyIn: 0.93€ + 0.07€ level: 1 - HandId: #4670901557171060737-4-1774889952 - Holdem no limit (10/20) - 2026/03/30 16:59:12 UTC
Table: 'Expresso Nitro(1087529016)#0' 3-max (real money) Seat #2 is the button
Seat 1: MathisKcr (230)
Seat 2: Joffrey . L (670)
*** ANTE/BLINDS ***
Joffrey . L posts small blind 10
MathisKcr posts big blind 20
Dealt to MathisKcr [Qs 7s]
*** PRE-FLOP *** 
Joffrey . L raises 650 to 670 and is all-in
MathisKcr folds
Joffrey . L collected 690 from pot
*** SUMMARY ***
Total pot 690 | No rake
Seat 2: Joffrey . L (small blind) (button) won 690


Winamax Poker - Tournament "Expresso Nitro" buyIn: 0.93€ + 0.07€ level: 2 - HandId: #4670901557171060737-5-1774889969 - Holdem no limit (15/30) - 2026/03/30 16:59:29 UTC
Table: 'Expresso Nitro(1087529016)#0' 3-max (real money) Seat #1 is the button
Seat 1: MathisKcr (210)
Seat 2: Joffrey . L (690)
*** ANTE/BLINDS ***
MathisKcr posts small blind 15
Joffrey . L posts big blind 30
Dealt to MathisKcr [3d Qs]
*** PRE-FLOP *** 
MathisKcr raises 180 to 210 and is all-in
Joffrey . L folds
MathisKcr collected 240 from pot
*** SUMMARY ***
Total pot 240 | No rake
Seat 1: MathisKcr (small blind) (button) won 240


Winamax Poker - Tournament "Expresso Nitro" buyIn: 0.93€ + 0.07€ level: 2 - HandId: #4670901557171060737-6-1774889976 - Holdem no limit (15/30) - 2026/03/30 16:59:36 UTC
Table: 'Expresso Nitro(1087529016)#0' 3-max (real money) Seat #2 is the button
Seat 1: MathisKcr (240)
Seat 2: Joffrey . L (660)
*** ANTE/BLINDS ***
Joffrey . L posts small blind 15
MathisKcr posts big blind 30
Dealt to MathisKcr [Qh Th]
*** PRE-FLOP *** 
Joffrey . L raises 630 to 660 and is all-in
MathisKcr calls 210 and is all-in
*** FLOP *** [4h Qc 9s]
*** TURN *** [4h Qc 9s][9c]
*** RIVER *** [4h Qc 9s 9c][8s]
*** SHOW DOWN ***
MathisKcr shows [Qh Th] (Two pairs : Queens and 9)
Joffrey . L shows [Js Kc] (One pair : 9)
Joffrey . L collected 420 from side pot 1
MathisKcr collected 480 from main pot
*** SUMMARY ***
Total pot 900 | No rake
Board: [4h Qc 9s 9c 8s]
Seat 1: MathisKcr (big blind) showed [Qh Th] and won 480 with Two pairs : Queens and 9
Seat 2: Joffrey . L (small blind) (button) showed [Js Kc] and won 420 with One pair : 9


Winamax Poker - Tournament "Expresso Nitro" buyIn: 0.93€ + 0.07€ level: 2 - HandId: #4670901557171060737-7-1774889990 - Holdem no limit (15/30) - 2026/03/30 16:59:50 UTC
Table: 'Expresso Nitro(1087529016)#0' 3-max (real money) Seat #1 is the button
Seat 1: MathisKcr (480)
Seat 2: Joffrey . L (420)
*** ANTE/BLINDS ***
MathisKcr posts small blind 15
Joffrey . L posts big blind 30
Dealt to MathisKcr [As Td]
*** PRE-FLOP *** 
MathisKcr raises 450 to 480 and is all-in
Joffrey . L folds
MathisKcr collected 510 from pot
*** SUMMARY ***
Total pot 510 | No rake
Seat 1: MathisKcr (small blind) (button) won 510


Winamax Poker - Tournament "Expresso Nitro" buyIn: 0.93€ + 0.07€ level: 2 - HandId: #4670901557171060737-8-1774889997 - Holdem no limit (15/30) - 2026/03/30 16:59:57 UTC
Table: 'Expresso Nitro(1087529016)#0' 3-max (real money) Seat #2 is the button
Seat 1: MathisKcr (510)
Seat 2: Joffrey . L (390)
*** ANTE/BLINDS ***
Joffrey . L posts small blind 15
MathisKcr posts big blind 30
Dealt to MathisKcr [Ac Jh]
*** PRE-FLOP *** 
Joffrey . L raises 360 to 390 and is all-in
MathisKcr calls 360
*** FLOP *** [6h 9s 3h]
*** TURN *** [6h 9s 3h][3d]
*** RIVER *** [6h 9s 3h 3d][4s]
*** SHOW DOWN ***
MathisKcr shows [Ac Jh] (One pair : 3)
Joffrey . L shows [Ad 3c] (Trips of 3)
Joffrey . L collected 780 from pot
*** SUMMARY ***
Total pot 780 | No rake
Board: [6h 9s 3h 3d 4s]
Seat 1: MathisKcr (big blind) showed [Ac Jh] and lost with One pair : 3
Seat 2: Joffrey . L (small blind) (button) showed [Ad 3c] and won 780 with Trips of 3


Winamax Poker - Tournament "Expresso Nitro" buyIn: 0.93€ + 0.07€ level: 2 - HandId: #4670901557171060737-9-1774890015 - Holdem no limit (15/30) - 2026/03/30 17:00:15 UTC
Table: 'Expresso Nitro(1087529016)#0' 3-max (real money) Seat #1 is the button
Seat 1: MathisKcr (120)
Seat 2: Joffrey . L (780)
*** ANTE/BLINDS ***
MathisKcr posts small blind 15
Joffrey . L posts big blind 30
Dealt to MathisKcr [9s Qs]
*** PRE-FLOP *** 
MathisKcr raises 90 to 120 and is all-in
Joffrey . L calls 90
*** FLOP *** [Kd 4d Qd]
*** TURN *** [Kd 4d Qd][Ac]
*** RIVER *** [Kd 4d Qd Ac][6c]
*** SHOW DOWN ***
MathisKcr shows [9s Qs] (One pair : Queens)
Joffrey . L shows [Kc 9c] (One pair : Kings)
Joffrey . L collected 240 from pot
*** SUMMARY ***
Total pot 240 | No rake
Board: [Kd 4d Qd Ac 6c]
Seat 1: MathisKcr (small blind) (button) showed [9s Qs] and lost with One pair : Queens
Seat 2: Joffrey . L (big blind) showed [Kc 9c] and won 240 with One pair : Kings


