Winamax Poker - Tournament "Expresso Nitro" buyIn: 0.93€ + 0.07€ level: 1 - HandId: #4612835570719129601-1-1772832100 - Holdem no limit (10/20) - 2026/03/06 21:21:40 UTC
Table: 'Expresso Nitro(1074009475)#0' 3-max (real money) Seat #1 is the button
Seat 1: MathisKcr (300)
Seat 2: David76430 (300)
Seat 3: bruno_bbck (300)
*** ANTE/BLINDS ***
David76430 posts small blind 10
bruno_bbck posts big blind 20
Dealt to MathisKcr [3c 4c]
*** PRE-FLOP *** 
MathisKcr folds
David76430 folds
bruno_bbck collected 30 from pot
*** SUMMARY ***
Total pot 30 | No rake
Seat 3: bruno_bbck (big blind) won 30


Winamax Poker - Tournament "Expresso Nitro" buyIn: 0.93€ + 0.07€ level: 1 - HandId: #4612835570719129601-2-1772832107 - Holdem no limit (10/20) - 2026/03/06 21:21:47 UTC
Table: 'Expresso Nitro(1074009475)#0' 3-max (real money) Seat #2 is the button
Seat 1: MathisKcr (300)
Seat 2: David76430 (290)
Seat 3: bruno_bbck (310)
*** ANTE/BLINDS ***
bruno_bbck posts small blind 10
MathisKcr posts big blind 20
Dealt to MathisKcr [8h 6s]
*** PRE-FLOP *** 
David76430 calls 20
bruno_bbck raises 40 to 60
MathisKcr folds
David76430 calls 40
*** FLOP *** [Ks 2s 7h]
bruno_bbck bets 49
David76430 calls 49
*** TURN *** [Ks 2s 7h][Tc]
bruno_bbck checks
David76430 bets 20
bruno_bbck calls 20
*** RIVER *** [Ks 2s 7h Tc][2h]
bruno_bbck checks
David76430 bets 161 and is all-in
bruno_bbck calls 161
*** SHOW DOWN ***
bruno_bbck shows [Qd Qc] (Two pairs : Queens and 2)
David76430 shows [Kc Th] (Two pairs : Kings and Tens)
David76430 collected 600 from pot
*** SUMMARY ***
Total pot 600 | No rake
Board: [Ks 2s 7h Tc 2h]
Seat 2: David76430 (button) showed [Kc Th] and won 600 with Two pairs : Kings and Tens
Seat 3: bruno_bbck (small blind) showed [Qd Qc] and lost with Two pairs : Queens and 2


Winamax Poker - Tournament "Expresso Nitro" buyIn: 0.93€ + 0.07€ level: 1 - HandId: #4612835570719129601-3-1772832143 - Holdem no limit (10/20) - 2026/03/06 21:22:23 UTC
Table: 'Expresso Nitro(1074009475)#0' 3-max (real money) Seat #3 is the button
Seat 1: MathisKcr (280)
Seat 2: David76430 (600)
Seat 3: bruno_bbck (20)
*** ANTE/BLINDS ***
MathisKcr posts small blind 10
David76430 posts big blind 20
Dealt to MathisKcr [9s 6c]
*** PRE-FLOP *** 
bruno_bbck calls 20 and is all-in
MathisKcr calls 10
David76430 checks
*** FLOP *** [2h Qs 3h]
MathisKcr checks
David76430 bets 60
MathisKcr folds
*** TURN *** [2h Qs 3h][Kd]
*** RIVER *** [2h Qs 3h Kd][Ah]
*** SHOW DOWN ***
bruno_bbck shows [5s Tc] (High card : Ace)
David76430 shows [Kh 2d] (Two pairs : Kings and 2)
David76430 collected 120 from pot
*** SUMMARY ***
Total pot 120 | No rake
Board: [2h Qs 3h Kd Ah]
Seat 2: David76430 (big blind) showed [Kh 2d] and won 120 with Two pairs : Kings and 2
Seat 3: bruno_bbck (button) showed [5s Tc] and lost with High card : Ace


Winamax Poker - Tournament "Expresso Nitro" buyIn: 0.93€ + 0.07€ level: 2 - HandId: #4612835570719129601-4-1772832161 - Holdem no limit (15/30) - 2026/03/06 21:22:41 UTC
Table: 'Expresso Nitro(1074009475)#0' 3-max (real money) Seat #2 is the button
Seat 1: MathisKcr (260)
Seat 2: David76430 (640)
*** ANTE/BLINDS ***
David76430 posts small blind 15
MathisKcr posts big blind 30
Dealt to MathisKcr [4d 8h]
*** PRE-FLOP *** 
David76430 calls 15
MathisKcr checks
*** FLOP *** [8c Ad 6d]
MathisKcr bets 48
David76430 folds
MathisKcr collected 108 from pot
*** SUMMARY ***
Total pot 108 | No rake
Board: [8c Ad 6d]
Seat 1: MathisKcr (big blind) won 108


Winamax Poker - Tournament "Expresso Nitro" buyIn: 0.93€ + 0.07€ level: 2 - HandId: #4612835570719129601-5-1772832175 - Holdem no limit (15/30) - 2026/03/06 21:22:55 UTC
Table: 'Expresso Nitro(1074009475)#0' 3-max (real money) Seat #1 is the button
Seat 1: MathisKcr (290)
Seat 2: David76430 (610)
*** ANTE/BLINDS ***
MathisKcr posts small blind 15
David76430 posts big blind 30
Dealt to MathisKcr [Kc 7d]
*** PRE-FLOP *** 
MathisKcr raises 260 to 290 and is all-in
David76430 folds
MathisKcr collected 320 from pot
*** SUMMARY ***
Total pot 320 | No rake
Seat 1: MathisKcr (small blind) (button) won 320


Winamax Poker - Tournament "Expresso Nitro" buyIn: 0.93€ + 0.07€ level: 2 - HandId: #4612835570719129601-6-1772832185 - Holdem no limit (15/30) - 2026/03/06 21:23:05 UTC
Table: 'Expresso Nitro(1074009475)#0' 3-max (real money) Seat #2 is the button
Seat 1: MathisKcr (320)
Seat 2: David76430 (580)
*** ANTE/BLINDS ***
David76430 posts small blind 15
MathisKcr posts big blind 30
Dealt to MathisKcr [4h Kh]
*** PRE-FLOP *** 
David76430 calls 15
MathisKcr raises 290 to 320 and is all-in
David76430 calls 290
*** FLOP *** [Ac 4c Tc]
*** TURN *** [Ac 4c Tc][6s]
*** RIVER *** [Ac 4c Tc 6s][3d]
*** SHOW DOWN ***
David76430 shows [4d 5s] (One pair : 4)
MathisKcr shows [4h Kh] (One pair : 4)
MathisKcr collected 640 from pot
*** SUMMARY ***
Total pot 640 | No rake
Board: [Ac 4c Tc 6s 3d]
Seat 1: MathisKcr (big blind) showed [4h Kh] and won 640 with One pair : 4
Seat 2: David76430 (small blind) (button) showed [4d 5s] and lost with One pair : 4


Winamax Poker - Tournament "Expresso Nitro" buyIn: 0.93€ + 0.07€ level: 2 - HandId: #4612835570719129601-7-1772832201 - Holdem no limit (15/30) - 2026/03/06 21:23:21 UTC
Table: 'Expresso Nitro(1074009475)#0' 3-max (real money) Seat #1 is the button
Seat 1: MathisKcr (640)
Seat 2: David76430 (260)
*** ANTE/BLINDS ***
MathisKcr posts small blind 15
David76430 posts big blind 30
Dealt to MathisKcr [6c 2h]
*** PRE-FLOP *** 
MathisKcr calls 15
David76430 checks
*** FLOP *** [Kd 8s 9s]
David76430 checks
MathisKcr bets 39
David76430 folds
MathisKcr collected 99 from pot
*** SUMMARY ***
Total pot 99 | No rake
Board: [Kd 8s 9s]
Seat 1: MathisKcr (small blind) (button) won 99


Winamax Poker - Tournament "Expresso Nitro" buyIn: 0.93€ + 0.07€ level: 2 - HandId: #4612835570719129601-8-1772832213 - Holdem no limit (15/30) - 2026/03/06 21:23:33 UTC
Table: 'Expresso Nitro(1074009475)#0' 3-max (real money) Seat #2 is the button
Seat 1: MathisKcr (670)
Seat 2: David76430 (230)
*** ANTE/BLINDS ***
David76430 posts small blind 15
MathisKcr posts big blind 30
Dealt to MathisKcr [8h 5s]
*** PRE-FLOP *** 
David76430 folds
MathisKcr collected 45 from pot
*** SUMMARY ***
Total pot 45 | No rake
Seat 1: MathisKcr (big blind) won 45


Winamax Poker - Tournament "Expresso Nitro" buyIn: 0.93€ + 0.07€ level: 3 - HandId: #4612835570719129601-9-1772832220 - Holdem no limit (20/40) - 2026/03/06 21:23:40 UTC
Table: 'Expresso Nitro(1074009475)#0' 3-max (real money) Seat #1 is the button
Seat 1: MathisKcr (685)
Seat 2: David76430 (215)
*** ANTE/BLINDS ***
MathisKcr posts small blind 20
David76430 posts big blind 40
Dealt to MathisKcr [Kd Jh]
*** PRE-FLOP *** 
MathisKcr raises 645 to 685 and is all-in
David76430 folds
MathisKcr collected 725 from pot
*** SUMMARY ***
Total pot 725 | No rake
Seat 1: MathisKcr (small blind) (button) won 725


Winamax Poker - Tournament "Expresso Nitro" buyIn: 0.93€ + 0.07€ level: 3 - HandId: #4612835570719129601-10-1772832228 - Holdem no limit (20/40) - 2026/03/06 21:23:48 UTC
Table: 'Expresso Nitro(1074009475)#0' 3-max (real money) Seat #2 is the button
Seat 1: MathisKcr (725)
Seat 2: David76430 (175)
*** ANTE/BLINDS ***
David76430 posts small blind 20
MathisKcr posts big blind 40
Dealt to MathisKcr [Ks 2h]
*** PRE-FLOP *** 
David76430 raises 135 to 175 and is all-in
MathisKcr folds
David76430 collected 215 from pot
*** SUMMARY ***
Total pot 215 | No rake
Seat 2: David76430 (small blind) (button) won 215


Winamax Poker - Tournament "Expresso Nitro" buyIn: 0.93€ + 0.07€ level: 3 - HandId: #4612835570719129601-11-1772832235 - Holdem no limit (20/40) - 2026/03/06 21:23:55 UTC
Table: 'Expresso Nitro(1074009475)#0' 3-max (real money) Seat #1 is the button
Seat 1: MathisKcr (685)
Seat 2: David76430 (215)
*** ANTE/BLINDS ***
MathisKcr posts small blind 20
David76430 posts big blind 40
Dealt to MathisKcr [8h Tc]
*** PRE-FLOP *** 
MathisKcr calls 20
David76430 raises 175 to 215 and is all-in
MathisKcr folds
David76430 collected 255 from pot
*** SUMMARY ***
Total pot 255 | No rake
Seat 2: David76430 (big blind) won 255


Winamax Poker - Tournament "Expresso Nitro" buyIn: 0.93€ + 0.07€ level: 3 - HandId: #4612835570719129601-12-1772832244 - Holdem no limit (20/40) - 2026/03/06 21:24:04 UTC
Table: 'Expresso Nitro(1074009475)#0' 3-max (real money) Seat #2 is the button
Seat 1: MathisKcr (645)
Seat 2: David76430 (255)
*** ANTE/BLINDS ***
David76430 posts small blind 20
MathisKcr posts big blind 40
Dealt to MathisKcr [3h 8s]
*** PRE-FLOP *** 
David76430 raises 215 to 255 and is all-in
MathisKcr folds
David76430 collected 295 from pot
*** SUMMARY ***
Total pot 295 | No rake
Seat 2: David76430 (small blind) (button) won 295


Winamax Poker - Tournament "Expresso Nitro" buyIn: 0.93€ + 0.07€ level: 3 - HandId: #4612835570719129601-13-1772832250 - Holdem no limit (20/40) - 2026/03/06 21:24:10 UTC
Table: 'Expresso Nitro(1074009475)#0' 3-max (real money) Seat #1 is the button
Seat 1: MathisKcr (605)
Seat 2: David76430 (295)
*** ANTE/BLINDS ***
MathisKcr posts small blind 20
David76430 posts big blind 40
Dealt to MathisKcr [Jc Jh]
*** PRE-FLOP *** 
MathisKcr raises 565 to 605 and is all-in
David76430 calls 255 and is all-in
*** FLOP *** [Td 3d 8h]
*** TURN *** [Td 3d 8h][Ks]
*** RIVER *** [Td 3d 8h Ks][2d]
*** SHOW DOWN ***
MathisKcr shows [Jc Jh] (One pair : Jacks)
David76430 shows [8d Jd] (Flush Jack high)
David76430 collected 590 from main pot
MathisKcr collected 310 from side pot 1
*** SUMMARY ***
Total pot 900 | No rake
Board: [Td 3d 8h Ks 2d]
Seat 1: MathisKcr (small blind) (button) showed [Jc Jh] and won 310 with One pair : Jacks
Seat 2: David76430 (big blind) showed [8d Jd] and won 590 with Flush Jack high


Winamax Poker - Tournament "Expresso Nitro" buyIn: 0.93€ + 0.07€ level: 3 - HandId: #4612835570719129601-14-1772832265 - Holdem no limit (20/40) - 2026/03/06 21:24:25 UTC
Table: 'Expresso Nitro(1074009475)#0' 3-max (real money) Seat #2 is the button
Seat 1: MathisKcr (310)
Seat 2: David76430 (590)
*** ANTE/BLINDS ***
David76430 posts small blind 20
MathisKcr posts big blind 40
Dealt to MathisKcr [8d Qd]
*** PRE-FLOP *** 
David76430 calls 20
MathisKcr raises 270 to 310 and is all-in
David76430 folds
MathisKcr collected 350 from pot
*** SUMMARY ***
Total pot 350 | No rake
Seat 1: MathisKcr (big blind) won 350


Winamax Poker - Tournament "Expresso Nitro" buyIn: 0.93€ + 0.07€ level: 3 - HandId: #4612835570719129601-15-1772832276 - Holdem no limit (20/40) - 2026/03/06 21:24:36 UTC
Table: 'Expresso Nitro(1074009475)#0' 3-max (real money) Seat #1 is the button
Seat 1: MathisKcr (350)
Seat 2: David76430 (550)
*** ANTE/BLINDS ***
MathisKcr posts small blind 20
David76430 posts big blind 40
Dealt to MathisKcr [Jc 2h]
*** PRE-FLOP *** 
MathisKcr calls 20
David76430 checks
*** FLOP *** [4d 5s 6c]
David76430 bets 40
MathisKcr calls 40
*** TURN *** [4d 5s 6c][Jd]
David76430 bets 470 and is all-in
MathisKcr calls 270 and is all-in
*** RIVER *** [4d 5s 6c Jd][9s]
*** SHOW DOWN ***
MathisKcr shows [Jc 2h] (One pair : Jacks)
David76430 shows [Qh 6d] (One pair : 6)
David76430 collected 200 from side pot 1
MathisKcr collected 700 from main pot
*** SUMMARY ***
Total pot 900 | No rake
Board: [4d 5s 6c Jd 9s]
Seat 1: MathisKcr (small blind) (button) showed [Jc 2h] and won 700 with One pair : Jacks
Seat 2: David76430 (big blind) showed [Qh 6d] and won 200 with One pair : 6


Winamax Poker - Tournament "Expresso Nitro" buyIn: 0.93€ + 0.07€ level: 4 - HandId: #4612835570719129601-16-1772832291 - Holdem no limit (30/60) - 2026/03/06 21:24:51 UTC
Table: 'Expresso Nitro(1074009475)#0' 3-max (real money) Seat #2 is the button
Seat 1: MathisKcr (700)
Seat 2: David76430 (200)
*** ANTE/BLINDS ***
David76430 posts small blind 30
MathisKcr posts big blind 60
Dealt to MathisKcr [9h 4h]
*** PRE-FLOP *** 
David76430 raises 140 to 200 and is all-in
MathisKcr folds
David76430 collected 260 from pot
*** SUMMARY ***
Total pot 260 | No rake
Seat 2: David76430 (small blind) (button) won 260


Winamax Poker - Tournament "Expresso Nitro" buyIn: 0.93€ + 0.07€ level: 4 - HandId: #4612835570719129601-17-1772832297 - Holdem no limit (30/60) - 2026/03/06 21:24:57 UTC
Table: 'Expresso Nitro(1074009475)#0' 3-max (real money) Seat #1 is the button
Seat 1: MathisKcr (640)
Seat 2: David76430 (260)
*** ANTE/BLINDS ***
MathisKcr posts small blind 30
David76430 posts big blind 60
Dealt to MathisKcr [3s 6c]
*** PRE-FLOP *** 
MathisKcr calls 30
David76430 raises 200 to 260 and is all-in
MathisKcr folds
David76430 collected 320 from pot
*** SUMMARY ***
Total pot 320 | No rake
Seat 2: David76430 (big blind) won 320


Winamax Poker - Tournament "Expresso Nitro" buyIn: 0.93€ + 0.07€ level: 4 - HandId: #4612835570719129601-18-1772832304 - Holdem no limit (30/60) - 2026/03/06 21:25:04 UTC
Table: 'Expresso Nitro(1074009475)#0' 3-max (real money) Seat #2 is the button
Seat 1: MathisKcr (580)
Seat 2: David76430 (320)
*** ANTE/BLINDS ***
David76430 posts small blind 30
MathisKcr posts big blind 60
Dealt to MathisKcr [3c 7c]
*** PRE-FLOP *** 
David76430 folds
MathisKcr collected 90 from pot
*** SUMMARY ***
Total pot 90 | No rake
Seat 1: MathisKcr (big blind) won 90


Winamax Poker - Tournament "Expresso Nitro" buyIn: 0.93€ + 0.07€ level: 4 - HandId: #4612835570719129601-19-1772832311 - Holdem no limit (30/60) - 2026/03/06 21:25:11 UTC
Table: 'Expresso Nitro(1074009475)#0' 3-max (real money) Seat #1 is the button
Seat 1: MathisKcr (610)
Seat 2: David76430 (290)
*** ANTE/BLINDS ***
MathisKcr posts small blind 30
David76430 posts big blind 60
Dealt to MathisKcr [Js 8c]
*** PRE-FLOP *** 
MathisKcr calls 30
David76430 raises 230 to 290 and is all-in
MathisKcr folds
David76430 collected 350 from pot
*** SUMMARY ***
Total pot 350 | No rake
Seat 2: David76430 (big blind) won 350


Winamax Poker - Tournament "Expresso Nitro" buyIn: 0.93€ + 0.07€ level: 4 - HandId: #4612835570719129601-20-1772832319 - Holdem no limit (30/60) - 2026/03/06 21:25:19 UTC
Table: 'Expresso Nitro(1074009475)#0' 3-max (real money) Seat #2 is the button
Seat 1: MathisKcr (550)
Seat 2: David76430 (350)
*** ANTE/BLINDS ***
David76430 posts small blind 30
MathisKcr posts big blind 60
Dealt to MathisKcr [7h 7c]
*** PRE-FLOP *** 
David76430 raises 290 to 350 and is all-in
MathisKcr calls 290
*** FLOP *** [Jh 7s 2c]
*** TURN *** [Jh 7s 2c][2h]
*** RIVER *** [Jh 7s 2c 2h][8s]
*** SHOW DOWN ***
David76430 shows [Qd 9d] (One pair : 2)
MathisKcr shows [7h 7c] (Full of 7 and 2)
MathisKcr collected 700 from pot
*** SUMMARY ***
Total pot 700 | No rake
Board: [Jh 7s 2c 2h 8s]
Seat 1: MathisKcr (big blind) showed [7h 7c] and won 700 with Full of 7 and 2
Seat 2: David76430 (small blind) (button) showed [Qd 9d] and lost with One pair : 2


