Winamax Poker - Tournament "Expresso Nitro" buyIn: 0.93€ + 0.07€ level: 1 - HandId: #4672336497154719745-1-1774946468 - Holdem no limit (10/20) - 2026/03/31 08:41:08 UTC
Table: 'Expresso Nitro(1087863114)#0' 3-max (real money) Seat #1 is the button
Seat 1: MathisKcr (300)
Seat 2: El mencho33 (300)
Seat 3: grospathe (300)
*** ANTE/BLINDS ***
El mencho33 posts small blind 10
grospathe posts big blind 20
Dealt to MathisKcr [5d 9c]
*** PRE-FLOP *** 
MathisKcr folds
El mencho33 calls 10
grospathe raises 20 to 40
El mencho33 calls 20
*** FLOP *** [4s 9h 5c]
El mencho33 bets 52
grospathe folds
El mencho33 collected 132 from pot
*** SUMMARY ***
Total pot 132 | No rake
Board: [4s 9h 5c]
Seat 2: El mencho33 (small blind) won 132


Winamax Poker - Tournament "Expresso Nitro" buyIn: 0.93€ + 0.07€ level: 1 - HandId: #4672336497154719745-2-1774946490 - Holdem no limit (10/20) - 2026/03/31 08:41:30 UTC
Table: 'Expresso Nitro(1087863114)#0' 3-max (real money) Seat #2 is the button
Seat 1: MathisKcr (300)
Seat 2: El mencho33 (340)
Seat 3: grospathe (260)
*** ANTE/BLINDS ***
grospathe posts small blind 10
MathisKcr posts big blind 20
Dealt to MathisKcr [Jd 5s]
*** PRE-FLOP *** 
El mencho33 folds
grospathe folds
MathisKcr collected 30 from pot
*** SUMMARY ***
Total pot 30 | No rake
Seat 1: MathisKcr (big blind) won 30


Winamax Poker - Tournament "Expresso Nitro" buyIn: 0.93€ + 0.07€ level: 1 - HandId: #4672336497154719745-3-1774946496 - Holdem no limit (10/20) - 2026/03/31 08:41:36 UTC
Table: 'Expresso Nitro(1087863114)#0' 3-max (real money) Seat #3 is the button
Seat 1: MathisKcr (310)
Seat 2: El mencho33 (340)
Seat 3: grospathe (250)
*** ANTE/BLINDS ***
MathisKcr posts small blind 10
El mencho33 posts big blind 20
Dealt to MathisKcr [Qh Kd]
*** PRE-FLOP *** 
grospathe raises 20 to 40
MathisKcr raises 270 to 310 and is all-in
El mencho33 folds
grospathe folds
MathisKcr collected 370 from pot
*** SUMMARY ***
Total pot 370 | No rake
Seat 1: MathisKcr (small blind) won 370


Winamax Poker - Tournament "Expresso Nitro" buyIn: 0.93€ + 0.07€ level: 1 - HandId: #4672336497154719745-4-1774946509 - Holdem no limit (10/20) - 2026/03/31 08:41:49 UTC
Table: 'Expresso Nitro(1087863114)#0' 3-max (real money) Seat #1 is the button
Seat 1: MathisKcr (370)
Seat 2: El mencho33 (320)
Seat 3: grospathe (210)
*** ANTE/BLINDS ***
El mencho33 posts small blind 10
grospathe posts big blind 20
Dealt to MathisKcr [3c Th]
*** PRE-FLOP *** 
MathisKcr folds
El mencho33 folds
grospathe collected 30 from pot
*** SUMMARY ***
Total pot 30 | No rake
Seat 3: grospathe (big blind) won 30


Winamax Poker - Tournament "Expresso Nitro" buyIn: 0.93€ + 0.07€ level: 1 - HandId: #4672336497154719745-5-1774946514 - Holdem no limit (10/20) - 2026/03/31 08:41:54 UTC
Table: 'Expresso Nitro(1087863114)#0' 3-max (real money) Seat #2 is the button
Seat 1: MathisKcr (370)
Seat 2: El mencho33 (310)
Seat 3: grospathe (220)
*** ANTE/BLINDS ***
grospathe posts small blind 10
MathisKcr posts big blind 20
Dealt to MathisKcr [3h 4d]
*** PRE-FLOP *** 
El mencho33 calls 20
grospathe raises 20 to 40
MathisKcr folds
El mencho33 calls 20
*** FLOP *** [6s 7h Th]
grospathe bets 180 and is all-in
El mencho33 calls 180
*** TURN *** [6s 7h Th][Kh]
*** RIVER *** [6s 7h Th Kh][Ah]
*** SHOW DOWN ***
El mencho33 shows [9s Js] (High card : Ace)
grospathe shows [Qh 4h] (Flush Ace high)
grospathe collected 460 from pot
*** SUMMARY ***
Total pot 460 | No rake
Board: [6s 7h Th Kh Ah]
Seat 2: El mencho33 (button) showed [9s Js] and lost with High card : Ace
Seat 3: grospathe (small blind) showed [Qh 4h] and won 460 with Flush Ace high


Winamax Poker - Tournament "Expresso Nitro" buyIn: 0.93€ + 0.07€ level: 2 - HandId: #4672336497154719745-6-1774946536 - Holdem no limit (15/30) - 2026/03/31 08:42:16 UTC
Table: 'Expresso Nitro(1087863114)#0' 3-max (real money) Seat #3 is the button
Seat 1: MathisKcr (350)
Seat 2: El mencho33 (90)
Seat 3: grospathe (460)
*** ANTE/BLINDS ***
MathisKcr posts small blind 15
El mencho33 posts big blind 30
Dealt to MathisKcr [Ad 4d]
*** PRE-FLOP *** 
grospathe folds
MathisKcr raises 320 to 350 and is all-in
El mencho33 calls 60 and is all-in
*** FLOP *** [8s Kh 9s]
*** TURN *** [8s Kh 9s][Qc]
*** RIVER *** [8s Kh 9s Qc][4s]
*** SHOW DOWN ***
El mencho33 shows [2s Th] (High card : King)
MathisKcr shows [Ad 4d] (One pair : 4)
MathisKcr collected 440 from pot
*** SUMMARY ***
Total pot 440 | No rake
Board: [8s Kh 9s Qc 4s]
Seat 1: MathisKcr (small blind) showed [Ad 4d] and won 440 with One pair : 4
Seat 2: El mencho33 (big blind) showed [2s Th] and lost with High card : King


Winamax Poker - Tournament "Expresso Nitro" buyIn: 0.93€ + 0.07€ level: 2 - HandId: #4672336497154719745-7-1774946550 - Holdem no limit (15/30) - 2026/03/31 08:42:30 UTC
Table: 'Expresso Nitro(1087863114)#0' 3-max (real money) Seat #3 is the button
Seat 1: MathisKcr (440)
Seat 3: grospathe (460)
*** ANTE/BLINDS ***
grospathe posts small blind 15
MathisKcr posts big blind 30
Dealt to MathisKcr [9c Ah]
*** PRE-FLOP *** 
grospathe raises 430 to 460 and is all-in
MathisKcr calls 410 and is all-in
*** FLOP *** [Js Kd Qc]
*** TURN *** [Js Kd Qc][Ac]
*** RIVER *** [Js Kd Qc Ac][Ks]
*** SHOW DOWN ***
MathisKcr shows [9c Ah] (Two pairs : Aces and Kings)
grospathe shows [Jc 3d] (Two pairs : Kings and Jacks)
grospathe collected 20 from side pot 1
MathisKcr collected 880 from main pot
*** SUMMARY ***
Total pot 900 | No rake
Board: [Js Kd Qc Ac Ks]
Seat 1: MathisKcr (big blind) showed [9c Ah] and won 880 with Two pairs : Aces and Kings
Seat 3: grospathe (small blind) (button) showed [Jc 3d] and won 20 with Two pairs : Kings and Jacks


Winamax Poker - Tournament "Expresso Nitro" buyIn: 0.93€ + 0.07€ level: 2 - HandId: #4672336497154719745-8-1774946561 - Holdem no limit (15/30) - 2026/03/31 08:42:41 UTC
Table: 'Expresso Nitro(1087863114)#0' 3-max (real money) Seat #1 is the button
Seat 1: MathisKcr (880)
Seat 3: grospathe (20)
*** ANTE/BLINDS ***
MathisKcr posts small blind 15
grospathe posts big blind 20 and is all-in
Dealt to MathisKcr [3d 4c]
*** PRE-FLOP *** 
MathisKcr calls 15
*** FLOP *** [4d 8d Kh]
*** TURN *** [4d 8d Kh][2d]
*** RIVER *** [4d 8d Kh 2d][Ts]
*** SHOW DOWN ***
MathisKcr shows [3d 4c] (One pair : 4)
grospathe shows [8h Jh] (One pair : 8)
grospathe collected 40 from main pot
MathisKcr collected 10 from side pot 1
*** SUMMARY ***
Total pot 50 | No rake
Board: [4d 8d Kh 2d Ts]
Seat 1: MathisKcr (small blind) (button) showed [3d 4c] and won 10 with One pair : 4
Seat 3: grospathe (big blind) showed [8h Jh] and won 40 with One pair : 8


Winamax Poker - Tournament "Expresso Nitro" buyIn: 0.93€ + 0.07€ level: 2 - HandId: #4672336497154719745-9-1774946571 - Holdem no limit (15/30) - 2026/03/31 08:42:51 UTC
Table: 'Expresso Nitro(1087863114)#0' 3-max (real money) Seat #3 is the button
Seat 1: MathisKcr (860)
Seat 3: grospathe (40)
*** ANTE/BLINDS ***
grospathe posts small blind 15
MathisKcr posts big blind 30
Dealt to MathisKcr [Ks Ah]
*** PRE-FLOP *** 
grospathe raises 10 to 40 and is all-in
MathisKcr calls 10
*** FLOP *** [8d 6d 6s]
*** TURN *** [8d 6d 6s][Js]
*** RIVER *** [8d 6d 6s Js][2d]
*** SHOW DOWN ***
grospathe shows [7d 3c] (One pair : 6)
MathisKcr shows [Ks Ah] (One pair : 6)
MathisKcr collected 80 from pot
*** SUMMARY ***
Total pot 80 | No rake
Board: [8d 6d 6s Js 2d]
Seat 1: MathisKcr (big blind) showed [Ks Ah] and won 80 with One pair : 6
Seat 3: grospathe (small blind) (button) showed [7d 3c] and lost with One pair : 6


