Winamax Poker - Tournament "ROTATION" buyIn: 1.80€ + 0.20€ level: 1 - HandId: #4635928372919140361-1-1776168910 - Holdem no limit (25/100/200) - 2026/04/14 12:15:10 UTC
Table: 'ROTATION(1079386187)#008' 6-max (real money) Seat #5 is the button
Seat 1: THE GUARDIAN (20000, 1€ bounty)
Seat 2: SHOOT2KILL (20000, 1€ bounty)
Seat 3: Moon_Shiner (20000, 1€ bounty)
Seat 4: Bender.GTO (20000, 1€ bounty)
Seat 5: NG_leador (20000, 1€ bounty)
Seat 6: MathisKcr (20000, 1€ bounty)
*** ANTE/BLINDS ***
MathisKcr posts ante 25
THE GUARDIAN posts ante 25
SHOOT2KILL posts ante 25
Moon_Shiner posts ante 25
Bender.GTO posts ante 25
NG_leador posts ante 25
MathisKcr posts small blind 100
THE GUARDIAN posts big blind 200
Dealt to MathisKcr [As 5d]
*** PRE-FLOP *** 
SHOOT2KILL raises 200 to 400
Moon_Shiner folds
Bender.GTO folds
NG_leador folds
MathisKcr calls 300
THE GUARDIAN calls 200
*** FLOP *** [3s 3h 8h]
MathisKcr checks
THE GUARDIAN bets 1080
SHOOT2KILL raises 1080 to 2160
MathisKcr folds
THE GUARDIAN raises 17415 to 19575 and is all-in
SHOOT2KILL folds
THE GUARDIAN collected 23085 from pot
*** SUMMARY ***
Total pot 23085 | No rake
Board: [3s 3h 8h]
Seat 1: THE GUARDIAN (big blind) won 23085


Winamax Poker - Tournament "ROTATION" buyIn: 1.80€ + 0.20€ level: 1 - HandId: #4635928372919140361-2-1776168970 - Holdem no limit (25/100/200) - 2026/04/14 12:16:10 UTC
Table: 'ROTATION(1079386187)#008' 6-max (real money) Seat #6 is the button
Seat 1: THE GUARDIAN (23085, 1€ bounty)
Seat 2: SHOOT2KILL (17415, 1€ bounty)
Seat 3: Moon_Shiner (19975, 1€ bounty)
Seat 4: Bender.GTO (19975, 1€ bounty)
Seat 5: NG_leador (19975, 1€ bounty)
Seat 6: MathisKcr (19575, 1€ bounty)
*** ANTE/BLINDS ***
THE GUARDIAN posts ante 25
SHOOT2KILL posts ante 25
Moon_Shiner posts ante 25
Bender.GTO posts ante 25
NG_leador posts ante 25
MathisKcr posts ante 25
THE GUARDIAN posts small blind 100
SHOOT2KILL posts big blind 200
Dealt to MathisKcr [8d 5s]
*** PRE-FLOP *** 
Moon_Shiner folds
Bender.GTO folds
NG_leador folds
MathisKcr folds
THE GUARDIAN folds
SHOOT2KILL collected 450 from pot
*** SUMMARY ***
Total pot 450 | No rake
Seat 2: SHOOT2KILL (big blind) won 450


Winamax Poker - Tournament "ROTATION" buyIn: 1.80€ + 0.20€ level: 1 - HandId: #4635928372919140361-3-1776168983 - Holdem no limit (25/100/200) - 2026/04/14 12:16:23 UTC
Table: 'ROTATION(1079386187)#008' 6-max (real money) Seat #1 is the button
Seat 1: THE GUARDIAN (22960, 1€ bounty)
Seat 2: SHOOT2KILL (17640, 1€ bounty)
Seat 3: Moon_Shiner (19950, 1€ bounty)
Seat 4: Bender.GTO (19950, 1€ bounty)
Seat 5: NG_leador (19950, 1€ bounty)
Seat 6: MathisKcr (19550, 1€ bounty)
*** ANTE/BLINDS ***
SHOOT2KILL posts ante 25
Moon_Shiner posts ante 25
THE GUARDIAN posts ante 25
Bender.GTO posts ante 25
NG_leador posts ante 25
MathisKcr posts ante 25
SHOOT2KILL posts small blind 100
Moon_Shiner posts big blind 200
Dealt to MathisKcr [8h 3h]
*** PRE-FLOP *** 
Bender.GTO raises 200 to 400
NG_leador calls 400
MathisKcr folds
THE GUARDIAN folds
SHOOT2KILL calls 300
Moon_Shiner calls 200
*** FLOP *** [7h 6s 5c]
SHOOT2KILL bets 875
Moon_Shiner folds
Bender.GTO folds
NG_leador calls 875
*** TURN *** [7h 6s 5c][8s]
SHOOT2KILL bets 1750
NG_leador calls 1750
*** RIVER *** [7h 6s 5c 8s][5d]
SHOOT2KILL checks
NG_leador checks
*** SHOW DOWN ***
SHOOT2KILL shows [8c Qc] (Two pairs : 8 and 5)
NG_leador shows [2h 4h] (Straight 8 high)
NG_leador collected 7000 from pot
*** SUMMARY ***
Total pot 7000 | No rake
Board: [7h 6s 5c 8s 5d]
Seat 2: SHOOT2KILL (small blind) showed [8c Qc] and lost with Two pairs : 8 and 5
Seat 5: NG_leador showed [2h 4h] and won 7000 with Straight 8 high


Winamax Poker - Tournament "ROTATION" buyIn: 1.80€ + 0.20€ level: 1 - HandId: #4635928372919140361-4-1776169032 - Holdem no limit (25/100/200) - 2026/04/14 12:17:12 UTC
Table: 'ROTATION(1079386187)#008' 6-max (real money) Seat #2 is the button
Seat 1: THE GUARDIAN (22935, 1€ bounty)
Seat 2: SHOOT2KILL (14590, 1€ bounty)
Seat 3: Moon_Shiner (19525, 1€ bounty)
Seat 4: Bender.GTO (19525, 1€ bounty)
Seat 5: NG_leador (23900, 1€ bounty)
Seat 6: MathisKcr (19525, 1€ bounty)
*** ANTE/BLINDS ***
Moon_Shiner posts ante 25
Bender.GTO posts ante 25
THE GUARDIAN posts ante 25
SHOOT2KILL posts ante 25
NG_leador posts ante 25
MathisKcr posts ante 25
Moon_Shiner posts small blind 100
Bender.GTO posts big blind 200
Dealt to MathisKcr [9s Ah]
*** PRE-FLOP *** 
NG_leador calls 200
MathisKcr raises 200 to 400
THE GUARDIAN calls 400
SHOOT2KILL calls 400
Moon_Shiner folds
Bender.GTO calls 200
NG_leador calls 200
*** FLOP *** [5h Ad Jd]
Bender.GTO checks
NG_leador checks
MathisKcr checks
THE GUARDIAN bets 1800
SHOOT2KILL folds
Bender.GTO calls 1800
NG_leador folds
MathisKcr raises 17300 to 19100 and is all-in
THE GUARDIAN raises 3410 to 22510 and is all-in
Bender.GTO folds
*** TURN *** [5h Ad Jd][4c]
*** RIVER *** [5h Ad Jd 4c][6h]
*** SHOW DOWN ***
THE GUARDIAN shows [Td 4d] (One pair : 4)
MathisKcr shows [9s Ah] (One pair : Aces)
MathisKcr collected 42250 from main pot
THE GUARDIAN collected 3410 from side pot 1
*** SUMMARY ***
Total pot 45660 | No rake
Board: [5h Ad Jd 4c 6h]
Seat 1: THE GUARDIAN showed [Td 4d] and won 3410 with One pair : 4
Seat 6: MathisKcr showed [9s Ah] and won 42250 with One pair : Aces


Winamax Poker - Tournament "ROTATION" buyIn: 1.80€ + 0.20€ level: 1 - HandId: #4635928372919140374-3-1776169192 - Holdem no limit (25/100/200) - 2026/04/14 12:19:52 UTC
Table: 'ROTATION(1079386187)#021' 6-max (real money) Seat #1 is the button
Seat 1: Lejoce (21800, 1€ bounty)
Seat 2: messi83470 (37475, 1€ bounty)
Seat 4: tylermorton6 (20225, 1€ bounty)
Seat 5: MathisKcr (42250, 1€ bounty)
Seat 6: ChAAlutier63 (21426, 1€ bounty)
*** ANTE/BLINDS ***
messi83470 posts ante 25
tylermorton6 posts ante 25
Lejoce posts ante 25
MathisKcr posts ante 25
ChAAlutier63 posts ante 25
messi83470 posts small blind 100
tylermorton6 posts big blind 200
Dealt to MathisKcr [Qh Ad]
*** PRE-FLOP *** 
MathisKcr raises 200 to 400
ChAAlutier63 folds
Lejoce calls 400
messi83470 calls 300
tylermorton6 folds
*** FLOP *** [As Ac 3h]
messi83470 checks
MathisKcr checks
Lejoce checks
*** TURN *** [As Ac 3h][6d]
messi83470 checks
MathisKcr bets 534
Lejoce calls 534
messi83470 folds
*** RIVER *** [As Ac 3h 6d][9c]
MathisKcr bets 1685
Lejoce raises 3115 to 4800
MathisKcr calls 3115
*** SHOW DOWN ***
Lejoce shows [Ah 7h] (Trips of Aces)
MathisKcr shows [Qh Ad] (Trips of Aces)
MathisKcr collected 12193 from pot
*** SUMMARY ***
Total pot 12193 | No rake
Board: [As Ac 3h 6d 9c]
Seat 1: Lejoce (button) showed [Ah 7h] and lost with Trips of Aces
Seat 5: MathisKcr showed [Qh Ad] and won 12193 with Trips of Aces


Winamax Poker - Tournament "ROTATION" buyIn: 1.80€ + 0.20€ level: 1 - HandId: #4635928372919140374-4-1776169277 - Holdem no limit (25/100/200) - 2026/04/14 12:21:17 UTC
Table: 'ROTATION(1079386187)#021' 6-max (real money) Seat #2 is the button
Seat 1: Lejoce (16041, 1€ bounty)
Seat 2: messi83470 (37050, 1€ bounty)
Seat 3: kanih00 (20000, 1€ bounty)
Seat 4: tylermorton6 (20000, 1€ bounty)
Seat 5: MathisKcr (48684, 1€ bounty)
Seat 6: ChAAlutier63 (21401, 1€ bounty)
*** ANTE/BLINDS ***
tylermorton6 posts ante 25
MathisKcr posts ante 25
Lejoce posts ante 25
messi83470 posts ante 25
ChAAlutier63 posts ante 25
tylermorton6 posts small blind 100
MathisKcr posts big blind 200
Dealt to MathisKcr [Jc 9c]
*** PRE-FLOP *** 
ChAAlutier63 folds
Lejoce raises 200 to 400
messi83470 raises 800 to 1200
tylermorton6 folds
MathisKcr folds
Lejoce folds
messi83470 collected 2025 from pot
*** SUMMARY ***
Total pot 2025 | No rake
Seat 2: messi83470 (button) won 2025


Winamax Poker - Tournament "ROTATION" buyIn: 1.80€ + 0.20€ level: 1 - HandId: #4635928372919140374-5-1776169299 - Holdem no limit (25/100/200) - 2026/04/14 12:21:39 UTC
Table: 'ROTATION(1079386187)#021' 6-max (real money) Seat #4 is the button
Seat 1: Lejoce (15616, 1€ bounty)
Seat 2: messi83470 (37850, 1€ bounty)
Seat 3: kanih00 (20000, 1€ bounty)
Seat 4: tylermorton6 (19875, 1€ bounty)
Seat 5: MathisKcr (48459, 1€ bounty)
Seat 6: ChAAlutier63 (21376, 1€ bounty)
*** ANTE/BLINDS ***
MathisKcr posts ante 25
ChAAlutier63 posts ante 25
Lejoce posts ante 25
messi83470 posts ante 25
kanih00 posts ante 25
tylermorton6 posts ante 25
MathisKcr posts small blind 100
ChAAlutier63 posts big blind 200
Dealt to MathisKcr [7d 8d]
*** PRE-FLOP *** 
Lejoce folds
messi83470 calls 200
kanih00 folds
tylermorton6 folds
MathisKcr raises 200 to 400
ChAAlutier63 folds
messi83470 calls 200
*** FLOP *** [Jc 5c 7c]
MathisKcr bets 403
messi83470 calls 403
*** TURN *** [Jc 5c 7c][Kc]
MathisKcr bets 1271
messi83470 calls 1271
*** RIVER *** [Jc 5c 7c Kc][5s]
MathisKcr checks
messi83470 checks
*** SHOW DOWN ***
MathisKcr shows [7d 8d] (Two pairs : 7 and 5)
messi83470 shows [7s Ah] (Two pairs : 7 and 5)
messi83470 collected 4498 from pot
*** SUMMARY ***
Total pot 4498 | No rake
Board: [Jc 5c 7c Kc 5s]
Seat 2: messi83470 showed [7s Ah] and won 4498 with Two pairs : 7 and 5
Seat 5: MathisKcr (small blind) showed [7d 8d] and lost with Two pairs : 7 and 5


Winamax Poker - Tournament "ROTATION" buyIn: 1.80€ + 0.20€ level: 1 - HandId: #4635928372919140374-6-1776169350 - Holdem no limit (25/100/200) - 2026/04/14 12:22:30 UTC
Table: 'ROTATION(1079386187)#021' 6-max (real money) Seat #5 is the button
Seat 1: Lejoce (15591, 1€ bounty)
Seat 2: messi83470 (40249, 1€ bounty)
Seat 3: kanih00 (19975, 1€ bounty)
Seat 4: tylermorton6 (19850, 1€ bounty)
Seat 5: MathisKcr (46360, 1€ bounty)
Seat 6: ChAAlutier63 (21151, 1€ bounty)
*** ANTE/BLINDS ***
ChAAlutier63 posts ante 25
Lejoce posts ante 25
messi83470 posts ante 25
kanih00 posts ante 25
tylermorton6 posts ante 25
MathisKcr posts ante 25
ChAAlutier63 posts small blind 100
Lejoce posts big blind 200
Dealt to MathisKcr [As 7h]
*** PRE-FLOP *** 
messi83470 calls 200
kanih00 folds
tylermorton6 folds
MathisKcr raises 200 to 400
ChAAlutier63 folds
Lejoce calls 200
messi83470 calls 200
*** FLOP *** [Kd Jd Qd]
Lejoce checks
messi83470 checks
MathisKcr checks
*** TURN *** [Kd Jd Qd][Ah]
Lejoce checks
messi83470 checks
MathisKcr bets 508
Lejoce folds
messi83470 folds
MathisKcr collected 1958 from pot
*** SUMMARY ***
Total pot 1958 | No rake
Board: [Kd Jd Qd Ah]
Seat 5: MathisKcr (button) won 1958


Winamax Poker - Tournament "ROTATION" buyIn: 1.80€ + 0.20€ level: 1 - HandId: #4635928372919140374-7-1776169418 - Holdem no limit (25/100/200) - 2026/04/14 12:23:38 UTC
Table: 'ROTATION(1079386187)#021' 6-max (real money) Seat #6 is the button
Seat 1: Lejoce (15166, 1€ bounty)
Seat 2: messi83470 (39824, 1€ bounty)
Seat 3: kanih00 (19950, 1€ bounty)
Seat 4: tylermorton6 (19825, 1€ bounty)
Seat 5: MathisKcr (47385, 1€ bounty)
Seat 6: ChAAlutier63 (21026, 1€ bounty)
*** ANTE/BLINDS ***
Lejoce posts ante 25
messi83470 posts ante 25
kanih00 posts ante 25
tylermorton6 posts ante 25
MathisKcr posts ante 25
ChAAlutier63 posts ante 25
Lejoce posts small blind 100
messi83470 posts big blind 200
Dealt to MathisKcr [Qc 5d]
*** PRE-FLOP *** 
kanih00 folds
tylermorton6 folds
MathisKcr folds
ChAAlutier63 raises 250 to 450
Lejoce calls 350
messi83470 calls 250
*** FLOP *** [2c 4h 7c]
Lejoce checks
messi83470 checks
ChAAlutier63 checks
*** TURN *** [2c 4h 7c][9h]
Lejoce checks
messi83470 checks
ChAAlutier63 checks
*** RIVER *** [2c 4h 7c 9h][7d]
Lejoce checks
messi83470 checks
ChAAlutier63 checks
*** SHOW DOWN ***
messi83470 shows [Qh Jc] (One pair : 7)
ChAAlutier63 shows [Ks Js] (One pair : 7)
Lejoce shows [Ac 3c] (One pair : 7)
Lejoce collected 1500 from pot
*** SUMMARY ***
Total pot 1500 | No rake
Board: [2c 4h 7c 9h 7d]
Seat 1: Lejoce (small blind) showed [Ac 3c] and won 1500 with One pair : 7
Seat 2: messi83470 (big blind) showed [Qh Jc] and lost with One pair : 7
Seat 6: ChAAlutier63 (button) showed [Ks Js] and lost with One pair : 7


Winamax Poker - Tournament "ROTATION" buyIn: 1.80€ + 0.20€ level: 1 - HandId: #4635928372919140374-8-1776169459 - Holdem no limit (25/100/200) - 2026/04/14 12:24:19 UTC
Table: 'ROTATION(1079386187)#021' 6-max (real money) Seat #1 is the button
Seat 1: Lejoce (16191, 1€ bounty)
Seat 2: messi83470 (39349, 1€ bounty)
Seat 3: kanih00 (19925, 1€ bounty)
Seat 4: tylermorton6 (19800, 1€ bounty)
Seat 5: MathisKcr (47360, 1€ bounty)
Seat 6: ChAAlutier63 (20551, 1€ bounty)
*** ANTE/BLINDS ***
messi83470 posts ante 25
kanih00 posts ante 25
Lejoce posts ante 25
tylermorton6 posts ante 25
MathisKcr posts ante 25
ChAAlutier63 posts ante 25
messi83470 posts small blind 100
kanih00 posts big blind 200
Dealt to MathisKcr [7h 3c]
*** PRE-FLOP *** 
tylermorton6 raises 300 to 500
MathisKcr folds
ChAAlutier63 folds
Lejoce folds
messi83470 calls 400
kanih00 raises 900 to 1400
tylermorton6 folds
messi83470 calls 900
*** FLOP *** [9s Ah 6h]
messi83470 checks
kanih00 bets 600
messi83470 calls 600
*** TURN *** [9s Ah 6h][Qh]
messi83470 checks
kanih00 checks
*** RIVER *** [9s Ah 6h Qh][Jc]
messi83470 checks
kanih00 checks
*** SHOW DOWN ***
kanih00 shows [Ts Th] (One pair : Tens)
messi83470 shows [Ad 2h] (One pair : Aces)
messi83470 collected 4650 from pot
*** SUMMARY ***
Total pot 4650 | No rake
Board: [9s Ah 6h Qh Jc]
Seat 2: messi83470 (small blind) showed [Ad 2h] and won 4650 with One pair : Aces
Seat 3: kanih00 (big blind) showed [Ts Th] and lost with One pair : Tens


Winamax Poker - Tournament "ROTATION" buyIn: 1.80€ + 0.20€ level: 1 - HandId: #4635928372919140374-9-1776169529 - Holdem no limit (25/100/200) - 2026/04/14 12:25:29 UTC
Table: 'ROTATION(1079386187)#021' 6-max (real money) Seat #2 is the button
Seat 1: Lejoce (16166, 1€ bounty)
Seat 2: messi83470 (41974, 1€ bounty)
Seat 3: kanih00 (17900, 1€ bounty)
Seat 4: tylermorton6 (19275, 1€ bounty)
Seat 5: MathisKcr (47335, 1€ bounty)
Seat 6: ChAAlutier63 (20526, 1€ bounty)
*** ANTE/BLINDS ***
kanih00 posts ante 25
tylermorton6 posts ante 25
Lejoce posts ante 25
messi83470 posts ante 25
MathisKcr posts ante 25
ChAAlutier63 posts ante 25
kanih00 posts small blind 100
tylermorton6 posts big blind 200
Dealt to MathisKcr [4c 7h]
*** PRE-FLOP *** 
MathisKcr folds
ChAAlutier63 folds
Lejoce folds
messi83470 folds
kanih00 calls 100
tylermorton6 checks
*** FLOP *** [Jc 5c 6s]
kanih00 checks
tylermorton6 checks
*** TURN *** [Jc 5c 6s][3c]
kanih00 bets 200
tylermorton6 folds
kanih00 collected 750 from pot
*** SUMMARY ***
Total pot 750 | No rake
Board: [Jc 5c 6s 3c]
Seat 3: kanih00 (small blind) won 750


Winamax Poker - Tournament "ROTATION" buyIn: 1.80€ + 0.20€ level: 1 - HandId: #4635928372919140374-10-1776169581 - Holdem no limit (25/100/200) - 2026/04/14 12:26:21 UTC
Table: 'ROTATION(1079386187)#021' 6-max (real money) Seat #3 is the button
Seat 1: Lejoce (16141, 1€ bounty)
Seat 2: messi83470 (41949, 1€ bounty)
Seat 3: kanih00 (18225, 1€ bounty)
Seat 4: tylermorton6 (19050, 1€ bounty)
Seat 5: MathisKcr (47310, 1€ bounty)
Seat 6: ChAAlutier63 (20501, 1€ bounty)
*** ANTE/BLINDS ***
tylermorton6 posts ante 25
MathisKcr posts ante 25
Lejoce posts ante 25
messi83470 posts ante 25
kanih00 posts ante 25
ChAAlutier63 posts ante 25
tylermorton6 posts small blind 100
MathisKcr posts big blind 200
Dealt to MathisKcr [9d Kd]
*** PRE-FLOP *** 
ChAAlutier63 raises 300 to 500
Lejoce folds
messi83470 folds
kanih00 calls 500
tylermorton6 folds
MathisKcr calls 300
*** FLOP *** [Jc 4c 7s]
MathisKcr checks
ChAAlutier63 checks
kanih00 checks
*** TURN *** [Jc 4c 7s][4s]
MathisKcr checks
ChAAlutier63 checks
kanih00 checks
*** RIVER *** [Jc 4c 7s 4s][Qd]
MathisKcr checks
ChAAlutier63 bets 875
kanih00 folds
MathisKcr folds
ChAAlutier63 collected 2625 from pot
*** SUMMARY ***
Total pot 2625 | No rake
Board: [Jc 4c 7s 4s Qd]
Seat 6: ChAAlutier63 won 2625


Winamax Poker - Tournament "ROTATION" buyIn: 1.80€ + 0.20€ level: 1 - HandId: #4635928372919140374-11-1776169650 - Holdem no limit (25/100/200) - 2026/04/14 12:27:30 UTC
Table: 'ROTATION(1079386187)#021' 6-max (real money) Seat #4 is the button
Seat 1: Lejoce (16116, 1€ bounty)
Seat 2: messi83470 (41924, 1€ bounty)
Seat 3: kanih00 (17700, 1€ bounty)
Seat 4: tylermorton6 (18925, 1€ bounty)
Seat 5: MathisKcr (46785, 1€ bounty)
Seat 6: ChAAlutier63 (21726, 1€ bounty)
*** ANTE/BLINDS ***
MathisKcr posts ante 25
ChAAlutier63 posts ante 25
Lejoce posts ante 25
messi83470 posts ante 25
kanih00 posts ante 25
tylermorton6 posts ante 25
MathisKcr posts small blind 100
ChAAlutier63 posts big blind 200
Dealt to MathisKcr [Qc 2c]
*** PRE-FLOP *** 
Lejoce folds
messi83470 folds
kanih00 raises 400 to 600
tylermorton6 folds
MathisKcr folds
ChAAlutier63 folds
kanih00 collected 1050 from pot
*** SUMMARY ***
Total pot 1050 | No rake
Seat 3: kanih00 won 1050


Winamax Poker - Tournament "ROTATION" buyIn: 1.80€ + 0.20€ level: 1 - HandId: #4635928372919140374-12-1776169682 - Holdem no limit (25/100/200) - 2026/04/14 12:28:02 UTC
Table: 'ROTATION(1079386187)#021' 6-max (real money) Seat #5 is the button
Seat 1: Lejoce (16091, 1€ bounty)
Seat 2: messi83470 (41899, 1€ bounty)
Seat 3: kanih00 (18125, 1€ bounty)
Seat 4: tylermorton6 (18900, 1€ bounty)
Seat 5: MathisKcr (46660, 1€ bounty)
Seat 6: ChAAlutier63 (21501, 1€ bounty)
*** ANTE/BLINDS ***
ChAAlutier63 posts ante 25
Lejoce posts ante 25
messi83470 posts ante 25
kanih00 posts ante 25
tylermorton6 posts ante 25
MathisKcr posts ante 25
ChAAlutier63 posts small blind 100
Lejoce posts big blind 200
Dealt to MathisKcr [6d 4c]
*** PRE-FLOP *** 
messi83470 folds
kanih00 calls 200
tylermorton6 folds
MathisKcr folds
ChAAlutier63 folds
Lejoce checks
*** FLOP *** [Jh Kd 3h]
Lejoce checks
kanih00 bets 400
Lejoce calls 400
*** TURN *** [Jh Kd 3h][3d]
Lejoce checks
kanih00 bets 400
Lejoce calls 400
*** RIVER *** [Jh Kd 3h 3d][8c]
Lejoce bets 1800
kanih00 calls 1800
*** SHOW DOWN ***
kanih00 shows [Kc 9h] (Two pairs : Kings and 3)
Lejoce shows [3c 5c] (Trips of 3)
Lejoce collected 5850 from pot
*** SUMMARY ***
Total pot 5850 | No rake
Board: [Jh Kd 3h 3d 8c]
Seat 1: Lejoce (big blind) showed [3c 5c] and won 5850 with Trips of 3
Seat 3: kanih00 showed [Kc 9h] and lost with Two pairs : Kings and 3


Winamax Poker - Tournament "ROTATION" buyIn: 1.80€ + 0.20€ level: 1 - HandId: #4635928372919140374-13-1776169723 - Holdem no limit (25/100/200) - 2026/04/14 12:28:43 UTC
Table: 'ROTATION(1079386187)#021' 6-max (real money) Seat #6 is the button
Seat 1: Lejoce (19116, 1€ bounty)
Seat 2: messi83470 (41874, 1€ bounty)
Seat 4: tylermorton6 (18875, 1€ bounty)
Seat 5: MathisKcr (46635, 1€ bounty)
Seat 6: ChAAlutier63 (21376, 1€ bounty)
*** ANTE/BLINDS ***
Lejoce posts ante 25
messi83470 posts ante 25
tylermorton6 posts ante 25
MathisKcr posts ante 25
ChAAlutier63 posts ante 25
Lejoce posts small blind 100
messi83470 posts big blind 200
Dealt to MathisKcr [3c 7d]
*** PRE-FLOP *** 
tylermorton6 folds
MathisKcr folds
ChAAlutier63 folds
Lejoce raises 300 to 500
messi83470 calls 300
*** FLOP *** [9h 8d 4h]
Lejoce bets 394
messi83470 calls 394
*** TURN *** [9h 8d 4h][6s]
Lejoce bets 957
messi83470 calls 957
*** RIVER *** [9h 8d 4h 6s][Jc]
Lejoce checks
messi83470 checks
*** SHOW DOWN ***
messi83470 shows [2h Ts] (High card : Jack)
Lejoce shows [Td 8s] (One pair : 8)
Lejoce collected 3827 from pot
*** SUMMARY ***
Total pot 3827 | No rake
Board: [9h 8d 4h 6s Jc]
Seat 1: Lejoce (small blind) showed [Td 8s] and won 3827 with One pair : 8
Seat 2: messi83470 (big blind) showed [2h Ts] and lost with High card : Jack


Winamax Poker - Tournament "ROTATION" buyIn: 1.80€ + 0.20€ level: 1 - HandId: #4635928372919140374-14-1776169761 - Holdem no limit (25/100/200) - 2026/04/14 12:29:21 UTC
Table: 'ROTATION(1079386187)#021' 6-max (real money) Seat #1 is the button
Seat 1: Lejoce (21067, 1€ bounty)
Seat 2: messi83470 (39998, 1€ bounty)
Seat 4: tylermorton6 (18850, 1€ bounty)
Seat 5: MathisKcr (46610, 1€ bounty)
Seat 6: ChAAlutier63 (21351, 1€ bounty)
*** ANTE/BLINDS ***
messi83470 posts ante 25
tylermorton6 posts ante 25
Lejoce posts ante 25
MathisKcr posts ante 25
ChAAlutier63 posts ante 25
messi83470 posts small blind 100
tylermorton6 posts big blind 200
Dealt to MathisKcr [5d 7c]
*** PRE-FLOP *** 
MathisKcr folds
ChAAlutier63 folds
Lejoce raises 300 to 500
messi83470 calls 400
tylermorton6 calls 300
*** FLOP *** [9d As Ah]
messi83470 checks
tylermorton6 checks
Lejoce checks
*** TURN *** [9d As Ah][Ts]
messi83470 checks
tylermorton6 checks
Lejoce checks
*** RIVER *** [9d As Ah Ts][9c]
messi83470 checks
tylermorton6 bets 600
Lejoce calls 600
messi83470 folds
*** SHOW DOWN ***
tylermorton6 shows [8c 7h] (Two pairs : Aces and 9)
Lejoce shows [Ks Jd] (Two pairs : Aces and 9)
Lejoce collected 2825 from pot
*** SUMMARY ***
Total pot 2825 | No rake
Board: [9d As Ah Ts 9c]
Seat 1: Lejoce (button) showed [Ks Jd] and won 2825 with Two pairs : Aces and 9
Seat 4: tylermorton6 (big blind) showed [8c 7h] and lost with Two pairs : Aces and 9


Winamax Poker - Tournament "ROTATION" buyIn: 1.80€ + 0.20€ level: 1 - HandId: #4635928372919140374-15-1776169839 - Holdem no limit (25/100/200) - 2026/04/14 12:30:39 UTC
Table: 'ROTATION(1079386187)#021' 6-max (real money) Seat #2 is the button
Seat 1: Lejoce (22767, 1€ bounty)
Seat 2: messi83470 (39473, 1€ bounty)
Seat 3: PAPYSHOVE38 (20000, 1€ bounty)
Seat 4: tylermorton6 (17725, 1€ bounty)
Seat 5: MathisKcr (46585, 1€ bounty)
Seat 6: ChAAlutier63 (21326, 1€ bounty)
*** ANTE/BLINDS ***
tylermorton6 posts ante 25
MathisKcr posts ante 25
Lejoce posts ante 25
messi83470 posts ante 25
ChAAlutier63 posts ante 25
tylermorton6 posts small blind 100
MathisKcr posts big blind 200
Dealt to MathisKcr [6h Qs]
*** PRE-FLOP *** 
ChAAlutier63 folds
Lejoce folds
messi83470 folds
tylermorton6 calls 100
MathisKcr checks
*** FLOP *** [9s 9h Ah]
tylermorton6 checks
MathisKcr checks
*** TURN *** [9s 9h Ah][3c]
tylermorton6 checks
MathisKcr checks
*** RIVER *** [9s 9h Ah 3c][Tc]
tylermorton6 checks
MathisKcr checks
*** SHOW DOWN ***
tylermorton6 shows [5h 6c] (One pair : 9)
MathisKcr shows [6h Qs] (One pair : 9)
MathisKcr collected 525 from pot
*** SUMMARY ***
Total pot 525 | No rake
Board: [9s 9h Ah 3c Tc]
Seat 4: tylermorton6 (small blind) showed [5h 6c] and lost with One pair : 9
Seat 5: MathisKcr (big blind) showed [6h Qs] and won 525 with One pair : 9


Winamax Poker - Tournament "ROTATION" buyIn: 1.80€ + 0.20€ level: 1 - HandId: #4635928372919140374-16-1776169881 - Holdem no limit (25/100/200) - 2026/04/14 12:31:21 UTC
Table: 'ROTATION(1079386187)#021' 6-max (real money) Seat #4 is the button
Seat 1: Lejoce (22742, 1€ bounty)
Seat 2: messi83470 (39448, 1€ bounty)
Seat 3: PAPYSHOVE38 (20000, 1€ bounty)
Seat 4: tylermorton6 (17500, 1€ bounty)
Seat 5: MathisKcr (46885, 1€ bounty)
*** ANTE/BLINDS ***
MathisKcr posts ante 25
Lejoce posts ante 25
messi83470 posts ante 25
PAPYSHOVE38 posts ante 25
tylermorton6 posts ante 25
MathisKcr posts small blind 100
Lejoce posts big blind 200
Dealt to MathisKcr [Td 3s]
*** PRE-FLOP *** 
messi83470 calls 200
PAPYSHOVE38 folds
tylermorton6 folds
MathisKcr folds
Lejoce checks
*** FLOP *** [7d 4h Jh]
Lejoce checks
messi83470 bets 200
Lejoce calls 200
*** TURN *** [7d 4h Jh][Qh]
Lejoce checks
messi83470 checks
*** RIVER *** [7d 4h Jh Qh][Ts]
Lejoce checks
messi83470 checks
*** SHOW DOWN ***
Lejoce shows [9d 4s] (One pair : 4)
messi83470 shows [Ks 7s] (One pair : 7)
messi83470 collected 1025 from pot
*** SUMMARY ***
Total pot 1025 | No rake
Board: [7d 4h Jh Qh Ts]
Seat 1: Lejoce (big blind) showed [9d 4s] and lost with One pair : 4
Seat 2: messi83470 showed [Ks 7s] and won 1025 with One pair : 7


Winamax Poker - Tournament "ROTATION" buyIn: 1.80€ + 0.20€ level: 1 - HandId: #4635928372919140374-17-1776169934 - Holdem no limit (25/100/200) - 2026/04/14 12:32:14 UTC
Table: 'ROTATION(1079386187)#021' 6-max (real money) Seat #5 is the button
Seat 1: Lejoce (22317, 1€ bounty)
Seat 2: messi83470 (40048, 1€ bounty)
Seat 3: PAPYSHOVE38 (19975, 1€ bounty)
Seat 4: tylermorton6 (17475, 1€ bounty)
Seat 5: MathisKcr (46760, 1€ bounty)
*** ANTE/BLINDS ***
Lejoce posts ante 25
messi83470 posts ante 25
PAPYSHOVE38 posts ante 25
tylermorton6 posts ante 25
MathisKcr posts ante 25
Lejoce posts small blind 100
messi83470 posts big blind 200
Dealt to MathisKcr [5d 2d]
*** PRE-FLOP *** 
PAPYSHOVE38 raises 200 to 400
tylermorton6 folds
MathisKcr folds
Lejoce folds
messi83470 calls 200
*** FLOP *** [Td 6h As]
messi83470 checks
PAPYSHOVE38 bets 513
messi83470 calls 513
*** TURN *** [Td 6h As][6s]
messi83470 checks
PAPYSHOVE38 checks
*** RIVER *** [Td 6h As 6s][4h]
messi83470 checks
PAPYSHOVE38 checks
*** SHOW DOWN ***
messi83470 shows [7h Tc] (Two pairs : Tens and 6)
PAPYSHOVE38 shows [Ts Ks] (Two pairs : Tens and 6)
PAPYSHOVE38 collected 1026 from pot
messi83470 collected 1025 from pot
*** SUMMARY ***
Total pot 2051 | No rake
Board: [Td 6h As 6s 4h]
Seat 2: messi83470 (big blind) showed [7h Tc] and won 1025 with Two pairs : Tens and 6
Seat 3: PAPYSHOVE38 showed [Ts Ks] and won 1026 with Two pairs : Tens and 6


Winamax Poker - Tournament "ROTATION" buyIn: 1.80€ + 0.20€ level: 1 - HandId: #4635928372919140374-18-1776169970 - Holdem no limit (25/100/200) - 2026/04/14 12:32:50 UTC
Table: 'ROTATION(1079386187)#021' 6-max (real money) Seat #1 is the button
Seat 1: Lejoce (22192, 1€ bounty)
Seat 2: messi83470 (40135, 1€ bounty)
Seat 3: PAPYSHOVE38 (20063, 1€ bounty)
Seat 4: tylermorton6 (17450, 1€ bounty)
Seat 5: MathisKcr (46735, 1€ bounty)
Seat 6: aissa77160 (20000, 1€ bounty)
*** ANTE/BLINDS ***
messi83470 posts ante 25
PAPYSHOVE38 posts ante 25
Lejoce posts ante 25
tylermorton6 posts ante 25
MathisKcr posts ante 25
aissa77160 posts ante 25
messi83470 posts small blind 100
PAPYSHOVE38 posts big blind 200
Dealt to MathisKcr [Jd 8s]
*** PRE-FLOP *** 
tylermorton6 folds
MathisKcr folds
aissa77160 folds
Lejoce raises 300 to 500
messi83470 calls 400
PAPYSHOVE38 calls 300
*** FLOP *** [Kd 6s Th]
messi83470 checks
PAPYSHOVE38 checks
Lejoce bets 578
messi83470 raises 1622 to 2200
PAPYSHOVE38 folds
Lejoce calls 1622
*** TURN *** [Kd 6s Th][Ks]
messi83470 checks
Lejoce checks
*** RIVER *** [Kd 6s Th Ks][Qs]
messi83470 bets 6050
Lejoce calls 6050
*** SHOW DOWN ***
Lejoce shows [Qd Td] (Two pairs : Kings and Queens)
messi83470 shows [Kc 7c] (Trips of Kings)
messi83470 collected 18150 from pot
*** SUMMARY ***
Total pot 18150 | No rake
Board: [Kd 6s Th Ks Qs]
Seat 1: Lejoce (button) showed [Qd Td] and lost with Two pairs : Kings and Queens
Seat 2: messi83470 (small blind) showed [Kc 7c] and won 18150 with Trips of Kings


Winamax Poker - Tournament "ROTATION" buyIn: 1.80€ + 0.20€ level: 1 - HandId: #4635928372919140374-19-1776170014 - Holdem no limit (25/100/200) - 2026/04/14 12:33:34 UTC
Table: 'ROTATION(1079386187)#021' 6-max (real money) Seat #2 is the button
Seat 1: Lejoce (13417, 1€ bounty)
Seat 2: messi83470 (49510, 1€ bounty)
Seat 3: PAPYSHOVE38 (19538, 1€ bounty)
Seat 4: tylermorton6 (17425, 1€ bounty)
Seat 5: MathisKcr (46710, 1€ bounty)
Seat 6: aissa77160 (19975, 1€ bounty)
*** ANTE/BLINDS ***
PAPYSHOVE38 posts ante 25
tylermorton6 posts ante 25
Lejoce posts ante 25
messi83470 posts ante 25
MathisKcr posts ante 25
aissa77160 posts ante 25
PAPYSHOVE38 posts small blind 100
tylermorton6 posts big blind 200
Dealt to MathisKcr [Ks As]
*** PRE-FLOP *** 
MathisKcr raises 200 to 400
aissa77160 folds
Lejoce calls 400
messi83470 calls 400
PAPYSHOVE38 folds
tylermorton6 calls 200
*** FLOP *** [Jd Qc 7c]
tylermorton6 checks
MathisKcr bets 648
Lejoce folds
messi83470 raises 3146 to 3794
tylermorton6 raises 13206 to 17000 and is all-in
MathisKcr folds
messi83470 calls 13206
*** TURN *** [Jd Qc 7c][Qs]
*** RIVER *** [Jd Qc 7c Qs][7s]
*** SHOW DOWN ***
messi83470 shows [Tc 4c] (Two pairs : Queens and 7)
tylermorton6 shows [Ac 5c] (Two pairs : Queens and 7)
tylermorton6 collected 36498 from pot
*** SUMMARY ***
Total pot 36498 | No rake
Board: [Jd Qc 7c Qs 7s]
Seat 2: messi83470 (button) showed [Tc 4c] and lost with Two pairs : Queens and 7
Seat 4: tylermorton6 (big blind) showed [Ac 5c] and won 36498 with Two pairs : Queens and 7


Winamax Poker - Tournament "ROTATION" buyIn: 1.80€ + 0.20€ level: 1 - HandId: #4635928372919140374-20-1776170080 - Holdem no limit (25/100/200) - 2026/04/14 12:34:40 UTC
Table: 'ROTATION(1079386187)#021' 6-max (real money) Seat #3 is the button
Seat 1: Lejoce (12992, 1€ bounty)
Seat 2: messi83470 (32085, 1€ bounty)
Seat 3: PAPYSHOVE38 (19413, 1€ bounty)
Seat 4: tylermorton6 (36498, 1€ bounty)
Seat 5: MathisKcr (45637, 1€ bounty)
Seat 6: aissa77160 (19950, 1€ bounty)
*** ANTE/BLINDS ***
tylermorton6 posts ante 25
MathisKcr posts ante 25
Lejoce posts ante 25
messi83470 posts ante 25
PAPYSHOVE38 posts ante 25
aissa77160 posts ante 25
tylermorton6 posts small blind 100
MathisKcr posts big blind 200
Dealt to MathisKcr [7d 2d]
*** PRE-FLOP *** 
aissa77160 calls 200
Lejoce calls 200
messi83470 calls 200
PAPYSHOVE38 folds
tylermorton6 folds
MathisKcr checks
*** FLOP *** [6d 8c 9s]
MathisKcr checks
aissa77160 checks
Lejoce checks
messi83470 checks
*** TURN *** [6d 8c 9s][7s]
MathisKcr bets 368
aissa77160 calls 368
Lejoce folds
messi83470 calls 368
*** RIVER *** [6d 8c 9s 7s][Jc]
MathisKcr checks
aissa77160 bets 754
messi83470 calls 754
MathisKcr folds
*** SHOW DOWN ***
messi83470 shows [3s Js] (One pair : Jacks)
aissa77160 shows [5c 5h] (Straight 9 high)
aissa77160 collected 3662 from pot
*** SUMMARY ***
Total pot 3662 | No rake
Board: [6d 8c 9s 7s Jc]
Seat 2: messi83470 showed [3s Js] and lost with One pair : Jacks
Seat 6: aissa77160 showed [5c 5h] and won 3662 with Straight 9 high


Winamax Poker - Tournament "ROTATION" buyIn: 1.80€ + 0.20€ level: 1 - HandId: #4635928372919140374-21-1776170211 - Holdem no limit (25/100/200) - 2026/04/14 12:36:51 UTC
Table: 'ROTATION(1079386187)#021' 6-max (real money) Seat #4 is the button
Seat 1: Lejoce (12767, 1€ bounty)
Seat 2: messi83470 (30738, 1€ bounty)
Seat 3: PAPYSHOVE38 (19388, 1€ bounty)
Seat 4: tylermorton6 (36373, 1€ bounty)
Seat 5: MathisKcr (45044, 1€ bounty)
Seat 6: aissa77160 (22265, 1€ bounty)
*** ANTE/BLINDS ***
MathisKcr posts ante 25
aissa77160 posts ante 25
Lejoce posts ante 25
messi83470 posts ante 25
PAPYSHOVE38 posts ante 25
tylermorton6 posts ante 25
MathisKcr posts small blind 100
aissa77160 posts big blind 200
Dealt to MathisKcr [Th 6s]
*** PRE-FLOP *** 
Lejoce folds
messi83470 folds
PAPYSHOVE38 folds
tylermorton6 folds
MathisKcr folds
aissa77160 collected 450 from pot
*** SUMMARY ***
Total pot 450 | No rake
Seat 6: aissa77160 (big blind) won 450


Winamax Poker - Tournament "ROTATION" buyIn: 1.80€ + 0.20€ level: 1 - HandId: #4635928372919140374-22-1776170228 - Holdem no limit (25/100/200) - 2026/04/14 12:37:08 UTC
Table: 'ROTATION(1079386187)#021' 6-max (real money) Seat #5 is the button
Seat 1: Lejoce (12742, 1€ bounty)
Seat 2: messi83470 (30713, 1€ bounty)
Seat 3: PAPYSHOVE38 (19363, 1€ bounty)
Seat 4: tylermorton6 (36348, 1€ bounty)
Seat 5: MathisKcr (44919, 1€ bounty)
Seat 6: aissa77160 (22490, 1€ bounty)
*** ANTE/BLINDS ***
aissa77160 posts ante 25
Lejoce posts ante 25
messi83470 posts ante 25
PAPYSHOVE38 posts ante 25
tylermorton6 posts ante 25
MathisKcr posts ante 25
aissa77160 posts small blind 100
Lejoce posts big blind 200
Dealt to MathisKcr [Qd Ah]
*** PRE-FLOP *** 
messi83470 raises 30488 to 30688 and is all-in
PAPYSHOVE38 folds
tylermorton6 folds
MathisKcr folds
aissa77160 folds
Lejoce folds
messi83470 collected 31138 from pot
*** SUMMARY ***
Total pot 31138 | No rake
Seat 2: messi83470 won 31138


Winamax Poker - Tournament "ROTATION" buyIn: 1.80€ + 0.20€ level: 1 - HandId: #4635928372919140374-23-1776170259 - Holdem no limit (25/100/200) - 2026/04/14 12:37:39 UTC
Table: 'ROTATION(1079386187)#021' 6-max (real money) Seat #6 is the button
Seat 1: Lejoce (12517, 1€ bounty)
Seat 2: messi83470 (31138, 1€ bounty)
Seat 3: PAPYSHOVE38 (19338, 1€ bounty)
Seat 4: tylermorton6 (36323, 1€ bounty)
Seat 5: MathisKcr (44894, 1€ bounty)
Seat 6: aissa77160 (22365, 1€ bounty)
*** ANTE/BLINDS ***
Lejoce posts ante 25
messi83470 posts ante 25
PAPYSHOVE38 posts ante 25
tylermorton6 posts ante 25
MathisKcr posts ante 25
aissa77160 posts ante 25
Lejoce posts small blind 100
messi83470 posts big blind 200
Dealt to MathisKcr [Qs 9h]
*** PRE-FLOP *** 
PAPYSHOVE38 folds
tylermorton6 raises 300 to 500
MathisKcr calls 500
aissa77160 folds
Lejoce raises 1300 to 1800
messi83470 calls 1600
tylermorton6 raises 3600 to 5400
MathisKcr folds
Lejoce calls 3600
messi83470 calls 3600
*** FLOP *** [4d 9s Kd]
Lejoce checks
messi83470 bets 25713 and is all-in
tylermorton6 raises 5185 to 30898 and is all-in
Lejoce calls 7092 and is all-in
*** TURN *** [4d 9s Kd][4s]
*** RIVER *** [4d 9s Kd 4s][5c]
*** SHOW DOWN ***
Lejoce shows [9c Kh] (Two pairs : Kings and 9)
messi83470 shows [Qd 8d] (One pair : 4)
tylermorton6 shows [Ad As] (Two pairs : Aces and 4)
tylermorton6 collected 80553 from pot
*** SUMMARY ***
Total pot 80553 | No rake
Board: [4d 9s Kd 4s 5c]
Seat 1: Lejoce (small blind) showed [9c Kh] and lost with Two pairs : Kings and 9
Seat 2: messi83470 (big blind) showed [Qd 8d] and lost with One pair : 4
Seat 4: tylermorton6 showed [Ad As] and won 80553 with Two pairs : Aces and 4


Winamax Poker - Tournament "ROTATION" buyIn: 1.80€ + 0.20€ level: 1 - HandId: #4635928372919140374-24-1776170339 - Holdem no limit (25/100/200) - 2026/04/14 12:38:59 UTC
Table: 'ROTATION(1079386187)#021' 6-max (real money) Seat #1 is the button
Seat 3: PAPYSHOVE38 (19313, 1€ bounty)
Seat 4: tylermorton6 (80553, 2.50€ bounty)
Seat 5: MathisKcr (44369, 1€ bounty)
Seat 6: aissa77160 (22340, 1€ bounty)
*** ANTE/BLINDS ***
PAPYSHOVE38 posts ante 25
tylermorton6 posts ante 25
MathisKcr posts ante 25
aissa77160 posts ante 25
PAPYSHOVE38 posts big blind 200
Dealt to MathisKcr [Qs 4d]
*** PRE-FLOP *** 
tylermorton6 folds
MathisKcr folds
aissa77160 raises 300 to 500
PAPYSHOVE38 calls 300
*** FLOP *** [5s As Ad]
PAPYSHOVE38 checks
aissa77160 bets 715
PAPYSHOVE38 folds
aissa77160 collected 1815 from pot
*** SUMMARY ***
Total pot 1815 | No rake
Board: [5s As Ad]
Seat 6: aissa77160 won 1815


Winamax Poker - Tournament "ROTATION" buyIn: 1.80€ + 0.20€ level: 1 - HandId: #4635928372919140374-25-1776170379 - Holdem no limit (25/100/200) - 2026/04/14 12:39:39 UTC
Table: 'ROTATION(1079386187)#021' 6-max (real money) Seat #2 is the button
Seat 1: B L C 7 (20000, 1€ bounty)
Seat 2: THE GUARDIAN (58963, 1.20€ bounty)
Seat 3: PAPYSHOVE38 (18788, 1€ bounty)
Seat 4: tylermorton6 (80528, 2.50€ bounty)
Seat 5: MathisKcr (44344, 1€ bounty)
Seat 6: aissa77160 (22915, 1€ bounty)
*** ANTE/BLINDS ***
PAPYSHOVE38 posts ante 25
tylermorton6 posts ante 25
B L C 7 posts ante 25
MathisKcr posts ante 25
aissa77160 posts ante 25
PAPYSHOVE38 posts small blind 100
tylermorton6 posts big blind 200
Dealt to MathisKcr [8c Qs]
*** PRE-FLOP *** 
MathisKcr folds
aissa77160 folds
B L C 7 folds
PAPYSHOVE38 folds
tylermorton6 collected 425 from pot
*** SUMMARY ***
Total pot 425 | No rake
Seat 4: tylermorton6 (big blind) won 425


Winamax Poker - Tournament "ROTATION" buyIn: 1.80€ + 0.20€ level: 1 - HandId: #4635928372919140374-26-1776170390 - Holdem no limit (25/100/200) - 2026/04/14 12:39:50 UTC
Table: 'ROTATION(1079386187)#021' 6-max (real money) Seat #3 is the button
Seat 1: B L C 7 (19975, 1€ bounty)
Seat 2: THE GUARDIAN (58963, 1.20€ bounty)
Seat 3: PAPYSHOVE38 (18663, 1€ bounty)
Seat 4: tylermorton6 (80728, 2.50€ bounty)
Seat 5: MathisKcr (44319, 1€ bounty)
Seat 6: aissa77160 (22890, 1€ bounty)
*** ANTE/BLINDS ***
tylermorton6 posts ante 25
MathisKcr posts ante 25
B L C 7 posts ante 25
THE GUARDIAN posts ante 25
PAPYSHOVE38 posts ante 25
aissa77160 posts ante 25
tylermorton6 posts small blind 100
MathisKcr posts big blind 200
Dealt to MathisKcr [3h 4s]
*** PRE-FLOP *** 
aissa77160 folds
B L C 7 folds
THE GUARDIAN folds
PAPYSHOVE38 folds
tylermorton6 folds
MathisKcr collected 450 from pot
*** SUMMARY ***
Total pot 450 | No rake
Seat 5: MathisKcr (big blind) won 450


Winamax Poker - Tournament "ROTATION" buyIn: 1.80€ + 0.20€ level: 1 - HandId: #4635928372919140374-27-1776170398 - Holdem no limit (25/100/200) - 2026/04/14 12:39:58 UTC
Table: 'ROTATION(1079386187)#021' 6-max (real money) Seat #4 is the button
Seat 1: B L C 7 (19950, 1€ bounty)
Seat 2: THE GUARDIAN (58938, 1.20€ bounty)
Seat 3: PAPYSHOVE38 (18638, 1€ bounty)
Seat 4: tylermorton6 (80603, 2.50€ bounty)
Seat 5: MathisKcr (44544, 1€ bounty)
Seat 6: aissa77160 (22865, 1€ bounty)
*** ANTE/BLINDS ***
MathisKcr posts ante 25
aissa77160 posts ante 25
B L C 7 posts ante 25
THE GUARDIAN posts ante 25
PAPYSHOVE38 posts ante 25
tylermorton6 posts ante 25
MathisKcr posts small blind 100
aissa77160 posts big blind 200
Dealt to MathisKcr [Ad 5s]
*** PRE-FLOP *** 
B L C 7 folds
THE GUARDIAN folds
PAPYSHOVE38 calls 200
tylermorton6 calls 200
MathisKcr raises 200 to 400
aissa77160 calls 200
PAPYSHOVE38 calls 200
tylermorton6 calls 200
*** FLOP *** [9c Td Tc]
MathisKcr checks
aissa77160 checks
PAPYSHOVE38 bets 875
tylermorton6 calls 875
MathisKcr folds
aissa77160 folds
*** TURN *** [9c Td Tc][Ts]
PAPYSHOVE38 bets 875
tylermorton6 calls 875
*** RIVER *** [9c Td Tc Ts][9d]
PAPYSHOVE38 bets 1313
tylermorton6 raises 2887 to 4200
PAPYSHOVE38 calls 2887
*** SHOW DOWN ***
PAPYSHOVE38 shows [9h 7h] (Full of Tens and 9)
tylermorton6 shows [Qh Th] (Quads of Tens)
tylermorton6 collected 13650 from pot
*** SUMMARY ***
Total pot 13650 | No rake
Board: [9c Td Tc Ts 9d]
Seat 3: PAPYSHOVE38 showed [9h 7h] and lost with Full of Tens and 9
Seat 4: tylermorton6 (button) showed [Qh Th] and won 13650 with Quads of Tens


Winamax Poker - Tournament "ROTATION" buyIn: 1.80€ + 0.20€ level: 1 - HandId: #4635928372919140374-28-1776170504 - Holdem no limit (25/100/200) - 2026/04/14 12:41:44 UTC
Table: 'ROTATION(1079386187)#021' 6-max (real money) Seat #5 is the button
Seat 1: B L C 7 (19925, 1€ bounty)
Seat 2: THE GUARDIAN (58913, 1.20€ bounty)
Seat 3: PAPYSHOVE38 (12263, 1€ bounty)
Seat 4: tylermorton6 (87878, 2.50€ bounty)
Seat 5: MathisKcr (44119, 1€ bounty)
Seat 6: aissa77160 (22440, 1€ bounty)
*** ANTE/BLINDS ***
aissa77160 posts ante 25
B L C 7 posts ante 25
THE GUARDIAN posts ante 25
PAPYSHOVE38 posts ante 25
tylermorton6 posts ante 25
MathisKcr posts ante 25
aissa77160 posts small blind 100
B L C 7 posts big blind 200
Dealt to MathisKcr [5h Ac]
*** PRE-FLOP *** 
THE GUARDIAN raises 200 to 400
PAPYSHOVE38 folds
tylermorton6 folds
MathisKcr calls 400
aissa77160 calls 300
B L C 7 calls 200
*** FLOP *** [Qh 3c Js]
aissa77160 checks
B L C 7 checks
THE GUARDIAN checks
MathisKcr bets 613
aissa77160 calls 613
B L C 7 folds
THE GUARDIAN calls 613
*** TURN *** [Qh 3c Js][Tc]
aissa77160 checks
THE GUARDIAN bets 3589
MathisKcr folds
aissa77160 folds
THE GUARDIAN collected 7178 from pot
*** SUMMARY ***
Total pot 7178 | No rake
Board: [Qh 3c Js Tc]
Seat 2: THE GUARDIAN won 7178


Winamax Poker - Tournament "ROTATION" buyIn: 1.80€ + 0.20€ level: 1 - HandId: #4635928372919140374-29-1776170620 - Holdem no limit (25/100/200) - 2026/04/14 12:43:40 UTC
Table: 'ROTATION(1079386187)#021' 6-max (real money) Seat #6 is the button
Seat 1: B L C 7 (19500, 1€ bounty)
Seat 2: THE GUARDIAN (61464, 1.20€ bounty)
Seat 3: PAPYSHOVE38 (12238, 1€ bounty)
Seat 4: tylermorton6 (87853, 2.50€ bounty)
Seat 5: MathisKcr (43081, 1€ bounty)
Seat 6: aissa77160 (21402, 1€ bounty)
*** ANTE/BLINDS ***
B L C 7 posts ante 25
THE GUARDIAN posts ante 25
PAPYSHOVE38 posts ante 25
tylermorton6 posts ante 25
MathisKcr posts ante 25
aissa77160 posts ante 25
B L C 7 posts small blind 100
THE GUARDIAN posts big blind 200
Dealt to MathisKcr [7d 2d]
*** PRE-FLOP *** 
PAPYSHOVE38 folds
tylermorton6 folds
MathisKcr folds
aissa77160 folds
B L C 7 calls 100
THE GUARDIAN raises 550 to 750
B L C 7 calls 550
*** FLOP *** [9h 4h 5h]
B L C 7 checks
THE GUARDIAN bets 1320
B L C 7 folds
THE GUARDIAN collected 2970 from pot
*** SUMMARY ***
Total pot 2970 | No rake
Board: [9h 4h 5h]
Seat 2: THE GUARDIAN (big blind) won 2970


Winamax Poker - Tournament "ROTATION" buyIn: 1.80€ + 0.20€ level: 1 - HandId: #4635928372919140374-30-1776170683 - Holdem no limit (25/100/200) - 2026/04/14 12:44:43 UTC
Table: 'ROTATION(1079386187)#021' 6-max (real money) Seat #1 is the button
Seat 1: B L C 7 (18725, 1€ bounty)
Seat 2: THE GUARDIAN (62339, 1.20€ bounty)
Seat 3: PAPYSHOVE38 (12213, 1€ bounty)
Seat 4: tylermorton6 (87828, 2.50€ bounty)
Seat 5: MathisKcr (43056, 1€ bounty)
Seat 6: aissa77160 (21377, 1€ bounty)
*** ANTE/BLINDS ***
THE GUARDIAN posts ante 25
PAPYSHOVE38 posts ante 25
B L C 7 posts ante 25
tylermorton6 posts ante 25
MathisKcr posts ante 25
aissa77160 posts ante 25
THE GUARDIAN posts small blind 100
PAPYSHOVE38 posts big blind 200
Dealt to MathisKcr [7c Ks]
*** PRE-FLOP *** 
tylermorton6 folds
MathisKcr raises 200 to 400
aissa77160 calls 400
B L C 7 folds
THE GUARDIAN calls 300
PAPYSHOVE38 calls 200
*** FLOP *** [8s Tc 4s]
THE GUARDIAN bets 613
PAPYSHOVE38 folds
MathisKcr folds
aissa77160 raises 20339 to 20952 and is all-in
THE GUARDIAN folds
aissa77160 collected 23315 from pot
*** SUMMARY ***
Total pot 23315 | No rake
Board: [8s Tc 4s]
Seat 6: aissa77160 won 23315


Winamax Poker - Tournament "ROTATION" buyIn: 1.80€ + 0.20€ level: 2 - HandId: #4635928372919140374-31-1776170769 - Holdem no limit (30/125/250) - 2026/04/14 12:46:09 UTC
Table: 'ROTATION(1079386187)#021' 6-max (real money) Seat #2 is the button
Seat 1: B L C 7 (18700, 1€ bounty)
Seat 2: THE GUARDIAN (61301, 1.20€ bounty)
Seat 3: PAPYSHOVE38 (11788, 1€ bounty)
Seat 4: tylermorton6 (87803, 2.50€ bounty)
Seat 5: MathisKcr (42631, 1€ bounty)
Seat 6: aissa77160 (23315, 1€ bounty)
*** ANTE/BLINDS ***
PAPYSHOVE38 posts ante 30
tylermorton6 posts ante 30
B L C 7 posts ante 30
THE GUARDIAN posts ante 30
MathisKcr posts ante 30
aissa77160 posts ante 30
PAPYSHOVE38 posts small blind 125
tylermorton6 posts big blind 250
Dealt to MathisKcr [2h Tc]
*** PRE-FLOP *** 
MathisKcr folds
aissa77160 folds
B L C 7 folds
THE GUARDIAN raises 250 to 500
PAPYSHOVE38 calls 375
tylermorton6 folds
*** FLOP *** [Td Ad Kc]
PAPYSHOVE38 checks
THE GUARDIAN bets 715
PAPYSHOVE38 folds
THE GUARDIAN collected 2145 from pot
*** SUMMARY ***
Total pot 2145 | No rake
Board: [Td Ad Kc]
Seat 2: THE GUARDIAN (button) won 2145


Winamax Poker - Tournament "ROTATION" buyIn: 1.80€ + 0.20€ level: 2 - HandId: #4635928372919140374-32-1776170815 - Holdem no limit (30/125/250) - 2026/04/14 12:46:55 UTC
Table: 'ROTATION(1079386187)#021' 6-max (real money) Seat #3 is the button
Seat 1: B L C 7 (18670, 1€ bounty)
Seat 2: THE GUARDIAN (62201, 1.20€ bounty)
Seat 3: PAPYSHOVE38 (11258, 1€ bounty)
Seat 4: tylermorton6 (87523, 2.50€ bounty)
Seat 5: MathisKcr (42601, 1€ bounty)
Seat 6: aissa77160 (23285, 1€ bounty)
*** ANTE/BLINDS ***
tylermorton6 posts ante 30
MathisKcr posts ante 30
B L C 7 posts ante 30
THE GUARDIAN posts ante 30
PAPYSHOVE38 posts ante 30
aissa77160 posts ante 30
tylermorton6 posts small blind 125
MathisKcr posts big blind 250
Dealt to MathisKcr [As Tc]
*** PRE-FLOP *** 
aissa77160 calls 250
B L C 7 raises 625 to 875
THE GUARDIAN calls 875
PAPYSHOVE38 folds
tylermorton6 folds
MathisKcr calls 625
aissa77160 calls 625
*** FLOP *** [9d Js 2h]
MathisKcr checks
aissa77160 checks
B L C 7 bets 1332
THE GUARDIAN folds
MathisKcr calls 1332
aissa77160 calls 1332
*** TURN *** [9d Js 2h][Td]
MathisKcr checks
aissa77160 checks
B L C 7 bets 3901
MathisKcr raises 36463 to 40364 and is all-in
aissa77160 folds
B L C 7 calls 12532 and is all-in
*** RIVER *** [9d Js 2h Td][Qd]
*** SHOW DOWN ***
B L C 7 shows [Jc Ad] (One pair : Jacks)
MathisKcr shows [As Tc] (One pair : Tens)
MathisKcr collected 23931 from side pot 1
B L C 7 collected 40667 from main pot
*** SUMMARY ***
Total pot 64598 | No rake
Board: [9d Js 2h Td Qd]
Seat 1: B L C 7 showed [Jc Ad] and won 40667 with One pair : Jacks
Seat 5: MathisKcr (big blind) showed [As Tc] and won 23931 with One pair : Tens


Winamax Poker - Tournament "ROTATION" buyIn: 1.80€ + 0.20€ level: 2 - HandId: #4635928372919140374-33-1776170931 - Holdem no limit (30/125/250) - 2026/04/14 12:48:51 UTC
Table: 'ROTATION(1079386187)#021' 6-max (real money) Seat #4 is the button
Seat 1: B L C 7 (40667, 1€ bounty)
Seat 2: THE GUARDIAN (61296, 1.20€ bounty)
Seat 3: PAPYSHOVE38 (11228, 1€ bounty)
Seat 4: tylermorton6 (87368, 2.50€ bounty)
Seat 5: MathisKcr (23931, 1€ bounty)
Seat 6: aissa77160 (21048, 1€ bounty)
*** ANTE/BLINDS ***
MathisKcr posts ante 30
aissa77160 posts ante 30
B L C 7 posts ante 30
THE GUARDIAN posts ante 30
PAPYSHOVE38 posts ante 30
tylermorton6 posts ante 30
MathisKcr posts small blind 125
aissa77160 posts big blind 250
Dealt to MathisKcr [Ks As]
*** PRE-FLOP *** 
B L C 7 folds
THE GUARDIAN raises 250 to 500
PAPYSHOVE38 folds
tylermorton6 folds
MathisKcr raises 1000 to 1500
aissa77160 folds
THE GUARDIAN calls 1000
*** FLOP *** [3d Qs 7h]
MathisKcr bets 1201
THE GUARDIAN calls 1201
*** TURN *** [3d Qs 7h][8s]
MathisKcr bets 2541
THE GUARDIAN folds
MathisKcr collected 8373 from pot
*** SUMMARY ***
Total pot 8373 | No rake
Board: [3d Qs 7h 8s]
Seat 5: MathisKcr (small blind) won 8373


Winamax Poker - Tournament "ROTATION" buyIn: 1.80€ + 0.20€ level: 2 - HandId: #4635928372919140374-34-1776170995 - Holdem no limit (30/125/250) - 2026/04/14 12:49:55 UTC
Table: 'ROTATION(1079386187)#021' 6-max (real money) Seat #5 is the button
Seat 1: B L C 7 (40637, 1€ bounty)
Seat 2: THE GUARDIAN (58565, 1.20€ bounty)
Seat 3: PAPYSHOVE38 (11198, 1€ bounty)
Seat 4: tylermorton6 (87338, 2.50€ bounty)
Seat 5: MathisKcr (27032, 1€ bounty)
Seat 6: aissa77160 (20768, 1€ bounty)
*** ANTE/BLINDS ***
aissa77160 posts ante 30
B L C 7 posts ante 30
THE GUARDIAN posts ante 30
PAPYSHOVE38 posts ante 30
tylermorton6 posts ante 30
MathisKcr posts ante 30
aissa77160 posts small blind 125
B L C 7 posts big blind 250
Dealt to MathisKcr [Js Kc]
*** PRE-FLOP *** 
THE GUARDIAN raises 805 to 1055
PAPYSHOVE38 folds
tylermorton6 folds
MathisKcr calls 1055
aissa77160 folds
B L C 7 folds
*** FLOP *** [Qc Ah Qd]
THE GUARDIAN bets 1732
MathisKcr calls 1732
*** TURN *** [Qc Ah Qd][Qh]
THE GUARDIAN bets 4903
MathisKcr folds
THE GUARDIAN collected 11032 from pot
*** SUMMARY ***
Total pot 11032 | No rake
Board: [Qc Ah Qd Qh]
Seat 2: THE GUARDIAN won 11032


Winamax Poker - Tournament "ROTATION" buyIn: 1.80€ + 0.20€ level: 3 - HandId: #4635928372919140374-35-1776171086 - Holdem no limit (35/150/300) - 2026/04/14 12:51:26 UTC
Table: 'ROTATION(1079386187)#021' 6-max (real money) Seat #6 is the button
Seat 1: B L C 7 (40357, 1€ bounty)
Seat 2: THE GUARDIAN (61877, 1.20€ bounty)
Seat 3: PAPYSHOVE38 (11168, 1€ bounty)
Seat 4: tylermorton6 (87308, 2.50€ bounty)
Seat 5: MathisKcr (24215, 1€ bounty)
Seat 6: aissa77160 (20613, 1€ bounty)
*** ANTE/BLINDS ***
B L C 7 posts ante 35
THE GUARDIAN posts ante 35
PAPYSHOVE38 posts ante 35
tylermorton6 posts ante 35
MathisKcr posts ante 35
aissa77160 posts ante 35
B L C 7 posts small blind 150
THE GUARDIAN posts big blind 300
Dealt to MathisKcr [Qs 3c]
*** PRE-FLOP *** 
PAPYSHOVE38 folds
tylermorton6 folds
MathisKcr folds
aissa77160 folds
B L C 7 calls 150
THE GUARDIAN checks
*** FLOP *** [2h 6d 3h]
B L C 7 bets 300
THE GUARDIAN folds
B L C 7 collected 1110 from pot
*** SUMMARY ***
Total pot 1110 | No rake
Board: [2h 6d 3h]
Seat 1: B L C 7 (small blind) won 1110


Winamax Poker - Tournament "ROTATION" buyIn: 1.80€ + 0.20€ level: 3 - HandId: #4635928372919140374-36-1776171119 - Holdem no limit (35/150/300) - 2026/04/14 12:51:59 UTC
Table: 'ROTATION(1079386187)#021' 6-max (real money) Seat #1 is the button
Seat 1: B L C 7 (40832, 1€ bounty)
Seat 2: THE GUARDIAN (61542, 1.20€ bounty)
Seat 3: PAPYSHOVE38 (11133, 1€ bounty)
Seat 4: tylermorton6 (87273, 2.50€ bounty)
Seat 5: MathisKcr (24180, 1€ bounty)
Seat 6: aissa77160 (20578, 1€ bounty)
*** ANTE/BLINDS ***
THE GUARDIAN posts ante 35
PAPYSHOVE38 posts ante 35
B L C 7 posts ante 35
tylermorton6 posts ante 35
MathisKcr posts ante 35
aissa77160 posts ante 35
THE GUARDIAN posts small blind 150
PAPYSHOVE38 posts big blind 300
Dealt to MathisKcr [6h 2h]
*** PRE-FLOP *** 
tylermorton6 folds
MathisKcr folds
aissa77160 raises 300 to 600
B L C 7 folds
THE GUARDIAN calls 450
PAPYSHOVE38 calls 300
*** FLOP *** [Ac 8c 9d]
THE GUARDIAN checks
PAPYSHOVE38 checks
aissa77160 bets 704
THE GUARDIAN folds
PAPYSHOVE38 calls 704
*** TURN *** [Ac 8c 9d][8h]
PAPYSHOVE38 checks
aissa77160 bets 1196
PAPYSHOVE38 folds
aissa77160 collected 4614 from pot
*** SUMMARY ***
Total pot 4614 | No rake
Board: [Ac 8c 9d 8h]
Seat 6: aissa77160 won 4614


Winamax Poker - Tournament "ROTATION" buyIn: 1.80€ + 0.20€ level: 3 - HandId: #4635928372919140374-37-1776171163 - Holdem no limit (35/150/300) - 2026/04/14 12:52:43 UTC
Table: 'ROTATION(1079386187)#021' 6-max (real money) Seat #2 is the button
Seat 1: B L C 7 (40797, 1€ bounty)
Seat 2: THE GUARDIAN (60907, 1.20€ bounty)
Seat 3: PAPYSHOVE38 (9794, 1€ bounty)
Seat 4: tylermorton6 (87238, 2.50€ bounty)
Seat 5: MathisKcr (24145, 1€ bounty)
Seat 6: aissa77160 (22657, 1€ bounty)
*** ANTE/BLINDS ***
PAPYSHOVE38 posts ante 35
tylermorton6 posts ante 35
B L C 7 posts ante 35
THE GUARDIAN posts ante 35
MathisKcr posts ante 35
aissa77160 posts ante 35
PAPYSHOVE38 posts small blind 150
tylermorton6 posts big blind 300
Dealt to MathisKcr [Qd 8h]
*** PRE-FLOP *** 
MathisKcr folds
aissa77160 calls 300
B L C 7 folds
THE GUARDIAN raises 450 to 750
PAPYSHOVE38 calls 600
tylermorton6 calls 450
aissa77160 calls 450
*** FLOP *** [Js Ah 7c]
PAPYSHOVE38 bets 803
tylermorton6 calls 803
aissa77160 folds
THE GUARDIAN folds
*** TURN *** [Js Ah 7c][9d]
PAPYSHOVE38 bets 8206 and is all-in
tylermorton6 calls 8206
*** RIVER *** [Js Ah 7c 9d][6d]
*** SHOW DOWN ***
PAPYSHOVE38 shows [7d As] (Two pairs : Aces and 7)
tylermorton6 shows [Jc Jh] (Trips of Jacks)
tylermorton6 collected 21228 from pot
*** SUMMARY ***
Total pot 21228 | No rake
Board: [Js Ah 7c 9d 6d]
Seat 3: PAPYSHOVE38 (small blind) showed [7d As] and lost with Two pairs : Aces and 7
Seat 4: tylermorton6 (big blind) showed [Jc Jh] and won 21228 with Trips of Jacks


Winamax Poker - Tournament "ROTATION" buyIn: 1.80€ + 0.20€ level: 3 - HandId: #4635928372919140374-38-1776171249 - Holdem no limit (35/150/300) - 2026/04/14 12:54:09 UTC
Table: 'ROTATION(1079386187)#021' 6-max (real money) Seat #3 is the button
Seat 1: B L C 7 (40762, 1€ bounty)
Seat 2: THE GUARDIAN (60122, 1.20€ bounty)
Seat 4: tylermorton6 (98672, 3€ bounty)
Seat 5: MathisKcr (24110, 1€ bounty)
Seat 6: aissa77160 (21872, 1€ bounty)
*** ANTE/BLINDS ***
tylermorton6 posts ante 35
MathisKcr posts ante 35
B L C 7 posts ante 35
THE GUARDIAN posts ante 35
aissa77160 posts ante 35
tylermorton6 posts small blind 150
MathisKcr posts big blind 300
Dealt to MathisKcr [4c 7c]
*** PRE-FLOP *** 
aissa77160 folds
B L C 7 folds
THE GUARDIAN raises 300 to 600
tylermorton6 folds
MathisKcr calls 300
*** FLOP *** [3s 3d 5d]
MathisKcr bets 534
THE GUARDIAN folds
MathisKcr collected 2059 from pot
*** SUMMARY ***
Total pot 2059 | No rake
Board: [3s 3d 5d]
Seat 5: MathisKcr (big blind) won 2059


Winamax Poker - Tournament "ROTATION" buyIn: 1.80€ + 0.20€ level: 3 - HandId: #4635928372919140374-39-1776171285 - Holdem no limit (35/150/300) - 2026/04/14 12:54:45 UTC
Table: 'ROTATION(1079386187)#021' 6-max (real money) Seat #4 is the button
Seat 1: B L C 7 (40727, 1€ bounty)
Seat 2: THE GUARDIAN (59487, 1.20€ bounty)
Seat 4: tylermorton6 (98487, 3€ bounty)
Seat 5: MathisKcr (25000, 1€ bounty)
Seat 6: aissa77160 (21837, 1€ bounty)
*** ANTE/BLINDS ***
MathisKcr posts ante 35
aissa77160 posts ante 35
B L C 7 posts ante 35
THE GUARDIAN posts ante 35
tylermorton6 posts ante 35
MathisKcr posts small blind 150
aissa77160 posts big blind 300
Dealt to MathisKcr [Ac 5d]
*** PRE-FLOP *** 
B L C 7 folds
THE GUARDIAN raises 300 to 600
tylermorton6 folds
MathisKcr calls 450
aissa77160 folds
*** FLOP *** [5c Tc 2h]
MathisKcr bets 586
THE GUARDIAN calls 586
*** TURN *** [5c Tc 2h][Ah]
MathisKcr checks
THE GUARDIAN checks
*** RIVER *** [5c Tc 2h Ah][8d]
MathisKcr bets 1851
THE GUARDIAN folds
MathisKcr collected 4698 from pot
*** SUMMARY ***
Total pot 4698 | No rake
Board: [5c Tc 2h Ah 8d]
Seat 5: MathisKcr (small blind) won 4698


Winamax Poker - Tournament "ROTATION" buyIn: 1.80€ + 0.20€ level: 3 - HandId: #4635928372919140374-40-1776171660 - Holdem no limit (35/150/300) - 2026/04/14 13:01:00 UTC
Table: 'ROTATION(1079386187)#021' 6-max (real money) Seat #5 is the button
Seat 1: B L C 7 (40692, 1€ bounty)
Seat 2: THE GUARDIAN (58266, 1.20€ bounty)
Seat 3: LiryaPok (20000, 1€ bounty)
Seat 4: tylermorton6 (98452, 3€ bounty)
Seat 5: MathisKcr (26626, 1€ bounty)
Seat 6: aissa77160 (21502, 1€ bounty)
*** ANTE/BLINDS ***
aissa77160 posts ante 35
B L C 7 posts ante 35
THE GUARDIAN posts ante 35
LiryaPok posts ante 35
tylermorton6 posts ante 35
MathisKcr posts ante 35
aissa77160 posts small blind 150
B L C 7 posts big blind 300
Dealt to MathisKcr [6h Qc]
*** PRE-FLOP *** 
THE GUARDIAN raises 300 to 600
LiryaPok folds
tylermorton6 folds
MathisKcr calls 600
aissa77160 calls 450
B L C 7 calls 300
*** FLOP *** [Ad 8d 4c]
aissa77160 checks
B L C 7 checks
THE GUARDIAN bets 914
MathisKcr folds
aissa77160 calls 914
B L C 7 folds
*** TURN *** [Ad 8d 4c][Qd]
aissa77160 checks
THE GUARDIAN checks
*** RIVER *** [Ad 8d 4c Qd][3s]
aissa77160 checks
THE GUARDIAN checks
*** SHOW DOWN ***
aissa77160 shows [7d 6s] (High card : Ace)
THE GUARDIAN shows [4h Kh] (One pair : 4)
THE GUARDIAN collected 4438 from pot
*** SUMMARY ***
Total pot 4438 | No rake
Board: [Ad 8d 4c Qd 3s]
Seat 2: THE GUARDIAN showed [4h Kh] and won 4438 with One pair : 4
Seat 6: aissa77160 (small blind) showed [7d 6s] and lost with High card : Ace


Winamax Poker - Tournament "ROTATION" buyIn: 1.80€ + 0.20€ level: 3 - HandId: #4635928372919140374-41-1776171772 - Holdem no limit (35/150/300) - 2026/04/14 13:02:52 UTC
Table: 'ROTATION(1079386187)#021' 6-max (real money) Seat #6 is the button
Seat 1: B L C 7 (40057, 1€ bounty)
Seat 2: THE GUARDIAN (61155, 1.20€ bounty)
Seat 3: LiryaPok (19965, 1€ bounty)
Seat 4: tylermorton6 (98417, 3€ bounty)
Seat 5: MathisKcr (25991, 1€ bounty)
Seat 6: aissa77160 (19953, 1€ bounty)
*** ANTE/BLINDS ***
B L C 7 posts ante 35
THE GUARDIAN posts ante 35
LiryaPok posts ante 35
tylermorton6 posts ante 35
MathisKcr posts ante 35
aissa77160 posts ante 35
B L C 7 posts small blind 150
THE GUARDIAN posts big blind 300
Dealt to MathisKcr [3h Kd]
*** PRE-FLOP *** 
LiryaPok folds
tylermorton6 folds
MathisKcr raises 300 to 600
aissa77160 calls 600
B L C 7 folds
THE GUARDIAN calls 300
*** FLOP *** [As Qd Ad]
THE GUARDIAN checks
MathisKcr checks
aissa77160 bets 756
THE GUARDIAN folds
MathisKcr folds
aissa77160 collected 2916 from pot
*** SUMMARY ***
Total pot 2916 | No rake
Board: [As Qd Ad]
Seat 6: aissa77160 (button) won 2916


Winamax Poker - Tournament "ROTATION" buyIn: 1.80€ + 0.20€ level: 4 - HandId: #4635928372919140374-42-1776171816 - Holdem no limit (40/175/350) - 2026/04/14 13:03:36 UTC
Table: 'ROTATION(1079386187)#021' 6-max (real money) Seat #1 is the button
Seat 1: B L C 7 (39872, 1€ bounty)
Seat 2: THE GUARDIAN (60520, 1.20€ bounty)
Seat 3: LiryaPok (19930, 1€ bounty)
Seat 4: tylermorton6 (98382, 3€ bounty)
Seat 5: MathisKcr (25356, 1€ bounty)
Seat 6: aissa77160 (21478, 1€ bounty)
*** ANTE/BLINDS ***
THE GUARDIAN posts ante 40
LiryaPok posts ante 40
B L C 7 posts ante 40
tylermorton6 posts ante 40
MathisKcr posts ante 40
aissa77160 posts ante 40
THE GUARDIAN posts small blind 175
LiryaPok posts big blind 350
Dealt to MathisKcr [Qh 3h]
*** PRE-FLOP *** 
tylermorton6 folds
MathisKcr folds
aissa77160 folds
B L C 7 folds
THE GUARDIAN calls 175
LiryaPok raises 350 to 700
THE GUARDIAN calls 350
*** FLOP *** [4s 6s 4c]
THE GUARDIAN checks
LiryaPok bets 574
THE GUARDIAN folds
LiryaPok collected 2214 from pot
*** SUMMARY ***
Total pot 2214 | No rake
Board: [4s 6s 4c]
Seat 3: LiryaPok (big blind) won 2214


Winamax Poker - Tournament "ROTATION" buyIn: 1.80€ + 0.20€ level: 4 - HandId: #4635928372919140374-43-1776171869 - Holdem no limit (40/175/350) - 2026/04/14 13:04:29 UTC
Table: 'ROTATION(1079386187)#021' 6-max (real money) Seat #2 is the button
Seat 1: B L C 7 (39832, 1€ bounty)
Seat 2: THE GUARDIAN (59780, 1.20€ bounty)
Seat 3: LiryaPok (20830, 1€ bounty)
Seat 4: tylermorton6 (98342, 3€ bounty)
Seat 5: MathisKcr (25316, 1€ bounty)
Seat 6: aissa77160 (21438, 1€ bounty)
*** ANTE/BLINDS ***
LiryaPok posts ante 40
tylermorton6 posts ante 40
B L C 7 posts ante 40
THE GUARDIAN posts ante 40
MathisKcr posts ante 40
aissa77160 posts ante 40
LiryaPok posts small blind 175
tylermorton6 posts big blind 350
Dealt to MathisKcr [Kh 4c]
*** PRE-FLOP *** 
MathisKcr raises 350 to 700
aissa77160 calls 700
B L C 7 folds
THE GUARDIAN calls 700
LiryaPok folds
tylermorton6 calls 350
*** FLOP *** [3d Js As]
tylermorton6 checks
MathisKcr checks
aissa77160 checks
THE GUARDIAN checks
*** TURN *** [3d Js As][5d]
tylermorton6 checks
MathisKcr checks
aissa77160 checks
THE GUARDIAN checks
*** RIVER *** [3d Js As 5d][Th]
tylermorton6 checks
MathisKcr checks
aissa77160 checks
THE GUARDIAN checks
*** SHOW DOWN ***
tylermorton6 shows [6d 8d] (High card : Ace)
MathisKcr shows [Kh 4c] (High card : Ace)
aissa77160 shows [7c 8c] (High card : Ace)
THE GUARDIAN shows [8h 8s] (One pair : 8)
THE GUARDIAN collected 3215 from pot
*** SUMMARY ***
Total pot 3215 | No rake
Board: [3d Js As 5d Th]
Seat 2: THE GUARDIAN (button) showed [8h 8s] and won 3215 with One pair : 8
Seat 4: tylermorton6 (big blind) showed [6d 8d] and lost with High card : Ace
Seat 5: MathisKcr showed [Kh 4c] and lost with High card : Ace
Seat 6: aissa77160 showed [7c 8c] and lost with High card : Ace


Winamax Poker - Tournament "ROTATION" buyIn: 1.80€ + 0.20€ level: 4 - HandId: #4635928372919140374-44-1776171956 - Holdem no limit (40/175/350) - 2026/04/14 13:05:56 UTC
Table: 'ROTATION(1079386187)#021' 6-max (real money) Seat #3 is the button
Seat 1: B L C 7 (39792, 1€ bounty)
Seat 2: THE GUARDIAN (62255, 1.20€ bounty)
Seat 3: LiryaPok (20615, 1€ bounty)
Seat 4: tylermorton6 (97602, 3€ bounty)
Seat 5: MathisKcr (24576, 1€ bounty)
Seat 6: aissa77160 (20698, 1€ bounty)
*** ANTE/BLINDS ***
tylermorton6 posts ante 40
MathisKcr posts ante 40
B L C 7 posts ante 40
THE GUARDIAN posts ante 40
LiryaPok posts ante 40
aissa77160 posts ante 40
tylermorton6 posts small blind 175
MathisKcr posts big blind 350
Dealt to MathisKcr [Ac Th]
*** PRE-FLOP *** 
aissa77160 folds
B L C 7 folds
THE GUARDIAN folds
LiryaPok raises 350 to 700
tylermorton6 folds
MathisKcr calls 350
*** FLOP *** [Kd Qc 8d]
MathisKcr checks
LiryaPok checks
*** TURN *** [Kd Qc 8d][4c]
MathisKcr checks
LiryaPok bets 908
MathisKcr folds
LiryaPok collected 2723 from pot
*** SUMMARY ***
Total pot 2723 | No rake
Board: [Kd Qc 8d 4c]
Seat 3: LiryaPok (button) won 2723


Winamax Poker - Tournament "ROTATION" buyIn: 1.80€ + 0.20€ level: 4 - HandId: #4635928372919140374-45-1776172032 - Holdem no limit (40/175/350) - 2026/04/14 13:07:12 UTC
Table: 'ROTATION(1079386187)#021' 6-max (real money) Seat #4 is the button
Seat 1: B L C 7 (39752, 1€ bounty)
Seat 2: THE GUARDIAN (62215, 1.20€ bounty)
Seat 3: LiryaPok (21690, 1€ bounty)
Seat 4: tylermorton6 (97387, 3€ bounty)
Seat 5: MathisKcr (23836, 1€ bounty)
Seat 6: aissa77160 (20658, 1€ bounty)
*** ANTE/BLINDS ***
MathisKcr posts ante 40
aissa77160 posts ante 40
B L C 7 posts ante 40
THE GUARDIAN posts ante 40
LiryaPok posts ante 40
tylermorton6 posts ante 40
MathisKcr posts small blind 175
aissa77160 posts big blind 350
Dealt to MathisKcr [4s 6c]
*** PRE-FLOP *** 
B L C 7 folds
THE GUARDIAN raises 525 to 875
LiryaPok calls 875
tylermorton6 folds
MathisKcr folds
aissa77160 calls 525
*** FLOP *** [7s 8s Ts]
aissa77160 checks
THE GUARDIAN bets 1064
LiryaPok calls 1064
aissa77160 calls 1064
*** TURN *** [7s 8s Ts][6d]
aissa77160 checks
THE GUARDIAN checks
LiryaPok checks
*** RIVER *** [7s 8s Ts 6d][2c]
aissa77160 bets 2181
THE GUARDIAN folds
LiryaPok folds
aissa77160 collected 8413 from pot
*** SUMMARY ***
Total pot 8413 | No rake
Board: [7s 8s Ts 6d 2c]
Seat 6: aissa77160 (big blind) won 8413


Winamax Poker - Tournament "ROTATION" buyIn: 1.80€ + 0.20€ level: 4 - HandId: #4635928372919140374-46-1776172095 - Holdem no limit (40/175/350) - 2026/04/14 13:08:15 UTC
Table: 'ROTATION(1079386187)#021' 6-max (real money) Seat #5 is the button
Seat 1: B L C 7 (39712, 1€ bounty)
Seat 2: THE GUARDIAN (60236, 1.20€ bounty)
Seat 3: LiryaPok (19711, 1€ bounty)
Seat 4: tylermorton6 (97347, 3€ bounty)
Seat 5: MathisKcr (23621, 1€ bounty)
Seat 6: aissa77160 (24911, 1€ bounty)
*** ANTE/BLINDS ***
aissa77160 posts ante 40
B L C 7 posts ante 40
THE GUARDIAN posts ante 40
LiryaPok posts ante 40
tylermorton6 posts ante 40
MathisKcr posts ante 40
aissa77160 posts small blind 175
B L C 7 posts big blind 350
Dealt to MathisKcr [9s 2s]
*** PRE-FLOP *** 
THE GUARDIAN raises 350 to 700
LiryaPok folds
tylermorton6 folds
MathisKcr folds
aissa77160 raises 1990 to 2690
B L C 7 folds
THE GUARDIAN calls 1990
*** FLOP *** [3c Ks 4s]
aissa77160 checks
THE GUARDIAN checks
*** TURN *** [3c Ks 4s][Ad]
aissa77160 checks
THE GUARDIAN checks
*** RIVER *** [3c Ks 4s Ad][Qc]
aissa77160 bets 2090
THE GUARDIAN folds
aissa77160 collected 8060 from pot
*** SUMMARY ***
Total pot 8060 | No rake
Board: [3c Ks 4s Ad Qc]
Seat 6: aissa77160 (small blind) won 8060


Winamax Poker - Tournament "ROTATION" buyIn: 1.80€ + 0.20€ level: 4 - HandId: #4635928372919140374-47-1776172126 - Holdem no limit (40/175/350) - 2026/04/14 13:08:46 UTC
Table: 'ROTATION(1079386187)#021' 6-max (real money) Seat #6 is the button
Seat 1: B L C 7 (39322, 1€ bounty)
Seat 2: THE GUARDIAN (57506, 1.20€ bounty)
Seat 3: LiryaPok (19671, 1€ bounty)
Seat 4: tylermorton6 (97307, 3€ bounty)
Seat 5: MathisKcr (23581, 1€ bounty)
Seat 6: aissa77160 (28151, 1€ bounty)
*** ANTE/BLINDS ***
B L C 7 posts ante 40
THE GUARDIAN posts ante 40
LiryaPok posts ante 40
tylermorton6 posts ante 40
MathisKcr posts ante 40
aissa77160 posts ante 40
B L C 7 posts small blind 175
THE GUARDIAN posts big blind 350
Dealt to MathisKcr [Kd 4d]
*** PRE-FLOP *** 
LiryaPok raises 350 to 700
tylermorton6 folds
MathisKcr calls 700
aissa77160 folds
B L C 7 folds
THE GUARDIAN calls 350
*** FLOP *** [Ts Th 4h]
THE GUARDIAN checks
LiryaPok checks
MathisKcr bets 700
THE GUARDIAN folds
LiryaPok calls 700
*** TURN *** [Ts Th 4h][8s]
LiryaPok checks
MathisKcr bets 1958
LiryaPok folds
MathisKcr collected 5873 from pot
*** SUMMARY ***
Total pot 5873 | No rake
Board: [Ts Th 4h 8s]
Seat 5: MathisKcr won 5873


Winamax Poker - Tournament "ROTATION" buyIn: 1.80€ + 0.20€ level: 5 - HandId: #4635928372919140374-48-1776172185 - Holdem no limit (50/200/400) - 2026/04/14 13:09:45 UTC
Table: 'ROTATION(1079386187)#021' 6-max (real money) Seat #1 is the button
Seat 1: B L C 7 (39107, 1€ bounty)
Seat 2: THE GUARDIAN (56766, 1.20€ bounty)
Seat 3: LiryaPok (18231, 1€ bounty)
Seat 4: tylermorton6 (97267, 3€ bounty)
Seat 5: MathisKcr (26056, 1€ bounty)
Seat 6: aissa77160 (28111, 1€ bounty)
*** ANTE/BLINDS ***
THE GUARDIAN posts ante 50
LiryaPok posts ante 50
B L C 7 posts ante 50
tylermorton6 posts ante 50
MathisKcr posts ante 50
aissa77160 posts ante 50
THE GUARDIAN posts small blind 200
LiryaPok posts big blind 400
Dealt to MathisKcr [6s Kc]
*** PRE-FLOP *** 
tylermorton6 raises 400 to 800
MathisKcr calls 800
aissa77160 raises 1600 to 2400
B L C 7 folds
THE GUARDIAN folds
LiryaPok folds
tylermorton6 folds
MathisKcr folds
aissa77160 collected 4900 from pot
*** SUMMARY ***
Total pot 4900 | No rake
Seat 6: aissa77160 won 4900


Winamax Poker - Tournament "ROTATION" buyIn: 1.80€ + 0.20€ level: 5 - HandId: #4635928372919140374-49-1776172232 - Holdem no limit (50/200/400) - 2026/04/14 13:10:32 UTC
Table: 'ROTATION(1079386187)#021' 6-max (real money) Seat #2 is the button
Seat 1: B L C 7 (39057, 1€ bounty)
Seat 2: THE GUARDIAN (56516, 1.20€ bounty)
Seat 3: LiryaPok (17781, 1€ bounty)
Seat 4: tylermorton6 (96417, 3€ bounty)
Seat 5: MathisKcr (25206, 1€ bounty)
Seat 6: aissa77160 (30561, 1€ bounty)
*** ANTE/BLINDS ***
LiryaPok posts ante 50
tylermorton6 posts ante 50
B L C 7 posts ante 50
THE GUARDIAN posts ante 50
MathisKcr posts ante 50
aissa77160 posts ante 50
LiryaPok posts small blind 200
tylermorton6 posts big blind 400
Dealt to MathisKcr [8d Kh]
*** PRE-FLOP *** 
MathisKcr raises 400 to 800
aissa77160 calls 800
B L C 7 folds
THE GUARDIAN calls 800
LiryaPok folds
tylermorton6 folds
*** FLOP *** [5s 3s Ks]
MathisKcr bets 1155
aissa77160 calls 1155
THE GUARDIAN folds
*** TURN *** [5s 3s Ks][6h]
MathisKcr bets 2805
aissa77160 calls 2805
*** RIVER *** [5s 3s Ks 6h][Qs]
MathisKcr bets 7293
aissa77160 calls 7293
*** SHOW DOWN ***
MathisKcr shows [8d Kh] (One pair : Kings)
aissa77160 shows [Ac 8s] (Flush King high)
aissa77160 collected 25806 from pot
*** SUMMARY ***
Total pot 25806 | No rake
Board: [5s 3s Ks 6h Qs]
Seat 5: MathisKcr showed [8d Kh] and lost with One pair : Kings
Seat 6: aissa77160 showed [Ac 8s] and won 25806 with Flush King high


Winamax Poker - Tournament "ROTATION" buyIn: 1.80€ + 0.20€ level: 5 - HandId: #4635928372919140374-50-1776172300 - Holdem no limit (50/200/400) - 2026/04/14 13:11:40 UTC
Table: 'ROTATION(1079386187)#021' 6-max (real money) Seat #3 is the button
Seat 1: B L C 7 (39007, 1€ bounty)
Seat 2: THE GUARDIAN (55666, 1.20€ bounty)
Seat 3: LiryaPok (17531, 1€ bounty)
Seat 4: tylermorton6 (95967, 3€ bounty)
Seat 5: MathisKcr (13103, 1€ bounty)
Seat 6: aissa77160 (44264, 1€ bounty)
*** ANTE/BLINDS ***
tylermorton6 posts ante 50
MathisKcr posts ante 50
B L C 7 posts ante 50
THE GUARDIAN posts ante 50
LiryaPok posts ante 50
aissa77160 posts ante 50
tylermorton6 posts small blind 200
MathisKcr posts big blind 400
Dealt to MathisKcr [9h Ac]
*** PRE-FLOP *** 
aissa77160 calls 400
B L C 7 raises 1000 to 1400
THE GUARDIAN folds
LiryaPok folds
tylermorton6 folds
MathisKcr raises 11653 to 13053 and is all-in
aissa77160 folds
B L C 7 calls 11653
*** FLOP *** [Td Qd 9d]
*** TURN *** [Td Qd 9d][8c]
*** RIVER *** [Td Qd 9d 8c][Jd]
*** SHOW DOWN ***
MathisKcr shows [9h Ac] (Straight Queen high)
B L C 7 shows [9s Ad] (Flush Ace high)
B L C 7 collected 27006 from pot
*** SUMMARY ***
Total pot 27006 | No rake
Board: [Td Qd 9d 8c Jd]
Seat 1: B L C 7 showed [9s Ad] and won 27006 with Flush Ace high
Seat 5: MathisKcr (big blind) showed [9h Ac] and lost with Straight Queen high


