Winamax Poker - Tournament "Expresso Nitro" buyIn: 0.93€ + 0.07€ level: 1 - HandId: #4613701762543517697-1-1772871683 - Holdem no limit (10/20) - 2026/03/07 08:21:23 UTC
Table: 'Expresso Nitro(1074211151)#0' 3-max (real money) Seat #2 is the button
Seat 1: MathisKcr (300)
Seat 2: Jayk13 (300)
Seat 3: Steven 13400 (300)
*** ANTE/BLINDS ***
Steven 13400 posts small blind 10
MathisKcr posts big blind 20
Dealt to MathisKcr [Ah 4d]
*** PRE-FLOP *** 
Jayk13 folds
Steven 13400 folds
MathisKcr collected 30 from pot
*** SUMMARY ***
Total pot 30 | No rake
Seat 1: MathisKcr (big blind) won 30


Winamax Poker - Tournament "Expresso Nitro" buyIn: 0.93€ + 0.07€ level: 1 - HandId: #4613701762543517697-2-1772871715 - Holdem no limit (10/20) - 2026/03/07 08:21:55 UTC
Table: 'Expresso Nitro(1074211151)#0' 3-max (real money) Seat #3 is the button
Seat 1: MathisKcr (310)
Seat 2: Jayk13 (300)
Seat 3: Steven 13400 (290)
*** ANTE/BLINDS ***
MathisKcr posts small blind 10
Jayk13 posts big blind 20
Dealt to MathisKcr [Ah Kd]
*** PRE-FLOP *** 
Steven 13400 folds
MathisKcr raises 40 to 60
Jayk13 calls 40
*** FLOP *** [7c Qh Js]
MathisKcr bets 42
Jayk13 calls 42
*** TURN *** [7c Qh Js][9h]
MathisKcr bets 102
Jayk13 calls 102
*** RIVER *** [7c Qh Js 9h][Qd]
MathisKcr bets 106 and is all-in
Jayk13 folds
MathisKcr collected 514 from pot
*** SUMMARY ***
Total pot 514 | No rake
Board: [7c Qh Js 9h Qd]
Seat 1: MathisKcr (small blind) won 514


Winamax Poker - Tournament "Expresso Nitro" buyIn: 0.93€ + 0.07€ level: 2 - HandId: #4613701762543517697-3-1772871751 - Holdem no limit (15/30) - 2026/03/07 08:22:31 UTC
Table: 'Expresso Nitro(1074211151)#0' 3-max (real money) Seat #1 is the button
Seat 1: MathisKcr (514)
Seat 2: Jayk13 (96)
Seat 3: Steven 13400 (290)
*** ANTE/BLINDS ***
Jayk13 posts small blind 15
Steven 13400 posts big blind 30
Dealt to MathisKcr [6h Jh]
*** PRE-FLOP *** 
MathisKcr calls 30
Jayk13 folds
Steven 13400 checks
*** FLOP *** [Qc 4h 5d]
Steven 13400 bets 49
MathisKcr folds
Steven 13400 collected 124 from pot
*** SUMMARY ***
Total pot 124 | No rake
Board: [Qc 4h 5d]
Seat 3: Steven 13400 (big blind) won 124


Winamax Poker - Tournament "Expresso Nitro" buyIn: 0.93€ + 0.07€ level: 2 - HandId: #4613701762543517697-4-1772871781 - Holdem no limit (15/30) - 2026/03/07 08:23:01 UTC
Table: 'Expresso Nitro(1074211151)#0' 3-max (real money) Seat #2 is the button
Seat 1: MathisKcr (484)
Seat 2: Jayk13 (81)
Seat 3: Steven 13400 (335)
*** ANTE/BLINDS ***
Steven 13400 posts small blind 15
MathisKcr posts big blind 30
Dealt to MathisKcr [8s 8h]
*** PRE-FLOP *** 
Jayk13 folds
Steven 13400 calls 15
MathisKcr raises 454 to 484 and is all-in
Steven 13400 calls 305 and is all-in
*** FLOP *** [8c Th Qc]
*** TURN *** [8c Th Qc][Qh]
*** RIVER *** [8c Th Qc Qh][As]
*** SHOW DOWN ***
Steven 13400 shows [2h 3h] (One pair : Queens)
MathisKcr shows [8s 8h] (Full of 8 and Queens)
MathisKcr collected 819 from pot
*** SUMMARY ***
Total pot 819 | No rake
Board: [8c Th Qc Qh As]
Seat 1: MathisKcr (big blind) showed [8s 8h] and won 819 with Full of 8 and Queens
Seat 3: Steven 13400 (small blind) showed [2h 3h] and lost with One pair : Queens


Winamax Poker - Tournament "Expresso Nitro" buyIn: 0.93€ + 0.07€ level: 3 - HandId: #4613701762543517697-5-1772871804 - Holdem no limit (20/40) - 2026/03/07 08:23:24 UTC
Table: 'Expresso Nitro(1074211151)#0' 3-max (real money) Seat #1 is the button
Seat 1: MathisKcr (819)
Seat 2: Jayk13 (81)
*** ANTE/BLINDS ***
MathisKcr posts small blind 20
Jayk13 posts big blind 40
Dealt to MathisKcr [2d 9h]
*** PRE-FLOP *** 
MathisKcr raises 40 to 80
Jayk13 raises 1 to 81 and is all-in
MathisKcr calls 1
*** FLOP *** [6h Kd Ts]
*** TURN *** [6h Kd Ts][5s]
*** RIVER *** [6h Kd Ts 5s][7h]
*** SHOW DOWN ***
MathisKcr shows [2d 9h] (High card : King)
Jayk13 shows [Qd Qc] (One pair : Queens)
Jayk13 collected 162 from pot
*** SUMMARY ***
Total pot 162 | No rake
Board: [6h Kd Ts 5s 7h]
Seat 1: MathisKcr (small blind) (button) showed [2d 9h] and lost with High card : King
Seat 2: Jayk13 (big blind) showed [Qd Qc] and won 162 with One pair : Queens


Winamax Poker - Tournament "Expresso Nitro" buyIn: 0.93€ + 0.07€ level: 3 - HandId: #4613701762543517697-6-1772871823 - Holdem no limit (20/40) - 2026/03/07 08:23:43 UTC
Table: 'Expresso Nitro(1074211151)#0' 3-max (real money) Seat #2 is the button
Seat 1: MathisKcr (738)
Seat 2: Jayk13 (162)
*** ANTE/BLINDS ***
Jayk13 posts small blind 20
MathisKcr posts big blind 40
Dealt to MathisKcr [Ts 7c]
*** PRE-FLOP *** 
Jayk13 folds
MathisKcr collected 60 from pot
*** SUMMARY ***
Total pot 60 | No rake
Seat 1: MathisKcr (big blind) won 60


Winamax Poker - Tournament "Expresso Nitro" buyIn: 0.93€ + 0.07€ level: 3 - HandId: #4613701762543517697-7-1772871831 - Holdem no limit (20/40) - 2026/03/07 08:23:51 UTC
Table: 'Expresso Nitro(1074211151)#0' 3-max (real money) Seat #1 is the button
Seat 1: MathisKcr (758)
Seat 2: Jayk13 (142)
*** ANTE/BLINDS ***
MathisKcr posts small blind 20
Jayk13 posts big blind 40
Dealt to MathisKcr [7c 5h]
*** PRE-FLOP *** 
MathisKcr calls 20
Jayk13 checks
*** FLOP *** [3c 8s 5c]
Jayk13 checks
MathisKcr bets 718 and is all-in
Jayk13 folds
MathisKcr collected 798 from pot
*** SUMMARY ***
Total pot 798 | No rake
Board: [3c 8s 5c]
Seat 1: MathisKcr (small blind) (button) won 798


Winamax Poker - Tournament "Expresso Nitro" buyIn: 0.93€ + 0.07€ level: 4 - HandId: #4613701762543517697-8-1772871863 - Holdem no limit (30/60) - 2026/03/07 08:24:23 UTC
Table: 'Expresso Nitro(1074211151)#0' 3-max (real money) Seat #2 is the button
Seat 1: MathisKcr (798)
Seat 2: Jayk13 (102)
*** ANTE/BLINDS ***
Jayk13 posts small blind 30
MathisKcr posts big blind 60
Dealt to MathisKcr [3d 4s]
*** PRE-FLOP *** 
Jayk13 folds
MathisKcr collected 90 from pot
*** SUMMARY ***
Total pot 90 | No rake
Seat 1: MathisKcr (big blind) won 90


Winamax Poker - Tournament "Expresso Nitro" buyIn: 0.93€ + 0.07€ level: 4 - HandId: #4613701762543517697-9-1772871868 - Holdem no limit (30/60) - 2026/03/07 08:24:28 UTC
Table: 'Expresso Nitro(1074211151)#0' 3-max (real money) Seat #1 is the button
Seat 1: MathisKcr (828)
Seat 2: Jayk13 (72)
*** ANTE/BLINDS ***
MathisKcr posts small blind 30
Jayk13 posts big blind 60
Dealt to MathisKcr [7d Js]
*** PRE-FLOP *** 
MathisKcr raises 768 to 828 and is all-in
Jayk13 calls 12 and is all-in
*** FLOP *** [3h 2h 3d]
*** TURN *** [3h 2h 3d][5s]
*** RIVER *** [3h 2h 3d 5s][Ad]
*** SHOW DOWN ***
MathisKcr shows [7d Js] (One pair : 3)
Jayk13 shows [6c 4d] (Straight 6 high)
Jayk13 collected 144 from main pot
MathisKcr collected 756 from side pot 1
*** SUMMARY ***
Total pot 900 | No rake
Board: [3h 2h 3d 5s Ad]
Seat 1: MathisKcr (small blind) (button) showed [7d Js] and won 756 with One pair : 3
Seat 2: Jayk13 (big blind) showed [6c 4d] and won 144 with Straight 6 high


Winamax Poker - Tournament "Expresso Nitro" buyIn: 0.93€ + 0.07€ level: 4 - HandId: #4613701762543517697-10-1772871880 - Holdem no limit (30/60) - 2026/03/07 08:24:40 UTC
Table: 'Expresso Nitro(1074211151)#0' 3-max (real money) Seat #2 is the button
Seat 1: MathisKcr (756)
Seat 2: Jayk13 (144)
*** ANTE/BLINDS ***
Jayk13 posts small blind 30
MathisKcr posts big blind 60
Dealt to MathisKcr [5h Qc]
*** PRE-FLOP *** 
Jayk13 raises 84 to 144 and is all-in
MathisKcr calls 84
*** FLOP *** [Td 5d Jc]
*** TURN *** [Td 5d Jc][6s]
*** RIVER *** [Td 5d Jc 6s][4c]
*** SHOW DOWN ***
Jayk13 shows [Ac 7s] (High card : Ace)
MathisKcr shows [5h Qc] (One pair : 5)
MathisKcr collected 288 from pot
*** SUMMARY ***
Total pot 288 | No rake
Board: [Td 5d Jc 6s 4c]
Seat 1: MathisKcr (big blind) showed [5h Qc] and won 288 with One pair : 5
Seat 2: Jayk13 (small blind) (button) showed [Ac 7s] and lost with High card : Ace


