Winamax Poker - Tournament "Expresso Nitro" buyIn: 0.93€ + 0.07€ level: 1 - HandId: #4675629203767427073-1-1775066338 - Holdem no limit (10/20) - 2026/04/01 17:58:58 UTC
Table: 'Expresso Nitro(1088629757)#0' 3-max (real money) Seat #2 is the button
Seat 1: Lechat banhi (300)
Seat 2: Tof La Win (300)
Seat 3: MathisKcr (300)
*** ANTE/BLINDS ***
MathisKcr posts small blind 10
Lechat banhi posts big blind 20
Dealt to MathisKcr [Ad Ac]
*** PRE-FLOP *** 
Tof La Win calls 20
MathisKcr raises 280 to 300 and is all-in
Lechat banhi calls 280 and is all-in
Tof La Win folds
*** FLOP *** [Ks Jh 2d]
*** TURN *** [Ks Jh 2d][Ah]
*** RIVER *** [Ks Jh 2d Ah][5h]
*** SHOW DOWN ***
Lechat banhi shows [Kh Qd] (One pair : Kings)
MathisKcr shows [Ad Ac] (Trips of Aces)
MathisKcr collected 620 from pot
*** SUMMARY ***
Total pot 620 | No rake
Board: [Ks Jh 2d Ah 5h]
Seat 1: Lechat banhi (big blind) showed [Kh Qd] and lost with One pair : Kings
Seat 3: MathisKcr (small blind) showed [Ad Ac] and won 620 with Trips of Aces


Winamax Poker - Tournament "Expresso Nitro" buyIn: 0.93€ + 0.07€ level: 1 - HandId: #4675629203767427073-2-1775066373 - Holdem no limit (10/20) - 2026/04/01 17:59:33 UTC
Table: 'Expresso Nitro(1088629757)#0' 3-max (real money) Seat #2 is the button
Seat 2: Tof La Win (280)
Seat 3: MathisKcr (620)
*** ANTE/BLINDS ***
Tof La Win posts small blind 10
MathisKcr posts big blind 20
Dealt to MathisKcr [As Ks]
*** PRE-FLOP *** 
Tof La Win folds
MathisKcr collected 30 from pot
*** SUMMARY ***
Total pot 30 | No rake
Seat 3: MathisKcr (big blind) won 30


Winamax Poker - Tournament "Expresso Nitro" buyIn: 0.93€ + 0.07€ level: 1 - HandId: #4675629203767427073-3-1775066382 - Holdem no limit (10/20) - 2026/04/01 17:59:42 UTC
Table: 'Expresso Nitro(1088629757)#0' 3-max (real money) Seat #3 is the button
Seat 2: Tof La Win (270)
Seat 3: MathisKcr (630)
*** ANTE/BLINDS ***
MathisKcr posts small blind 10
Tof La Win posts big blind 20
Dealt to MathisKcr [2s Jc]
*** PRE-FLOP *** 
MathisKcr folds
Tof La Win collected 30 from pot
*** SUMMARY ***
Total pot 30 | No rake
Seat 2: Tof La Win (big blind) won 30


Winamax Poker - Tournament "Expresso Nitro" buyIn: 0.93€ + 0.07€ level: 1 - HandId: #4675629203767427073-4-1775066387 - Holdem no limit (10/20) - 2026/04/01 17:59:47 UTC
Table: 'Expresso Nitro(1088629757)#0' 3-max (real money) Seat #2 is the button
Seat 2: Tof La Win (280)
Seat 3: MathisKcr (620)
*** ANTE/BLINDS ***
Tof La Win posts small blind 10
MathisKcr posts big blind 20
Dealt to MathisKcr [8c 9d]
*** PRE-FLOP *** 
Tof La Win folds
MathisKcr collected 30 from pot
*** SUMMARY ***
Total pot 30 | No rake
Seat 3: MathisKcr (big blind) won 30


Winamax Poker - Tournament "Expresso Nitro" buyIn: 0.93€ + 0.07€ level: 1 - HandId: #4675629203767427073-5-1775066390 - Holdem no limit (10/20) - 2026/04/01 17:59:50 UTC
Table: 'Expresso Nitro(1088629757)#0' 3-max (real money) Seat #3 is the button
Seat 2: Tof La Win (270)
Seat 3: MathisKcr (630)
*** ANTE/BLINDS ***
MathisKcr posts small blind 10
Tof La Win posts big blind 20
Dealt to MathisKcr [9h Ks]
*** PRE-FLOP *** 
MathisKcr raises 610 to 630 and is all-in
Tof La Win folds
MathisKcr collected 650 from pot
*** SUMMARY ***
Total pot 650 | No rake
Seat 3: MathisKcr (small blind) (button) won 650


Winamax Poker - Tournament "Expresso Nitro" buyIn: 0.93€ + 0.07€ level: 2 - HandId: #4675629203767427073-6-1775066406 - Holdem no limit (15/30) - 2026/04/01 18:00:06 UTC
Table: 'Expresso Nitro(1088629757)#0' 3-max (real money) Seat #2 is the button
Seat 2: Tof La Win (250)
Seat 3: MathisKcr (650)
*** ANTE/BLINDS ***
Tof La Win posts small blind 15
MathisKcr posts big blind 30
Dealt to MathisKcr [3d 8d]
*** PRE-FLOP *** 
Tof La Win folds
MathisKcr collected 45 from pot
*** SUMMARY ***
Total pot 45 | No rake
Seat 3: MathisKcr (big blind) won 45


Winamax Poker - Tournament "Expresso Nitro" buyIn: 0.93€ + 0.07€ level: 2 - HandId: #4675629203767427073-7-1775066413 - Holdem no limit (15/30) - 2026/04/01 18:00:13 UTC
Table: 'Expresso Nitro(1088629757)#0' 3-max (real money) Seat #3 is the button
Seat 2: Tof La Win (235)
Seat 3: MathisKcr (665)
*** ANTE/BLINDS ***
MathisKcr posts small blind 15
Tof La Win posts big blind 30
Dealt to MathisKcr [8d 3c]
*** PRE-FLOP *** 
MathisKcr folds
Tof La Win collected 45 from pot
*** SUMMARY ***
Total pot 45 | No rake
Seat 2: Tof La Win (big blind) won 45


Winamax Poker - Tournament "Expresso Nitro" buyIn: 0.93€ + 0.07€ level: 2 - HandId: #4675629203767427073-8-1775066417 - Holdem no limit (15/30) - 2026/04/01 18:00:17 UTC
Table: 'Expresso Nitro(1088629757)#0' 3-max (real money) Seat #2 is the button
Seat 2: Tof La Win (250)
Seat 3: MathisKcr (650)
*** ANTE/BLINDS ***
Tof La Win posts small blind 15
MathisKcr posts big blind 30
Dealt to MathisKcr [Th 7h]
*** PRE-FLOP *** 
Tof La Win calls 15
MathisKcr checks
*** FLOP *** [9h Ks Ad]
MathisKcr checks
Tof La Win checks
*** TURN *** [9h Ks Ad][4c]
MathisKcr checks
Tof La Win bets 220 and is all-in
MathisKcr folds
Tof La Win collected 280 from pot
*** SUMMARY ***
Total pot 280 | No rake
Board: [9h Ks Ad 4c]
Seat 2: Tof La Win (small blind) (button) won 280


Winamax Poker - Tournament "Expresso Nitro" buyIn: 0.93€ + 0.07€ level: 2 - HandId: #4675629203767427073-9-1775066438 - Holdem no limit (15/30) - 2026/04/01 18:00:38 UTC
Table: 'Expresso Nitro(1088629757)#0' 3-max (real money) Seat #3 is the button
Seat 2: Tof La Win (280)
Seat 3: MathisKcr (620)
*** ANTE/BLINDS ***
MathisKcr posts small blind 15
Tof La Win posts big blind 30
Dealt to MathisKcr [4s 8h]
*** PRE-FLOP *** 
MathisKcr folds
Tof La Win collected 45 from pot
*** SUMMARY ***
Total pot 45 | No rake
Seat 2: Tof La Win (big blind) won 45


Winamax Poker - Tournament "Expresso Nitro" buyIn: 0.93€ + 0.07€ level: 2 - HandId: #4675629203767427073-10-1775066443 - Holdem no limit (15/30) - 2026/04/01 18:00:43 UTC
Table: 'Expresso Nitro(1088629757)#0' 3-max (real money) Seat #2 is the button
Seat 2: Tof La Win (295)
Seat 3: MathisKcr (605)
*** ANTE/BLINDS ***
Tof La Win posts small blind 15
MathisKcr posts big blind 30
Dealt to MathisKcr [Tc 6h]
*** PRE-FLOP *** 
Tof La Win folds
MathisKcr collected 45 from pot
*** SUMMARY ***
Total pot 45 | No rake
Seat 3: MathisKcr (big blind) won 45


Winamax Poker - Tournament "Expresso Nitro" buyIn: 0.93€ + 0.07€ level: 2 - HandId: #4675629203767427073-11-1775066447 - Holdem no limit (15/30) - 2026/04/01 18:00:47 UTC
Table: 'Expresso Nitro(1088629757)#0' 3-max (real money) Seat #3 is the button
Seat 2: Tof La Win (280)
Seat 3: MathisKcr (620)
*** ANTE/BLINDS ***
MathisKcr posts small blind 15
Tof La Win posts big blind 30
Dealt to MathisKcr [Ad 8d]
*** PRE-FLOP *** 
MathisKcr raises 590 to 620 and is all-in
Tof La Win folds
MathisKcr collected 650 from pot
*** SUMMARY ***
Total pot 650 | No rake
Seat 3: MathisKcr (small blind) (button) won 650


Winamax Poker - Tournament "Expresso Nitro" buyIn: 0.93€ + 0.07€ level: 2 - HandId: #4675629203767427073-12-1775066454 - Holdem no limit (15/30) - 2026/04/01 18:00:54 UTC
Table: 'Expresso Nitro(1088629757)#0' 3-max (real money) Seat #2 is the button
Seat 2: Tof La Win (250)
Seat 3: MathisKcr (650)
*** ANTE/BLINDS ***
Tof La Win posts small blind 15
MathisKcr posts big blind 30
Dealt to MathisKcr [4s 4d]
*** PRE-FLOP *** 
Tof La Win calls 15
MathisKcr raises 620 to 650 and is all-in
Tof La Win folds
MathisKcr collected 680 from pot
*** SUMMARY ***
Total pot 680 | No rake
Seat 3: MathisKcr (big blind) won 680


Winamax Poker - Tournament "Expresso Nitro" buyIn: 0.93€ + 0.07€ level: 3 - HandId: #4675629203767427073-13-1775066462 - Holdem no limit (20/40) - 2026/04/01 18:01:02 UTC
Table: 'Expresso Nitro(1088629757)#0' 3-max (real money) Seat #3 is the button
Seat 2: Tof La Win (220)
Seat 3: MathisKcr (680)
*** ANTE/BLINDS ***
MathisKcr posts small blind 20
Tof La Win posts big blind 40
Dealt to MathisKcr [6s 6d]
*** PRE-FLOP *** 
MathisKcr raises 640 to 680 and is all-in
Tof La Win calls 180 and is all-in
*** FLOP *** [4d 2d Qh]
*** TURN *** [4d 2d Qh][5c]
*** RIVER *** [4d 2d Qh 5c][3s]
*** SHOW DOWN ***
Tof La Win shows [7c Qs] (One pair : Queens)
MathisKcr shows [6s 6d] (Straight 6 high)
MathisKcr collected 900 from pot
*** SUMMARY ***
Total pot 900 | No rake
Board: [4d 2d Qh 5c 3s]
Seat 2: Tof La Win (big blind) showed [7c Qs] and lost with One pair : Queens
Seat 3: MathisKcr (small blind) (button) showed [6s 6d] and won 900 with Straight 6 high


