Winamax Poker - Tournament "Expresso" buyIn: 0.23€ + 0.02€ level: 1 - HandId: #4580922911442862081-1-1771526692 - Holdem no limit (10/20) - 2026/02/19 18:44:52 UTC
Table: 'Expresso(1066579230)#0' 3-max (real money) Seat #3 is the button
Seat 1: MathisKcr (500)
Seat 2: Sapartcash (500)
Seat 3: Sullyowen18 (500)
*** ANTE/BLINDS ***
MathisKcr posts small blind 10
Sapartcash posts big blind 20
Dealt to MathisKcr [8h Th]
*** PRE-FLOP *** 
Sullyowen18 raises 480 to 500 and is all-in
MathisKcr folds
Sapartcash folds
Sullyowen18 collected 530 from pot
*** SUMMARY ***
Total pot 530 | No rake
Seat 3: Sullyowen18 (button) won 530


Winamax Poker - Tournament "Expresso" buyIn: 0.23€ + 0.02€ level: 1 - HandId: #4580922911442862081-2-1771526704 - Holdem no limit (10/20) - 2026/02/19 18:45:04 UTC
Table: 'Expresso(1066579230)#0' 3-max (real money) Seat #1 is the button
Seat 1: MathisKcr (490)
Seat 2: Sapartcash (480)
Seat 3: Sullyowen18 (530)
*** ANTE/BLINDS ***
Sapartcash posts small blind 10
Sullyowen18 posts big blind 20
Dealt to MathisKcr [5s Jc]
*** PRE-FLOP *** 
MathisKcr calls 20
Sapartcash calls 10
Sullyowen18 checks
*** FLOP *** [7s 8h Qh]
Sapartcash checks
Sullyowen18 checks
MathisKcr checks
*** TURN *** [7s 8h Qh][2d]
Sapartcash checks
Sullyowen18 checks
MathisKcr checks
*** RIVER *** [7s 8h Qh 2d][6h]
Sapartcash bets 20
Sullyowen18 folds
MathisKcr folds
Sapartcash collected 80 from pot
*** SUMMARY ***
Total pot 80 | No rake
Board: [7s 8h Qh 2d 6h]
Seat 2: Sapartcash (small blind) won 80


Winamax Poker - Tournament "Expresso" buyIn: 0.23€ + 0.02€ level: 2 - HandId: #4580922911442862081-3-1771526780 - Holdem no limit (15/30) - 2026/02/19 18:46:20 UTC
Table: 'Expresso(1066579230)#0' 3-max (real money) Seat #2 is the button
Seat 1: MathisKcr (470)
Seat 2: Sapartcash (520)
Seat 3: Sullyowen18 (510)
*** ANTE/BLINDS ***
Sullyowen18 posts small blind 15
MathisKcr posts big blind 30
Dealt to MathisKcr [4d 7d]
*** PRE-FLOP *** 
Sapartcash calls 30
Sullyowen18 calls 15
MathisKcr checks
*** FLOP *** [9d Ks Ah]
Sullyowen18 checks
MathisKcr checks
Sapartcash checks
*** TURN *** [9d Ks Ah][3h]
Sullyowen18 checks
MathisKcr checks
Sapartcash checks
*** RIVER *** [9d Ks Ah 3h][Qs]
Sullyowen18 checks
MathisKcr checks
Sapartcash bets 59
Sullyowen18 calls 59
MathisKcr folds
*** SHOW DOWN ***
Sullyowen18 shows [Jc 3d] (One pair : 3)
Sapartcash shows [Qd Jh] (One pair : Queens)
Sapartcash collected 208 from pot
*** SUMMARY ***
Total pot 208 | No rake
Board: [9d Ks Ah 3h Qs]
Seat 2: Sapartcash (button) showed [Qd Jh] and won 208 with One pair : Queens
Seat 3: Sullyowen18 (small blind) showed [Jc 3d] and lost with One pair : 3


Winamax Poker - Tournament "Expresso" buyIn: 0.23€ + 0.02€ level: 2 - HandId: #4580922911442862081-4-1771526841 - Holdem no limit (15/30) - 2026/02/19 18:47:21 UTC
Table: 'Expresso(1066579230)#0' 3-max (real money) Seat #3 is the button
Seat 1: MathisKcr (440)
Seat 2: Sapartcash (639)
Seat 3: Sullyowen18 (421)
*** ANTE/BLINDS ***
MathisKcr posts small blind 15
Sapartcash posts big blind 30
Dealt to MathisKcr [Ks 8s]
*** PRE-FLOP *** 
Sullyowen18 folds
MathisKcr calls 15
Sapartcash checks
*** FLOP *** [Qs 4c 7h]
MathisKcr checks
Sapartcash bets 30
MathisKcr calls 30
*** TURN *** [Qs 4c 7h][6h]
MathisKcr checks
Sapartcash bets 30
MathisKcr calls 30
*** RIVER *** [Qs 4c 7h 6h][5d]
MathisKcr bets 30
Sapartcash raises 30 to 60
MathisKcr calls 30
*** SHOW DOWN ***
Sapartcash shows [2s 7c] (One pair : 7)
MathisKcr shows [Ks 8s] (Straight 8 high)
MathisKcr collected 300 from pot
*** SUMMARY ***
Total pot 300 | No rake
Board: [Qs 4c 7h 6h 5d]
Seat 1: MathisKcr (small blind) showed [Ks 8s] and won 300 with Straight 8 high
Seat 2: Sapartcash (big blind) showed [2s 7c] and lost with One pair : 7


Winamax Poker - Tournament "Expresso" buyIn: 0.23€ + 0.02€ level: 3 - HandId: #4580922911442862081-5-1771526876 - Holdem no limit (20/40) - 2026/02/19 18:47:56 UTC
Table: 'Expresso(1066579230)#0' 3-max (real money) Seat #1 is the button
Seat 1: MathisKcr (590)
Seat 2: Sapartcash (489)
Seat 3: Sullyowen18 (421)
*** ANTE/BLINDS ***
Sapartcash posts small blind 20
Sullyowen18 posts big blind 40
Dealt to MathisKcr [Kd Ad]
*** PRE-FLOP *** 
MathisKcr raises 40 to 80
Sapartcash folds
Sullyowen18 folds
MathisKcr collected 140 from pot
*** SUMMARY ***
Total pot 140 | No rake
Seat 1: MathisKcr (button) won 140


Winamax Poker - Tournament "Expresso" buyIn: 0.23€ + 0.02€ level: 3 - HandId: #4580922911442862081-6-1771526902 - Holdem no limit (20/40) - 2026/02/19 18:48:22 UTC
Table: 'Expresso(1066579230)#0' 3-max (real money) Seat #2 is the button
Seat 1: MathisKcr (650)
Seat 2: Sapartcash (469)
Seat 3: Sullyowen18 (381)
*** ANTE/BLINDS ***
Sullyowen18 posts small blind 20
MathisKcr posts big blind 40
Dealt to MathisKcr [5h 2s]
*** PRE-FLOP *** 
Sapartcash calls 40
Sullyowen18 calls 20
MathisKcr checks
*** FLOP *** [4d 6d 7c]
Sullyowen18 checks
MathisKcr checks
Sapartcash checks
*** TURN *** [4d 6d 7c][3d]
Sullyowen18 checks
MathisKcr bets 60
Sapartcash folds
Sullyowen18 calls 60
*** RIVER *** [4d 6d 7c 3d][8d]
Sullyowen18 checks
MathisKcr bets 40
Sullyowen18 calls 40
*** SHOW DOWN ***
Sullyowen18 shows [3h Ts] (One pair : 3)
MathisKcr shows [5h 2s] (Straight 8 high)
MathisKcr collected 320 from pot
*** SUMMARY ***
Total pot 320 | No rake
Board: [4d 6d 7c 3d 8d]
Seat 1: MathisKcr (big blind) showed [5h 2s] and won 320 with Straight 8 high
Seat 3: Sullyowen18 (small blind) showed [3h Ts] and lost with One pair : 3


Winamax Poker - Tournament "Expresso" buyIn: 0.23€ + 0.02€ level: 3 - HandId: #4580922911442862081-7-1771526952 - Holdem no limit (20/40) - 2026/02/19 18:49:12 UTC
Table: 'Expresso(1066579230)#0' 3-max (real money) Seat #3 is the button
Seat 1: MathisKcr (830)
Seat 2: Sapartcash (429)
Seat 3: Sullyowen18 (241)
*** ANTE/BLINDS ***
MathisKcr posts small blind 20
Sapartcash posts big blind 40
Dealt to MathisKcr [Ah 2d]
*** PRE-FLOP *** 
Sullyowen18 folds
MathisKcr calls 20
Sapartcash checks
*** FLOP *** [9h Ad 5d]
MathisKcr bets 40
Sapartcash folds
MathisKcr collected 120 from pot
*** SUMMARY ***
Total pot 120 | No rake
Board: [9h Ad 5d]
Seat 1: MathisKcr (small blind) won 120


Winamax Poker - Tournament "Expresso" buyIn: 0.23€ + 0.02€ level: 4 - HandId: #4580922911442862081-8-1771526974 - Holdem no limit (30/60) - 2026/02/19 18:49:34 UTC
Table: 'Expresso(1066579230)#0' 3-max (real money) Seat #1 is the button
Seat 1: MathisKcr (870)
Seat 2: Sapartcash (389)
Seat 3: Sullyowen18 (241)
*** ANTE/BLINDS ***
Sapartcash posts small blind 30
Sullyowen18 posts big blind 60
Dealt to MathisKcr [8h Kd]
*** PRE-FLOP *** 
MathisKcr calls 60
Sapartcash calls 30
Sullyowen18 checks
*** FLOP *** [8d 3h 8s]
Sapartcash checks
Sullyowen18 checks
MathisKcr bets 60
Sapartcash calls 60
Sullyowen18 folds
*** TURN *** [8d 3h 8s][Qs]
Sapartcash bets 269 and is all-in
MathisKcr calls 269
*** RIVER *** [8d 3h 8s Qs][Ks]
*** SHOW DOWN ***
Sapartcash shows [Qc 5h] (Two pairs : Queens and 8)
MathisKcr shows [8h Kd] (Full of 8 and Kings)
MathisKcr collected 838 from pot
*** SUMMARY ***
Total pot 838 | No rake
Board: [8d 3h 8s Qs Ks]
Seat 1: MathisKcr (button) showed [8h Kd] and won 838 with Full of 8 and Kings
Seat 2: Sapartcash (small blind) showed [Qc 5h] and lost with Two pairs : Queens and 8


Winamax Poker - Tournament "Expresso" buyIn: 0.23€ + 0.02€ level: 4 - HandId: #4580922911442862081-9-1771527008 - Holdem no limit (30/60) - 2026/02/19 18:50:08 UTC
Table: 'Expresso(1066579230)#0' 3-max (real money) Seat #3 is the button
Seat 1: MathisKcr (1319)
Seat 3: Sullyowen18 (181)
*** ANTE/BLINDS ***
Sullyowen18 posts small blind 30
MathisKcr posts big blind 60
Dealt to MathisKcr [5s Kc]
*** PRE-FLOP *** 
Sullyowen18 calls 30
MathisKcr raises 60 to 120
Sullyowen18 calls 60
*** FLOP *** [7s 2c 6d]
MathisKcr bets 60
Sullyowen18 calls 60
*** TURN *** [7s 2c 6d][Qs]
MathisKcr checks
Sullyowen18 checks
*** RIVER *** [7s 2c 6d Qs][5d]
MathisKcr bets 60
Sullyowen18 calls 1 and is all-in
*** SHOW DOWN ***
MathisKcr shows [5s Kc] (One pair : 5)
Sullyowen18 shows [Qd 7c] (Two pairs : Queens and 7)
Sullyowen18 collected 362 from main pot
MathisKcr collected 59 from side pot 1
*** SUMMARY ***
Total pot 421 | No rake
Board: [7s 2c 6d Qs 5d]
Seat 1: MathisKcr (big blind) showed [5s Kc] and won 59 with One pair : 5
Seat 3: Sullyowen18 (small blind) (button) showed [Qd 7c] and won 362 with Two pairs : Queens and 7


Winamax Poker - Tournament "Expresso" buyIn: 0.23€ + 0.02€ level: 4 - HandId: #4580922911442862081-10-1771527049 - Holdem no limit (30/60) - 2026/02/19 18:50:49 UTC
Table: 'Expresso(1066579230)#0' 3-max (real money) Seat #1 is the button
Seat 1: MathisKcr (1138)
Seat 3: Sullyowen18 (362)
*** ANTE/BLINDS ***
MathisKcr posts small blind 30
Sullyowen18 posts big blind 60
Dealt to MathisKcr [6s As]
*** PRE-FLOP *** 
MathisKcr calls 30
Sullyowen18 checks
*** FLOP *** [5s Qc 5c]
Sullyowen18 checks
MathisKcr bets 60
Sullyowen18 calls 60
*** TURN *** [5s Qc 5c][Ac]
Sullyowen18 checks
MathisKcr bets 60
Sullyowen18 calls 60
*** RIVER *** [5s Qc 5c Ac][4d]
Sullyowen18 checks
MathisKcr bets 60
Sullyowen18 folds
MathisKcr collected 420 from pot
*** SUMMARY ***
Total pot 420 | No rake
Board: [5s Qc 5c Ac 4d]
Seat 1: MathisKcr (small blind) (button) won 420


Winamax Poker - Tournament "Expresso" buyIn: 0.23€ + 0.02€ level: 5 - HandId: #4580922911442862081-11-1771527085 - Holdem no limit (40/80) - 2026/02/19 18:51:25 UTC
Table: 'Expresso(1066579230)#0' 3-max (real money) Seat #3 is the button
Seat 1: MathisKcr (1318)
Seat 3: Sullyowen18 (182)
*** ANTE/BLINDS ***
Sullyowen18 posts small blind 40
MathisKcr posts big blind 80
Dealt to MathisKcr [As 8c]
*** PRE-FLOP *** 
Sullyowen18 raises 102 to 182 and is all-in
MathisKcr calls 102
*** FLOP *** [Kd 4d Kh]
*** TURN *** [Kd 4d Kh][6h]
*** RIVER *** [Kd 4d Kh 6h][3h]
*** SHOW DOWN ***
MathisKcr shows [As 8c] (One pair : Kings)
Sullyowen18 shows [Qs Kc] (Trips of Kings)
Sullyowen18 collected 364 from pot
*** SUMMARY ***
Total pot 364 | No rake
Board: [Kd 4d Kh 6h 3h]
Seat 1: MathisKcr (big blind) showed [As 8c] and lost with One pair : Kings
Seat 3: Sullyowen18 (small blind) (button) showed [Qs Kc] and won 364 with Trips of Kings


Winamax Poker - Tournament "Expresso" buyIn: 0.23€ + 0.02€ level: 5 - HandId: #4580922911442862081-12-1771527097 - Holdem no limit (40/80) - 2026/02/19 18:51:37 UTC
Table: 'Expresso(1066579230)#0' 3-max (real money) Seat #1 is the button
Seat 1: MathisKcr (1136)
Seat 3: Sullyowen18 (364)
*** ANTE/BLINDS ***
MathisKcr posts small blind 40
Sullyowen18 posts big blind 80
Dealt to MathisKcr [6c 2c]
*** PRE-FLOP *** 
MathisKcr calls 40
Sullyowen18 raises 80 to 160
MathisKcr folds
Sullyowen18 collected 240 from pot
*** SUMMARY ***
Total pot 240 | No rake
Seat 3: Sullyowen18 (big blind) won 240


Winamax Poker - Tournament "Expresso" buyIn: 0.23€ + 0.02€ level: 5 - HandId: #4580922911442862081-13-1771527109 - Holdem no limit (40/80) - 2026/02/19 18:51:49 UTC
Table: 'Expresso(1066579230)#0' 3-max (real money) Seat #3 is the button
Seat 1: MathisKcr (1056)
Seat 3: Sullyowen18 (444)
*** ANTE/BLINDS ***
Sullyowen18 posts small blind 40
MathisKcr posts big blind 80
Dealt to MathisKcr [9c Qh]
*** PRE-FLOP *** 
Sullyowen18 folds
MathisKcr collected 120 from pot
*** SUMMARY ***
Total pot 120 | No rake
Seat 1: MathisKcr (big blind) won 120


Winamax Poker - Tournament "Expresso" buyIn: 0.23€ + 0.02€ level: 5 - HandId: #4580922911442862081-14-1771527116 - Holdem no limit (40/80) - 2026/02/19 18:51:56 UTC
Table: 'Expresso(1066579230)#0' 3-max (real money) Seat #1 is the button
Seat 1: MathisKcr (1096)
Seat 3: Sullyowen18 (404)
*** ANTE/BLINDS ***
MathisKcr posts small blind 40
Sullyowen18 posts big blind 80
Dealt to MathisKcr [Jh 3d]
*** PRE-FLOP *** 
MathisKcr calls 40
Sullyowen18 checks
*** FLOP *** [5s Qh 5c]
Sullyowen18 bets 324 and is all-in
MathisKcr folds
Sullyowen18 collected 484 from pot
*** SUMMARY ***
Total pot 484 | No rake
Board: [5s Qh 5c]
Seat 3: Sullyowen18 (big blind) won 484


Winamax Poker - Tournament "Expresso" buyIn: 0.23€ + 0.02€ level: 5 - HandId: #4580922911442862081-15-1771527132 - Holdem no limit (40/80) - 2026/02/19 18:52:12 UTC
Table: 'Expresso(1066579230)#0' 3-max (real money) Seat #3 is the button
Seat 1: MathisKcr (1016)
Seat 3: Sullyowen18 (484)
*** ANTE/BLINDS ***
Sullyowen18 posts small blind 40
MathisKcr posts big blind 80
Dealt to MathisKcr [Jh 5d]
*** PRE-FLOP *** 
Sullyowen18 raises 80 to 160
MathisKcr calls 80
*** FLOP *** [7c 5c 9c]
MathisKcr checks
Sullyowen18 checks
*** TURN *** [7c 5c 9c][3s]
MathisKcr checks
Sullyowen18 checks
*** RIVER *** [7c 5c 9c 3s][Js]
MathisKcr bets 80
Sullyowen18 calls 80
*** SHOW DOWN ***
Sullyowen18 shows [Tc Ah] (High card : Ace)
MathisKcr shows [Jh 5d] (Two pairs : Jacks and 5)
MathisKcr collected 480 from pot
*** SUMMARY ***
Total pot 480 | No rake
Board: [7c 5c 9c 3s Js]
Seat 1: MathisKcr (big blind) showed [Jh 5d] and won 480 with Two pairs : Jacks and 5
Seat 3: Sullyowen18 (small blind) (button) showed [Tc Ah] and lost with High card : Ace


Winamax Poker - Tournament "Expresso" buyIn: 0.23€ + 0.02€ level: 6 - HandId: #4580922911442862081-16-1771527159 - Holdem no limit (50/100) - 2026/02/19 18:52:39 UTC
Table: 'Expresso(1066579230)#0' 3-max (real money) Seat #1 is the button
Seat 1: MathisKcr (1256)
Seat 3: Sullyowen18 (244)
*** ANTE/BLINDS ***
MathisKcr posts small blind 50
Sullyowen18 posts big blind 100
Dealt to MathisKcr [Kh 4s]
*** PRE-FLOP *** 
MathisKcr calls 50
Sullyowen18 raises 144 to 244 and is all-in
MathisKcr calls 144
*** FLOP *** [Qd Jh 4c]
*** TURN *** [Qd Jh 4c][As]
*** RIVER *** [Qd Jh 4c As][Ks]
*** SHOW DOWN ***
Sullyowen18 shows [7c Ah] (One pair : Aces)
MathisKcr shows [Kh 4s] (Two pairs : Kings and 4)
MathisKcr collected 488 from pot
*** SUMMARY ***
Total pot 488 | No rake
Board: [Qd Jh 4c As Ks]
Seat 1: MathisKcr (small blind) (button) showed [Kh 4s] and won 488 with Two pairs : Kings and 4
Seat 3: Sullyowen18 (big blind) showed [7c Ah] and lost with One pair : Aces


