Winamax Poker - Tournament "Expresso Nitro" buyIn: 0.93€ + 0.07€ level: 1 - HandId: #4666230045797253121-1-1774703133 - Holdem no limit (10/20) - 2026/03/28 13:05:33 UTC
Table: 'Expresso Nitro(1086441345)#0' 3-max (real money) Seat #3 is the button
Seat 1: MathisKcr (300)
Seat 2: Yannick1845 (300)
Seat 3: Bleu_Mat (300)
*** ANTE/BLINDS ***
MathisKcr posts small blind 10
Yannick1845 posts big blind 20
Dealt to MathisKcr [As 6s]
*** PRE-FLOP *** 
Bleu_Mat folds
MathisKcr raises 280 to 300 and is all-in
Yannick1845 folds
MathisKcr collected 320 from pot
*** SUMMARY ***
Total pot 320 | No rake
Seat 1: MathisKcr (small blind) won 320


Winamax Poker - Tournament "Expresso Nitro" buyIn: 0.93€ + 0.07€ level: 1 - HandId: #4666230045797253121-2-1774703142 - Holdem no limit (10/20) - 2026/03/28 13:05:42 UTC
Table: 'Expresso Nitro(1086441345)#0' 3-max (real money) Seat #1 is the button
Seat 1: MathisKcr (320)
Seat 2: Yannick1845 (280)
Seat 3: Bleu_Mat (300)
*** ANTE/BLINDS ***
Yannick1845 posts small blind 10
Bleu_Mat posts big blind 20
Dealt to MathisKcr [6d 9h]
*** PRE-FLOP *** 
MathisKcr folds
Yannick1845 raises 20 to 40
Bleu_Mat calls 20
*** FLOP *** [7h 6h Qs]
Yannick1845 checks
Bleu_Mat bets 30
Yannick1845 calls 30
*** TURN *** [7h 6h Qs][2d]
Yannick1845 checks
Bleu_Mat checks
*** RIVER *** [7h 6h Qs 2d][Kd]
Yannick1845 bets 210 and is all-in
Bleu_Mat folds
Yannick1845 collected 350 from pot
*** SUMMARY ***
Total pot 350 | No rake
Board: [7h 6h Qs 2d Kd]
Seat 2: Yannick1845 (small blind) won 350


Winamax Poker - Tournament "Expresso Nitro" buyIn: 0.93€ + 0.07€ level: 1 - HandId: #4666230045797253121-3-1774703172 - Holdem no limit (10/20) - 2026/03/28 13:06:12 UTC
Table: 'Expresso Nitro(1086441345)#0' 3-max (real money) Seat #2 is the button
Seat 1: MathisKcr (320)
Seat 2: Yannick1845 (350)
Seat 3: Bleu_Mat (230)
*** ANTE/BLINDS ***
Bleu_Mat posts small blind 10
MathisKcr posts big blind 20
Dealt to MathisKcr [Qd Qc]
*** PRE-FLOP *** 
Yannick1845 folds
Bleu_Mat folds
MathisKcr collected 30 from pot
*** SUMMARY ***
Total pot 30 | No rake
Seat 1: MathisKcr (big blind) won 30


Winamax Poker - Tournament "Expresso Nitro" buyIn: 0.93€ + 0.07€ level: 1 - HandId: #4666230045797253121-4-1774703179 - Holdem no limit (10/20) - 2026/03/28 13:06:19 UTC
Table: 'Expresso Nitro(1086441345)#0' 3-max (real money) Seat #3 is the button
Seat 1: MathisKcr (330)
Seat 2: Yannick1845 (350)
Seat 3: Bleu_Mat (220)
*** ANTE/BLINDS ***
MathisKcr posts small blind 10
Yannick1845 posts big blind 20
Dealt to MathisKcr [Kd Kc]
*** PRE-FLOP *** 
Bleu_Mat folds
MathisKcr raises 310 to 330 and is all-in
Yannick1845 calls 310
*** FLOP *** [5d 4h 6s]
*** TURN *** [5d 4h 6s][8d]
*** RIVER *** [5d 4h 6s 8d][9d]
*** SHOW DOWN ***
Yannick1845 shows [Ts Kh] (High card : King)
MathisKcr shows [Kd Kc] (One pair : Kings)
MathisKcr collected 660 from pot
*** SUMMARY ***
Total pot 660 | No rake
Board: [5d 4h 6s 8d 9d]
Seat 1: MathisKcr (small blind) showed [Kd Kc] and won 660 with One pair : Kings
Seat 2: Yannick1845 (big blind) showed [Ts Kh] and lost with High card : King


Winamax Poker - Tournament "Expresso Nitro" buyIn: 0.93€ + 0.07€ level: 2 - HandId: #4666230045797253121-5-1774703197 - Holdem no limit (15/30) - 2026/03/28 13:06:37 UTC
Table: 'Expresso Nitro(1086441345)#0' 3-max (real money) Seat #1 is the button
Seat 1: MathisKcr (660)
Seat 2: Yannick1845 (20)
Seat 3: Bleu_Mat (220)
*** ANTE/BLINDS ***
Yannick1845 posts small blind 15
Bleu_Mat posts big blind 30
Dealt to MathisKcr [Ks 5d]
*** PRE-FLOP *** 
MathisKcr raises 30 to 60
Yannick1845 calls 5 and is all-in
Bleu_Mat folds
*** FLOP *** [Tc 4c 3c]
*** TURN *** [Tc 4c 3c][As]
*** RIVER *** [Tc 4c 3c As][8d]
*** SHOW DOWN ***
MathisKcr shows [Ks 5d] (High card : Ace)
Yannick1845 shows [Td 9s] (One pair : Tens)
Yannick1845 collected 60 from main pot
MathisKcr collected 50 from side pot 1
*** SUMMARY ***
Total pot 110 | No rake
Board: [Tc 4c 3c As 8d]
Seat 1: MathisKcr (button) showed [Ks 5d] and won 50 with High card : Ace
Seat 2: Yannick1845 (small blind) showed [Td 9s] and won 60 with One pair : Tens


Winamax Poker - Tournament "Expresso Nitro" buyIn: 0.93€ + 0.07€ level: 2 - HandId: #4666230045797253121-6-1774703215 - Holdem no limit (15/30) - 2026/03/28 13:06:55 UTC
Table: 'Expresso Nitro(1086441345)#0' 3-max (real money) Seat #2 is the button
Seat 1: MathisKcr (650)
Seat 2: Yannick1845 (60)
Seat 3: Bleu_Mat (190)
*** ANTE/BLINDS ***
Bleu_Mat posts small blind 15
MathisKcr posts big blind 30
Dealt to MathisKcr [6s 7h]
*** PRE-FLOP *** 
Yannick1845 raises 30 to 60 and is all-in
Bleu_Mat raises 130 to 190 and is all-in
MathisKcr folds
*** FLOP *** [Kh 5h 4d]
*** TURN *** [Kh 5h 4d][4c]
*** RIVER *** [Kh 5h 4d 4c][Th]
*** SHOW DOWN ***
Yannick1845 shows [9d 8d] (One pair : 4)
Bleu_Mat shows [Ac 3c] (One pair : 4)
Bleu_Mat collected 280 from pot
*** SUMMARY ***
Total pot 280 | No rake
Board: [Kh 5h 4d 4c Th]
Seat 2: Yannick1845 (button) showed [9d 8d] and lost with One pair : 4
Seat 3: Bleu_Mat (small blind) showed [Ac 3c] and won 280 with One pair : 4


Winamax Poker - Tournament "Expresso Nitro" buyIn: 0.93€ + 0.07€ level: 2 - HandId: #4666230045797253121-7-1774703232 - Holdem no limit (15/30) - 2026/03/28 13:07:12 UTC
Table: 'Expresso Nitro(1086441345)#0' 3-max (real money) Seat #1 is the button
Seat 1: MathisKcr (620)
Seat 3: Bleu_Mat (280)
*** ANTE/BLINDS ***
MathisKcr posts small blind 15
Bleu_Mat posts big blind 30
Dealt to MathisKcr [Qd 4s]
*** PRE-FLOP *** 
MathisKcr raises 590 to 620 and is all-in
Bleu_Mat folds
MathisKcr collected 650 from pot
*** SUMMARY ***
Total pot 650 | No rake
Seat 1: MathisKcr (small blind) (button) won 650


Winamax Poker - Tournament "Expresso Nitro" buyIn: 0.93€ + 0.07€ level: 2 - HandId: #4666230045797253121-8-1774703247 - Holdem no limit (15/30) - 2026/03/28 13:07:27 UTC
Table: 'Expresso Nitro(1086441345)#0' 3-max (real money) Seat #3 is the button
Seat 1: MathisKcr (650)
Seat 3: Bleu_Mat (250)
*** ANTE/BLINDS ***
Bleu_Mat posts small blind 15
MathisKcr posts big blind 30
Dealt to MathisKcr [Qc Kd]
*** PRE-FLOP *** 
Bleu_Mat raises 220 to 250 and is all-in
MathisKcr calls 220
*** FLOP *** [8c 4h 3s]
*** TURN *** [8c 4h 3s][2d]
*** RIVER *** [8c 4h 3s 2d][9s]
*** SHOW DOWN ***
Bleu_Mat shows [Ts Jc] (High card : Jack)
MathisKcr shows [Qc Kd] (High card : King)
MathisKcr collected 500 from pot
*** SUMMARY ***
Total pot 500 | No rake
Board: [8c 4h 3s 2d 9s]
Seat 1: MathisKcr (big blind) showed [Qc Kd] and won 500 with High card : King
Seat 3: Bleu_Mat (small blind) (button) showed [Ts Jc] and lost with High card : Jack


