Winamax Poker - Tournament "Expresso Nitro" buyIn: 0.93€ + 0.07€ level: 1 - HandId: #4666741576402206721-1-1774720538 - Holdem no limit (10/20) - 2026/03/28 17:55:38 UTC
Table: 'Expresso Nitro(1086560445)#0' 3-max (real money) Seat #3 is the button
Seat 1: MathisKcr (300)
Seat 2: La glamboche (300)
Seat 3: Tonio9.7.4 (300)
*** ANTE/BLINDS ***
MathisKcr posts small blind 10
La glamboche posts big blind 20
Dealt to MathisKcr [5s 2h]
*** PRE-FLOP *** 
Tonio9.7.4 folds
MathisKcr folds
La glamboche collected 30 from pot
*** SUMMARY ***
Total pot 30 | No rake
Seat 2: La glamboche (big blind) won 30


Winamax Poker - Tournament "Expresso Nitro" buyIn: 0.93€ + 0.07€ level: 1 - HandId: #4666741576402206721-2-1774720545 - Holdem no limit (10/20) - 2026/03/28 17:55:45 UTC
Table: 'Expresso Nitro(1086560445)#0' 3-max (real money) Seat #1 is the button
Seat 1: MathisKcr (290)
Seat 2: La glamboche (310)
Seat 3: Tonio9.7.4 (300)
*** ANTE/BLINDS ***
La glamboche posts small blind 10
Tonio9.7.4 posts big blind 20
Dealt to MathisKcr [2s Ts]
*** PRE-FLOP *** 
MathisKcr folds
La glamboche calls 10
Tonio9.7.4 checks
*** FLOP *** [7h 3c Td]
La glamboche checks
Tonio9.7.4 checks
*** TURN *** [7h 3c Td][4c]
La glamboche checks
Tonio9.7.4 checks
*** RIVER *** [7h 3c Td 4c][8h]
La glamboche bets 40
Tonio9.7.4 folds
La glamboche collected 80 from pot
*** SUMMARY ***
Total pot 80 | No rake
Board: [7h 3c Td 4c 8h]
Seat 2: La glamboche (small blind) won 80


Winamax Poker - Tournament "Expresso Nitro" buyIn: 0.93€ + 0.07€ level: 1 - HandId: #4666741576402206721-3-1774720573 - Holdem no limit (10/20) - 2026/03/28 17:56:13 UTC
Table: 'Expresso Nitro(1086560445)#0' 3-max (real money) Seat #2 is the button
Seat 1: MathisKcr (290)
Seat 2: La glamboche (330)
Seat 3: Tonio9.7.4 (280)
*** ANTE/BLINDS ***
Tonio9.7.4 posts small blind 10
MathisKcr posts big blind 20
Dealt to MathisKcr [Ts 3s]
*** PRE-FLOP *** 
La glamboche folds
Tonio9.7.4 raises 260 to 280 and is all-in
MathisKcr folds
Tonio9.7.4 collected 300 from pot
*** SUMMARY ***
Total pot 300 | No rake
Seat 3: Tonio9.7.4 (small blind) won 300


Winamax Poker - Tournament "Expresso Nitro" buyIn: 0.93€ + 0.07€ level: 1 - HandId: #4666741576402206721-4-1774720581 - Holdem no limit (10/20) - 2026/03/28 17:56:21 UTC
Table: 'Expresso Nitro(1086560445)#0' 3-max (real money) Seat #3 is the button
Seat 1: MathisKcr (270)
Seat 2: La glamboche (330)
Seat 3: Tonio9.7.4 (300)
*** ANTE/BLINDS ***
MathisKcr posts small blind 10
La glamboche posts big blind 20
Dealt to MathisKcr [7h Qs]
*** PRE-FLOP *** 
Tonio9.7.4 folds
MathisKcr raises 250 to 270 and is all-in
La glamboche folds
MathisKcr collected 290 from pot
*** SUMMARY ***
Total pot 290 | No rake
Seat 1: MathisKcr (small blind) won 290


Winamax Poker - Tournament "Expresso Nitro" buyIn: 0.93€ + 0.07€ level: 1 - HandId: #4666741576402206721-5-1774720593 - Holdem no limit (10/20) - 2026/03/28 17:56:33 UTC
Table: 'Expresso Nitro(1086560445)#0' 3-max (real money) Seat #1 is the button
Seat 1: MathisKcr (290)
Seat 2: La glamboche (310)
Seat 3: Tonio9.7.4 (300)
*** ANTE/BLINDS ***
La glamboche posts small blind 10
Tonio9.7.4 posts big blind 20
Dealt to MathisKcr [8c 7d]
*** PRE-FLOP *** 
MathisKcr folds
La glamboche calls 10
Tonio9.7.4 raises 40 to 60
La glamboche calls 40
*** FLOP *** [4h 3d 9s]
La glamboche checks
Tonio9.7.4 bets 240 and is all-in
La glamboche folds
Tonio9.7.4 collected 360 from pot
*** SUMMARY ***
Total pot 360 | No rake
Board: [4h 3d 9s]
Seat 3: Tonio9.7.4 (big blind) won 360


Winamax Poker - Tournament "Expresso Nitro" buyIn: 0.93€ + 0.07€ level: 2 - HandId: #4666741576402206721-6-1774720620 - Holdem no limit (15/30) - 2026/03/28 17:57:00 UTC
Table: 'Expresso Nitro(1086560445)#0' 3-max (real money) Seat #2 is the button
Seat 1: MathisKcr (290)
Seat 2: La glamboche (250)
Seat 3: Tonio9.7.4 (360)
*** ANTE/BLINDS ***
Tonio9.7.4 posts small blind 15
MathisKcr posts big blind 30
Dealt to MathisKcr [4c Ah]
*** PRE-FLOP *** 
La glamboche folds
Tonio9.7.4 calls 15
MathisKcr raises 260 to 290 and is all-in
Tonio9.7.4 raises 70 to 360 and is all-in
*** FLOP *** [Ac 5h 2h]
*** TURN *** [Ac 5h 2h][4h]
*** RIVER *** [Ac 5h 2h 4h][2c]
*** SHOW DOWN ***
MathisKcr shows [4c Ah] (Two pairs : Aces and 4)
Tonio9.7.4 shows [Tc Th] (Two pairs : Tens and 2)
Tonio9.7.4 collected 70 from side pot 1
MathisKcr collected 580 from main pot
*** SUMMARY ***
Total pot 650 | No rake
Board: [Ac 5h 2h 4h 2c]
Seat 1: MathisKcr (big blind) showed [4c Ah] and won 580 with Two pairs : Aces and 4
Seat 3: Tonio9.7.4 (small blind) showed [Tc Th] and won 70 with Two pairs : Tens and 2


Winamax Poker - Tournament "Expresso Nitro" buyIn: 0.93€ + 0.07€ level: 2 - HandId: #4666741576402206721-7-1774720638 - Holdem no limit (15/30) - 2026/03/28 17:57:18 UTC
Table: 'Expresso Nitro(1086560445)#0' 3-max (real money) Seat #3 is the button
Seat 1: MathisKcr (580)
Seat 2: La glamboche (250)
Seat 3: Tonio9.7.4 (70)
*** ANTE/BLINDS ***
MathisKcr posts small blind 15
La glamboche posts big blind 30
Dealt to MathisKcr [6s Ts]
*** PRE-FLOP *** 
Tonio9.7.4 raises 40 to 70 and is all-in
MathisKcr raises 510 to 580 and is all-in
La glamboche folds
*** FLOP *** [5d Th 2c]
*** TURN *** [5d Th 2c][As]
*** RIVER *** [5d Th 2c As][Td]
*** SHOW DOWN ***
Tonio9.7.4 shows [5h 8c] (Two pairs : Tens and 5)
MathisKcr shows [6s Ts] (Trips of Tens)
MathisKcr collected 680 from pot
*** SUMMARY ***
Total pot 680 | No rake
Board: [5d Th 2c As Td]
Seat 1: MathisKcr (small blind) showed [6s Ts] and won 680 with Trips of Tens
Seat 3: Tonio9.7.4 (button) showed [5h 8c] and lost with Two pairs : Tens and 5


Winamax Poker - Tournament "Expresso Nitro" buyIn: 0.93€ + 0.07€ level: 3 - HandId: #4666741576402206721-8-1774720659 - Holdem no limit (20/40) - 2026/03/28 17:57:39 UTC
Table: 'Expresso Nitro(1086560445)#0' 3-max (real money) Seat #2 is the button
Seat 1: MathisKcr (680)
Seat 2: La glamboche (220)
*** ANTE/BLINDS ***
La glamboche posts small blind 20
MathisKcr posts big blind 40
Dealt to MathisKcr [5c Qh]
*** PRE-FLOP *** 
La glamboche raises 40 to 80
MathisKcr calls 40
*** FLOP *** [Ac 2c Qd]
MathisKcr bets 600 and is all-in
La glamboche calls 140 and is all-in
*** TURN *** [Ac 2c Qd][Th]
*** RIVER *** [Ac 2c Qd Th][9s]
*** SHOW DOWN ***
MathisKcr shows [5c Qh] (One pair : Queens)
La glamboche shows [Kd Kh] (One pair : Kings)
La glamboche collected 440 from main pot
MathisKcr collected 460 from side pot 1
*** SUMMARY ***
Total pot 900 | No rake
Board: [Ac 2c Qd Th 9s]
Seat 1: MathisKcr (big blind) showed [5c Qh] and won 460 with One pair : Queens
Seat 2: La glamboche (small blind) (button) showed [Kd Kh] and won 440 with One pair : Kings


Winamax Poker - Tournament "Expresso Nitro" buyIn: 0.93€ + 0.07€ level: 3 - HandId: #4666741576402206721-9-1774720681 - Holdem no limit (20/40) - 2026/03/28 17:58:01 UTC
Table: 'Expresso Nitro(1086560445)#0' 3-max (real money) Seat #1 is the button
Seat 1: MathisKcr (460)
Seat 2: La glamboche (440)
*** ANTE/BLINDS ***
MathisKcr posts small blind 20
La glamboche posts big blind 40
Dealt to MathisKcr [6c 8h]
*** PRE-FLOP *** 
MathisKcr folds
La glamboche collected 60 from pot
*** SUMMARY ***
Total pot 60 | No rake
Seat 2: La glamboche (big blind) won 60


Winamax Poker - Tournament "Expresso Nitro" buyIn: 0.93€ + 0.07€ level: 3 - HandId: #4666741576402206721-10-1774720685 - Holdem no limit (20/40) - 2026/03/28 17:58:05 UTC
Table: 'Expresso Nitro(1086560445)#0' 3-max (real money) Seat #2 is the button
Seat 1: MathisKcr (440)
Seat 2: La glamboche (460)
*** ANTE/BLINDS ***
La glamboche posts small blind 20
MathisKcr posts big blind 40
Dealt to MathisKcr [9h 8d]
*** PRE-FLOP *** 
La glamboche calls 20
MathisKcr checks
*** FLOP *** [7c 8c Qh]
MathisKcr bets 80
La glamboche raises 340 to 420 and is all-in
MathisKcr calls 320 and is all-in
*** TURN *** [7c 8c Qh][4d]
*** RIVER *** [7c 8c Qh 4d][9d]
*** SHOW DOWN ***
MathisKcr shows [9h 8d] (Two pairs : 9 and 8)
La glamboche shows [3c Jc] (High card : Queen)
La glamboche collected 20 from side pot 1
MathisKcr collected 880 from main pot
*** SUMMARY ***
Total pot 900 | No rake
Board: [7c 8c Qh 4d 9d]
Seat 1: MathisKcr (big blind) showed [9h 8d] and won 880 with Two pairs : 9 and 8
Seat 2: La glamboche (small blind) (button) showed [3c Jc] and won 20 with High card : Queen


Winamax Poker - Tournament "Expresso Nitro" buyIn: 0.93€ + 0.07€ level: 3 - HandId: #4666741576402206721-11-1774720706 - Holdem no limit (20/40) - 2026/03/28 17:58:26 UTC
Table: 'Expresso Nitro(1086560445)#0' 3-max (real money) Seat #1 is the button
Seat 1: MathisKcr (880)
Seat 2: La glamboche (20)
*** ANTE/BLINDS ***
MathisKcr posts small blind 20
La glamboche posts big blind 20 and is all-in
Dealt to MathisKcr [7c 5s]
*** PRE-FLOP *** 
*** FLOP *** [Kc 6d Js]
*** TURN *** [Kc 6d Js][3h]
*** RIVER *** [Kc 6d Js 3h][4h]
*** SHOW DOWN ***
La glamboche shows [6s Kh] (Two pairs : Kings and 6)
MathisKcr shows [7c 5s] (Straight 7 high)
MathisKcr collected 40 from pot
*** SUMMARY ***
Total pot 40 | No rake
Board: [Kc 6d Js 3h 4h]
Seat 1: MathisKcr (small blind) (button) showed [7c 5s] and won 40 with Straight 7 high
Seat 2: La glamboche (big blind) showed [6s Kh] and lost with Two pairs : Kings and 6


