Winamax Poker - Tournament "Expresso Nitro" buyIn: 0.93€ + 0.07€ level: 1 - HandId: #4601552824776523777-1-1772392315 - Holdem no limit (10/20) - 2026/03/01 19:11:55 UTC
Table: 'Expresso Nitro(1071382506)#0' 3-max (real money) Seat #2 is the button
Seat 1: SrBlack (300)
Seat 2: roubane (300)
Seat 3: MathisKcr (300)
*** ANTE/BLINDS ***
MathisKcr posts small blind 10
SrBlack posts big blind 20
Dealt to MathisKcr [Td Qd]
*** PRE-FLOP *** 
roubane folds
MathisKcr raises 20 to 40
SrBlack calls 20
*** FLOP *** [Th 4h Js]
MathisKcr bets 28
SrBlack folds
MathisKcr collected 108 from pot
*** SUMMARY ***
Total pot 108 | No rake
Board: [Th 4h Js]
Seat 3: MathisKcr (small blind) won 108


Winamax Poker - Tournament "Expresso Nitro" buyIn: 0.93€ + 0.07€ level: 1 - HandId: #4601552824776523777-2-1772392329 - Holdem no limit (10/20) - 2026/03/01 19:12:09 UTC
Table: 'Expresso Nitro(1071382506)#0' 3-max (real money) Seat #3 is the button
Seat 1: SrBlack (260)
Seat 2: roubane (300)
Seat 3: MathisKcr (340)
*** ANTE/BLINDS ***
SrBlack posts small blind 10
roubane posts big blind 20
Dealt to MathisKcr [Td 6c]
*** PRE-FLOP *** 
MathisKcr folds
SrBlack folds
roubane collected 30 from pot
*** SUMMARY ***
Total pot 30 | No rake
Seat 2: roubane (big blind) won 30


Winamax Poker - Tournament "Expresso Nitro" buyIn: 0.93€ + 0.07€ level: 1 - HandId: #4601552824776523777-3-1772392336 - Holdem no limit (10/20) - 2026/03/01 19:12:16 UTC
Table: 'Expresso Nitro(1071382506)#0' 3-max (real money) Seat #1 is the button
Seat 1: SrBlack (250)
Seat 2: roubane (310)
Seat 3: MathisKcr (340)
*** ANTE/BLINDS ***
roubane posts small blind 10
MathisKcr posts big blind 20
Dealt to MathisKcr [9d 5h]
*** PRE-FLOP *** 
SrBlack folds
roubane calls 10
MathisKcr checks
*** FLOP *** [Ts Th 7d]
roubane checks
MathisKcr checks
*** TURN *** [Ts Th 7d][9c]
roubane checks
MathisKcr checks
*** RIVER *** [Ts Th 7d 9c][4c]
roubane checks
MathisKcr bets 26
roubane folds
MathisKcr collected 66 from pot
*** SUMMARY ***
Total pot 66 | No rake
Board: [Ts Th 7d 9c 4c]
Seat 3: MathisKcr (big blind) won 66


Winamax Poker - Tournament "Expresso Nitro" buyIn: 0.93€ + 0.07€ level: 1 - HandId: #4601552824776523777-4-1772392370 - Holdem no limit (10/20) - 2026/03/01 19:12:50 UTC
Table: 'Expresso Nitro(1071382506)#0' 3-max (real money) Seat #2 is the button
Seat 1: SrBlack (250)
Seat 2: roubane (290)
Seat 3: MathisKcr (360)
*** ANTE/BLINDS ***
MathisKcr posts small blind 10
SrBlack posts big blind 20
Dealt to MathisKcr [Qh 8h]
*** PRE-FLOP *** 
roubane folds
MathisKcr raises 20 to 40
SrBlack folds
MathisKcr collected 60 from pot
*** SUMMARY ***
Total pot 60 | No rake
Seat 3: MathisKcr (small blind) won 60


Winamax Poker - Tournament "Expresso Nitro" buyIn: 0.93€ + 0.07€ level: 2 - HandId: #4601552824776523777-5-1772392384 - Holdem no limit (15/30) - 2026/03/01 19:13:04 UTC
Table: 'Expresso Nitro(1071382506)#0' 3-max (real money) Seat #3 is the button
Seat 1: SrBlack (230)
Seat 2: roubane (290)
Seat 3: MathisKcr (380)
*** ANTE/BLINDS ***
SrBlack posts small blind 15
roubane posts big blind 30
Dealt to MathisKcr [Td 8h]
*** PRE-FLOP *** 
MathisKcr folds
SrBlack raises 200 to 230 and is all-in
roubane folds
SrBlack collected 260 from pot
*** SUMMARY ***
Total pot 260 | No rake
Seat 1: SrBlack (small blind) won 260


Winamax Poker - Tournament "Expresso Nitro" buyIn: 0.93€ + 0.07€ level: 2 - HandId: #4601552824776523777-6-1772392395 - Holdem no limit (15/30) - 2026/03/01 19:13:15 UTC
Table: 'Expresso Nitro(1071382506)#0' 3-max (real money) Seat #1 is the button
Seat 1: SrBlack (260)
Seat 2: roubane (260)
Seat 3: MathisKcr (380)
*** ANTE/BLINDS ***
roubane posts small blind 15
MathisKcr posts big blind 30
Dealt to MathisKcr [7d 6h]
*** PRE-FLOP *** 
SrBlack raises 230 to 260 and is all-in
roubane folds
MathisKcr folds
SrBlack collected 305 from pot
*** SUMMARY ***
Total pot 305 | No rake
Seat 1: SrBlack (button) won 305


Winamax Poker - Tournament "Expresso Nitro" buyIn: 0.93€ + 0.07€ level: 2 - HandId: #4601552824776523777-7-1772392407 - Holdem no limit (15/30) - 2026/03/01 19:13:27 UTC
Table: 'Expresso Nitro(1071382506)#0' 3-max (real money) Seat #2 is the button
Seat 1: SrBlack (305)
Seat 2: roubane (245)
Seat 3: MathisKcr (350)
*** ANTE/BLINDS ***
MathisKcr posts small blind 15
SrBlack posts big blind 30
Dealt to MathisKcr [As 4h]
*** PRE-FLOP *** 
roubane folds
MathisKcr raises 320 to 350 and is all-in
SrBlack calls 275 and is all-in
*** FLOP *** [2d 9s Ad]
*** TURN *** [2d 9s Ad][7c]
*** RIVER *** [2d 9s Ad 7c][6h]
*** SHOW DOWN ***
SrBlack shows [Kd 9d] (One pair : 9)
MathisKcr shows [As 4h] (One pair : Aces)
MathisKcr collected 655 from pot
*** SUMMARY ***
Total pot 655 | No rake
Board: [2d 9s Ad 7c 6h]
Seat 1: SrBlack (big blind) showed [Kd 9d] and lost with One pair : 9
Seat 3: MathisKcr (small blind) showed [As 4h] and won 655 with One pair : Aces


Winamax Poker - Tournament "Expresso Nitro" buyIn: 0.93€ + 0.07€ level: 2 - HandId: #4601552824776523777-8-1772392429 - Holdem no limit (15/30) - 2026/03/01 19:13:49 UTC
Table: 'Expresso Nitro(1071382506)#0' 3-max (real money) Seat #2 is the button
Seat 2: roubane (245)
Seat 3: MathisKcr (655)
*** ANTE/BLINDS ***
roubane posts small blind 15
MathisKcr posts big blind 30
Dealt to MathisKcr [2d 9s]
*** PRE-FLOP *** 
roubane folds
MathisKcr collected 45 from pot
*** SUMMARY ***
Total pot 45 | No rake
Seat 3: MathisKcr (big blind) won 45


Winamax Poker - Tournament "Expresso Nitro" buyIn: 0.93€ + 0.07€ level: 3 - HandId: #4601552824776523777-9-1772392439 - Holdem no limit (20/40) - 2026/03/01 19:13:59 UTC
Table: 'Expresso Nitro(1071382506)#0' 3-max (real money) Seat #3 is the button
Seat 2: roubane (230)
Seat 3: MathisKcr (670)
*** ANTE/BLINDS ***
MathisKcr posts small blind 20
roubane posts big blind 40
Dealt to MathisKcr [8d Td]
*** PRE-FLOP *** 
MathisKcr raises 40 to 80
roubane raises 150 to 230 and is all-in
MathisKcr calls 150
*** FLOP *** [6s 9s Jd]
*** TURN *** [6s 9s Jd][9d]
*** RIVER *** [6s 9s Jd 9d][Qc]
*** SHOW DOWN ***
roubane shows [4s 4h] (Two pairs : 9 and 4)
MathisKcr shows [8d Td] (Straight Queen high)
MathisKcr collected 460 from pot
*** SUMMARY ***
Total pot 460 | No rake
Board: [6s 9s Jd 9d Qc]
Seat 2: roubane (big blind) showed [4s 4h] and lost with Two pairs : 9 and 4
Seat 3: MathisKcr (small blind) (button) showed [8d Td] and won 460 with Straight Queen high


