Winamax Poker - Tournament "Expresso Nitro" buyIn: 0.93€ + 0.07€ level: 1 - HandId: #4605611474381963265-1-1772548101 - Holdem no limit (10/20) - 2026/03/03 14:28:21 UTC
Table: 'Expresso Nitro(1072327484)#0' 3-max (real money) Seat #3 is the button
Seat 1: Piqure2Rapel (300)
Seat 2: MathisKcr (300)
Seat 3: Tohart (300)
*** ANTE/BLINDS ***
Piqure2Rapel posts small blind 10
MathisKcr posts big blind 20
Dealt to MathisKcr [8h 9c]
*** PRE-FLOP *** 
Tohart calls 20
Piqure2Rapel folds
MathisKcr checks
*** FLOP *** [4d Kc Kh]
MathisKcr checks
Tohart checks
*** TURN *** [4d Kc Kh][6s]
MathisKcr bets 40
Tohart calls 40
*** RIVER *** [4d Kc Kh 6s][Jd]
MathisKcr bets 85
Tohart folds
MathisKcr collected 215 from pot
*** SUMMARY ***
Total pot 215 | No rake
Board: [4d Kc Kh 6s Jd]
Seat 2: MathisKcr (big blind) won 215


Winamax Poker - Tournament "Expresso Nitro" buyIn: 0.93€ + 0.07€ level: 1 - HandId: #4605611474381963265-2-1772548134 - Holdem no limit (10/20) - 2026/03/03 14:28:54 UTC
Table: 'Expresso Nitro(1072327484)#0' 3-max (real money) Seat #1 is the button
Seat 1: Piqure2Rapel (290)
Seat 2: MathisKcr (370)
Seat 3: Tohart (240)
*** ANTE/BLINDS ***
MathisKcr posts small blind 10
Tohart posts big blind 20
Dealt to MathisKcr [Qd 8h]
*** PRE-FLOP *** 
Piqure2Rapel raises 20 to 40
MathisKcr calls 30
Tohart calls 20
*** FLOP *** [2s 7h Ac]
MathisKcr checks
Tohart checks
Piqure2Rapel checks
*** TURN *** [2s 7h Ac][4h]
MathisKcr checks
Tohart checks
Piqure2Rapel checks
*** RIVER *** [2s 7h Ac 4h][8d]
MathisKcr bets 42
Tohart folds
Piqure2Rapel folds
MathisKcr collected 162 from pot
*** SUMMARY ***
Total pot 162 | No rake
Board: [2s 7h Ac 4h 8d]
Seat 2: MathisKcr (small blind) won 162


Winamax Poker - Tournament "Expresso Nitro" buyIn: 0.93€ + 0.07€ level: 2 - HandId: #4605611474381963265-3-1772548161 - Holdem no limit (15/30) - 2026/03/03 14:29:21 UTC
Table: 'Expresso Nitro(1072327484)#0' 3-max (real money) Seat #2 is the button
Seat 1: Piqure2Rapel (250)
Seat 2: MathisKcr (450)
Seat 3: Tohart (200)
*** ANTE/BLINDS ***
Tohart posts small blind 15
Piqure2Rapel posts big blind 30
Dealt to MathisKcr [9h 5d]
*** PRE-FLOP *** 
MathisKcr folds
Tohart calls 15
Piqure2Rapel checks
*** FLOP *** [Kh 8s 3d]
Tohart checks
Piqure2Rapel checks
*** TURN *** [Kh 8s 3d][Tc]
Tohart bets 60
Piqure2Rapel calls 60
*** RIVER *** [Kh 8s 3d Tc][4c]
Tohart bets 110 and is all-in
Piqure2Rapel folds
Tohart collected 290 from pot
*** SUMMARY ***
Total pot 290 | No rake
Board: [Kh 8s 3d Tc 4c]
Seat 3: Tohart (small blind) won 290


Winamax Poker - Tournament "Expresso Nitro" buyIn: 0.93€ + 0.07€ level: 2 - HandId: #4605611474381963265-4-1772548181 - Holdem no limit (15/30) - 2026/03/03 14:29:41 UTC
Table: 'Expresso Nitro(1072327484)#0' 3-max (real money) Seat #3 is the button
Seat 1: Piqure2Rapel (160)
Seat 2: MathisKcr (450)
Seat 3: Tohart (290)
*** ANTE/BLINDS ***
Piqure2Rapel posts small blind 15
MathisKcr posts big blind 30
Dealt to MathisKcr [7d 3h]
*** PRE-FLOP *** 
Tohart raises 260 to 290 and is all-in
Piqure2Rapel folds
MathisKcr folds
Tohart collected 335 from pot
*** SUMMARY ***
Total pot 335 | No rake
Seat 3: Tohart (button) won 335


Winamax Poker - Tournament "Expresso Nitro" buyIn: 0.93€ + 0.07€ level: 2 - HandId: #4605611474381963265-5-1772548192 - Holdem no limit (15/30) - 2026/03/03 14:29:52 UTC
Table: 'Expresso Nitro(1072327484)#0' 3-max (real money) Seat #1 is the button
Seat 1: Piqure2Rapel (145)
Seat 2: MathisKcr (420)
Seat 3: Tohart (335)
*** ANTE/BLINDS ***
MathisKcr posts small blind 15
Tohart posts big blind 30
Dealt to MathisKcr [8d 3c]
*** PRE-FLOP *** 
Piqure2Rapel folds
MathisKcr folds
Tohart collected 45 from pot
*** SUMMARY ***
Total pot 45 | No rake
Seat 3: Tohart (big blind) won 45


Winamax Poker - Tournament "Expresso Nitro" buyIn: 0.93€ + 0.07€ level: 2 - HandId: #4605611474381963265-6-1772548209 - Holdem no limit (15/30) - 2026/03/03 14:30:09 UTC
Table: 'Expresso Nitro(1072327484)#0' 3-max (real money) Seat #2 is the button
Seat 1: Piqure2Rapel (145)
Seat 2: MathisKcr (405)
Seat 3: Tohart (350)
*** ANTE/BLINDS ***
Tohart posts small blind 15
Piqure2Rapel posts big blind 30
Dealt to MathisKcr [Qh Kc]
*** PRE-FLOP *** 
MathisKcr raises 375 to 405 and is all-in
Tohart folds
Piqure2Rapel folds
MathisKcr collected 450 from pot
*** SUMMARY ***
Total pot 450 | No rake
Seat 2: MathisKcr (button) won 450


Winamax Poker - Tournament "Expresso Nitro" buyIn: 0.93€ + 0.07€ level: 3 - HandId: #4605611474381963265-7-1772548219 - Holdem no limit (20/40) - 2026/03/03 14:30:19 UTC
Table: 'Expresso Nitro(1072327484)#0' 3-max (real money) Seat #3 is the button
Seat 1: Piqure2Rapel (115)
Seat 2: MathisKcr (450)
Seat 3: Tohart (335)
*** ANTE/BLINDS ***
Piqure2Rapel posts small blind 20
MathisKcr posts big blind 40
Dealt to MathisKcr [5c Jh]
*** PRE-FLOP *** 
Tohart folds
Piqure2Rapel raises 75 to 115 and is all-in
MathisKcr calls 75
*** FLOP *** [9s 9c 7d]
*** TURN *** [9s 9c 7d][4s]
*** RIVER *** [9s 9c 7d 4s][Ah]
*** SHOW DOWN ***
MathisKcr shows [5c Jh] (One pair : 9)
Piqure2Rapel shows [Td Ts] (Two pairs : Tens and 9)
Piqure2Rapel collected 230 from pot
*** SUMMARY ***
Total pot 230 | No rake
Board: [9s 9c 7d 4s Ah]
Seat 1: Piqure2Rapel (small blind) showed [Td Ts] and won 230 with Two pairs : Tens and 9
Seat 2: MathisKcr (big blind) showed [5c Jh] and lost with One pair : 9


Winamax Poker - Tournament "Expresso Nitro" buyIn: 0.93€ + 0.07€ level: 3 - HandId: #4605611474381963265-8-1772548234 - Holdem no limit (20/40) - 2026/03/03 14:30:34 UTC
Table: 'Expresso Nitro(1072327484)#0' 3-max (real money) Seat #1 is the button
Seat 1: Piqure2Rapel (230)
Seat 2: MathisKcr (335)
Seat 3: Tohart (335)
*** ANTE/BLINDS ***
MathisKcr posts small blind 20
Tohart posts big blind 40
Dealt to MathisKcr [Js 5d]
*** PRE-FLOP *** 
Piqure2Rapel folds
MathisKcr raises 40 to 80
Tohart calls 40
*** FLOP *** [Td 8d 9d]
MathisKcr bets 56
Tohart raises 199 to 255 and is all-in
MathisKcr calls 199 and is all-in
*** TURN *** [Td 8d 9d][Qh]
*** RIVER *** [Td 8d 9d Qh][Qs]
*** SHOW DOWN ***
MathisKcr shows [Js 5d] (Straight Queen high)
Tohart shows [8h Jc] (Straight Queen high)
Tohart collected 335 from pot
MathisKcr collected 335 from pot
*** SUMMARY ***
Total pot 670 | No rake
Board: [Td 8d 9d Qh Qs]
Seat 2: MathisKcr (small blind) showed [Js 5d] and won 335 with Straight Queen high
Seat 3: Tohart (big blind) showed [8h Jc] and won 335 with Straight Queen high


Winamax Poker - Tournament "Expresso Nitro" buyIn: 0.93€ + 0.07€ level: 3 - HandId: #4605611474381963265-9-1772548253 - Holdem no limit (20/40) - 2026/03/03 14:30:53 UTC
Table: 'Expresso Nitro(1072327484)#0' 3-max (real money) Seat #2 is the button
Seat 1: Piqure2Rapel (230)
Seat 2: MathisKcr (335)
Seat 3: Tohart (335)
*** ANTE/BLINDS ***
Tohart posts small blind 20
Piqure2Rapel posts big blind 40
Dealt to MathisKcr [Td Tc]
*** PRE-FLOP *** 
MathisKcr raises 295 to 335 and is all-in
Tohart calls 315 and is all-in
Piqure2Rapel folds
*** FLOP *** [2h 3d Ad]
*** TURN *** [2h 3d Ad][4d]
*** RIVER *** [2h 3d Ad 4d][7d]
*** SHOW DOWN ***
MathisKcr shows [Td Tc] (Flush Ace high)
Tohart shows [Th Qd] (Flush Ace high)
Tohart collected 710 from pot
*** SUMMARY ***
Total pot 710 | No rake
Board: [2h 3d Ad 4d 7d]
Seat 2: MathisKcr (button) showed [Td Tc] and lost with Flush Ace high
Seat 3: Tohart (small blind) showed [Th Qd] and won 710 with Flush Ace high


