Winamax Poker - Tournament "Expresso Nitro" buyIn: 4.65€ + 0.35€ level: 1 - HandId: #4498958253782204417-1-1768492512 - Holdem no limit (10/20) - 2026/01/15 15:55:12 UTC
Table: 'Expresso Nitro(1047495346)#0' 3-max (real money) Seat #2 is the button
Seat 1: Annapurnaa (300)
Seat 2: pekenio91dz (300)
Seat 3: MathisKcr (300)
*** ANTE/BLINDS ***
MathisKcr posts small blind 10
Annapurnaa posts big blind 20
Dealt to MathisKcr [2c 5c]
*** PRE-FLOP *** 
pekenio91dz folds
MathisKcr folds
Annapurnaa collected 30 from pot
*** SUMMARY ***
Total pot 30 | No rake
Seat 1: Annapurnaa (big blind) won 30


Winamax Poker - Tournament "Expresso Nitro" buyIn: 4.65€ + 0.35€ level: 1 - HandId: #4498958253782204417-2-1768492519 - Holdem no limit (10/20) - 2026/01/15 15:55:19 UTC
Table: 'Expresso Nitro(1047495346)#0' 3-max (real money) Seat #3 is the button
Seat 1: Annapurnaa (310)
Seat 2: pekenio91dz (300)
Seat 3: MathisKcr (290)
*** ANTE/BLINDS ***
Annapurnaa posts small blind 10
pekenio91dz posts big blind 20
Dealt to MathisKcr [2c Qd]
*** PRE-FLOP *** 
MathisKcr raises 20 to 40
Annapurnaa folds
pekenio91dz calls 20
*** FLOP *** [2s As 6c]
pekenio91dz bets 20
MathisKcr raises 50 to 70
pekenio91dz calls 50
*** TURN *** [2s As 6c][7d]
pekenio91dz bets 20
MathisKcr calls 20
*** RIVER *** [2s As 6c 7d][7s]
pekenio91dz bets 95
MathisKcr folds
pekenio91dz collected 365 from pot
*** SUMMARY ***
Total pot 365 | No rake
Board: [2s As 6c 7d 7s]
Seat 2: pekenio91dz (big blind) won 365


Winamax Poker - Tournament "Expresso Nitro" buyIn: 4.65€ + 0.35€ level: 1 - HandId: #4498958253782204417-3-1768492547 - Holdem no limit (10/20) - 2026/01/15 15:55:47 UTC
Table: 'Expresso Nitro(1047495346)#0' 3-max (real money) Seat #1 is the button
Seat 1: Annapurnaa (300)
Seat 2: pekenio91dz (440)
Seat 3: MathisKcr (160)
*** ANTE/BLINDS ***
pekenio91dz posts small blind 10
MathisKcr posts big blind 20
Dealt to MathisKcr [Td 9c]
*** PRE-FLOP *** 
Annapurnaa raises 280 to 300 and is all-in
pekenio91dz folds
MathisKcr folds
Annapurnaa collected 330 from pot
*** SUMMARY ***
Total pot 330 | No rake
Seat 1: Annapurnaa (button) won 330


Winamax Poker - Tournament "Expresso Nitro" buyIn: 4.65€ + 0.35€ level: 1 - HandId: #4498958253782204417-4-1768492556 - Holdem no limit (10/20) - 2026/01/15 15:55:56 UTC
Table: 'Expresso Nitro(1047495346)#0' 3-max (real money) Seat #2 is the button
Seat 1: Annapurnaa (330)
Seat 2: pekenio91dz (430)
Seat 3: MathisKcr (140)
*** ANTE/BLINDS ***
MathisKcr posts small blind 10
Annapurnaa posts big blind 20
Dealt to MathisKcr [8s 6d]
*** PRE-FLOP *** 
pekenio91dz calls 20
MathisKcr calls 10
Annapurnaa raises 310 to 330 and is all-in
pekenio91dz folds
MathisKcr folds
Annapurnaa collected 370 from pot
*** SUMMARY ***
Total pot 370 | No rake
Seat 1: Annapurnaa (big blind) won 370


Winamax Poker - Tournament "Expresso Nitro" buyIn: 4.65€ + 0.35€ level: 2 - HandId: #4498958253782204417-5-1768492574 - Holdem no limit (15/30) - 2026/01/15 15:56:14 UTC
Table: 'Expresso Nitro(1047495346)#0' 3-max (real money) Seat #3 is the button
Seat 1: Annapurnaa (370)
Seat 2: pekenio91dz (410)
Seat 3: MathisKcr (120)
*** ANTE/BLINDS ***
Annapurnaa posts small blind 15
pekenio91dz posts big blind 30
Dealt to MathisKcr [8h Ad]
*** PRE-FLOP *** 
MathisKcr raises 90 to 120 and is all-in
Annapurnaa folds
pekenio91dz calls 90
*** FLOP *** [As 5d 6h]
*** TURN *** [As 5d 6h][5s]
*** RIVER *** [As 5d 6h 5s][6s]
*** SHOW DOWN ***
pekenio91dz shows [Qd 7d] (Two pairs : 6 and 5)
MathisKcr shows [8h Ad] (Two pairs : Aces and 6)
MathisKcr collected 255 from pot
*** SUMMARY ***
Total pot 255 | No rake
Board: [As 5d 6h 5s 6s]
Seat 2: pekenio91dz (big blind) showed [Qd 7d] and lost with Two pairs : 6 and 5
Seat 3: MathisKcr (button) showed [8h Ad] and won 255 with Two pairs : Aces and 6


Winamax Poker - Tournament "Expresso Nitro" buyIn: 4.65€ + 0.35€ level: 2 - HandId: #4498958253782204417-6-1768492588 - Holdem no limit (15/30) - 2026/01/15 15:56:28 UTC
Table: 'Expresso Nitro(1047495346)#0' 3-max (real money) Seat #1 is the button
Seat 1: Annapurnaa (355)
Seat 2: pekenio91dz (290)
Seat 3: MathisKcr (255)
*** ANTE/BLINDS ***
pekenio91dz posts small blind 15
MathisKcr posts big blind 30
Dealt to MathisKcr [Jh 9s]
*** PRE-FLOP *** 
Annapurnaa raises 325 to 355 and is all-in
pekenio91dz folds
MathisKcr folds
Annapurnaa collected 400 from pot
*** SUMMARY ***
Total pot 400 | No rake
Seat 1: Annapurnaa (button) won 400


Winamax Poker - Tournament "Expresso Nitro" buyIn: 4.65€ + 0.35€ level: 2 - HandId: #4498958253782204417-7-1768492599 - Holdem no limit (15/30) - 2026/01/15 15:56:39 UTC
Table: 'Expresso Nitro(1047495346)#0' 3-max (real money) Seat #2 is the button
Seat 1: Annapurnaa (400)
Seat 2: pekenio91dz (275)
Seat 3: MathisKcr (225)
*** ANTE/BLINDS ***
MathisKcr posts small blind 15
Annapurnaa posts big blind 30
Dealt to MathisKcr [Qs 6s]
*** PRE-FLOP *** 
pekenio91dz folds
MathisKcr calls 15
Annapurnaa checks
*** FLOP *** [Kd 9h Ac]
MathisKcr bets 60
Annapurnaa folds
MathisKcr collected 120 from pot
*** SUMMARY ***
Total pot 120 | No rake
Board: [Kd 9h Ac]
Seat 3: MathisKcr (small blind) won 120


Winamax Poker - Tournament "Expresso Nitro" buyIn: 4.65€ + 0.35€ level: 2 - HandId: #4498958253782204417-8-1768492616 - Holdem no limit (15/30) - 2026/01/15 15:56:56 UTC
Table: 'Expresso Nitro(1047495346)#0' 3-max (real money) Seat #3 is the button
Seat 1: Annapurnaa (370)
Seat 2: pekenio91dz (275)
Seat 3: MathisKcr (255)
*** ANTE/BLINDS ***
Annapurnaa posts small blind 15
pekenio91dz posts big blind 30
Dealt to MathisKcr [7h 8d]
*** PRE-FLOP *** 
MathisKcr folds
Annapurnaa raises 340 to 370 and is all-in
pekenio91dz folds
Annapurnaa collected 400 from pot
*** SUMMARY ***
Total pot 400 | No rake
Seat 1: Annapurnaa (small blind) won 400


Winamax Poker - Tournament "Expresso Nitro" buyIn: 4.65€ + 0.35€ level: 3 - HandId: #4498958253782204417-9-1768492630 - Holdem no limit (20/40) - 2026/01/15 15:57:10 UTC
Table: 'Expresso Nitro(1047495346)#0' 3-max (real money) Seat #1 is the button
Seat 1: Annapurnaa (400)
Seat 2: pekenio91dz (245)
Seat 3: MathisKcr (255)
*** ANTE/BLINDS ***
pekenio91dz posts small blind 20
MathisKcr posts big blind 40
Dealt to MathisKcr [Js 9s]
*** PRE-FLOP *** 
Annapurnaa folds
pekenio91dz folds
MathisKcr collected 60 from pot
*** SUMMARY ***
Total pot 60 | No rake
Seat 3: MathisKcr (big blind) won 60


Winamax Poker - Tournament "Expresso Nitro" buyIn: 4.65€ + 0.35€ level: 3 - HandId: #4498958253782204417-10-1768492640 - Holdem no limit (20/40) - 2026/01/15 15:57:20 UTC
Table: 'Expresso Nitro(1047495346)#0' 3-max (real money) Seat #2 is the button
Seat 1: Annapurnaa (400)
Seat 2: pekenio91dz (225)
Seat 3: MathisKcr (275)
*** ANTE/BLINDS ***
MathisKcr posts small blind 20
Annapurnaa posts big blind 40
Dealt to MathisKcr [5c 3s]
*** PRE-FLOP *** 
pekenio91dz raises 40 to 80
MathisKcr folds
Annapurnaa folds
pekenio91dz collected 140 from pot
*** SUMMARY ***
Total pot 140 | No rake
Seat 2: pekenio91dz (button) won 140


Winamax Poker - Tournament "Expresso Nitro" buyIn: 4.65€ + 0.35€ level: 3 - HandId: #4498958253782204417-11-1768492647 - Holdem no limit (20/40) - 2026/01/15 15:57:27 UTC
Table: 'Expresso Nitro(1047495346)#0' 3-max (real money) Seat #3 is the button
Seat 1: Annapurnaa (360)
Seat 2: pekenio91dz (285)
Seat 3: MathisKcr (255)
*** ANTE/BLINDS ***
Annapurnaa posts small blind 20
pekenio91dz posts big blind 40
Dealt to MathisKcr [Kc 2c]
*** PRE-FLOP *** 
MathisKcr raises 80 to 120
Annapurnaa raises 240 to 360 and is all-in
pekenio91dz folds
MathisKcr folds
Annapurnaa collected 520 from pot
*** SUMMARY ***
Total pot 520 | No rake
Seat 1: Annapurnaa (small blind) won 520


Winamax Poker - Tournament "Expresso Nitro" buyIn: 4.65€ + 0.35€ level: 3 - HandId: #4498958253782204417-12-1768492664 - Holdem no limit (20/40) - 2026/01/15 15:57:44 UTC
Table: 'Expresso Nitro(1047495346)#0' 3-max (real money) Seat #1 is the button
Seat 1: Annapurnaa (520)
Seat 2: pekenio91dz (245)
Seat 3: MathisKcr (135)
*** ANTE/BLINDS ***
pekenio91dz posts small blind 20
MathisKcr posts big blind 40
Dealt to MathisKcr [7s Ac]
*** PRE-FLOP *** 
Annapurnaa raises 480 to 520 and is all-in
pekenio91dz folds
MathisKcr calls 95 and is all-in
*** FLOP *** [3c Js 3s]
*** TURN *** [3c Js 3s][9c]
*** RIVER *** [3c Js 3s 9c][Qc]
*** SHOW DOWN ***
MathisKcr shows [7s Ac] (One pair : 3)
Annapurnaa shows [Jh Qs] (Two pairs : Queens and Jacks)
Annapurnaa collected 675 from pot
*** SUMMARY ***
Total pot 675 | No rake
Board: [3c Js 3s 9c Qc]
Seat 1: Annapurnaa (button) showed [Jh Qs] and won 675 with Two pairs : Queens and Jacks
Seat 3: MathisKcr (big blind) showed [7s Ac] and lost with One pair : 3


