Winamax Poker - Tournament "SPACE KO" buyIn: 0.45€ + 0.05€ level: 1 - HandId: #4543341131559075861-1-1772821830 - Holdem no limit (25/100/200) - 2026/03/06 18:30:30 UTC
Table: 'SPACE KO(1057829040)#0020' 6-max (real money) Seat #6 is the button
Seat 1: KaioToken (20000, 0.25€ bounty)
Seat 2: tifus38 (20000, 0.25€ bounty)
Seat 3: Ichmakoub.. (20000, 0.25€ bounty)
Seat 4: MathisKcr (20000, 0.25€ bounty)
Seat 5: sAKKApuce13 (20000, 0.25€ bounty)
Seat 6: Joe Kare T1 (20000, 0.25€ bounty)
*** ANTE/BLINDS ***
KaioToken posts ante 25
tifus38 posts ante 25
Ichmakoub.. posts ante 25
MathisKcr posts ante 25
sAKKApuce13 posts ante 25
Joe Kare T1 posts ante 25
KaioToken posts small blind 100
tifus38 posts big blind 200
Dealt to MathisKcr [9s Js]
*** PRE-FLOP *** 
Ichmakoub.. calls 200
MathisKcr raises 300 to 500
sAKKApuce13 folds
Joe Kare T1 folds
KaioToken folds
tifus38 folds
Ichmakoub.. folds
MathisKcr collected 1150 from pot
*** SUMMARY ***
Total pot 1150 | No rake
Seat 4: MathisKcr won 1150


Winamax Poker - Tournament "SPACE KO" buyIn: 0.45€ + 0.05€ level: 1 - HandId: #4543341131559075861-2-1772821878 - Holdem no limit (25/100/200) - 2026/03/06 18:31:18 UTC
Table: 'SPACE KO(1057829040)#0020' 6-max (real money) Seat #1 is the button
Seat 1: KaioToken (19875, 0.25€ bounty)
Seat 2: tifus38 (19775, 0.25€ bounty)
Seat 3: Ichmakoub.. (19775, 0.25€ bounty)
Seat 4: MathisKcr (20625, 0.25€ bounty)
Seat 5: sAKKApuce13 (19975, 0.25€ bounty)
Seat 6: Joe Kare T1 (19975, 0.25€ bounty)
*** ANTE/BLINDS ***
tifus38 posts ante 25
Ichmakoub.. posts ante 25
KaioToken posts ante 25
MathisKcr posts ante 25
sAKKApuce13 posts ante 25
Joe Kare T1 posts ante 25
tifus38 posts small blind 100
Ichmakoub.. posts big blind 200
Dealt to MathisKcr [6d Qd]
*** PRE-FLOP *** 
MathisKcr raises 300 to 500
sAKKApuce13 calls 500
Joe Kare T1 folds
KaioToken folds
tifus38 folds
Ichmakoub.. folds
*** FLOP *** [8h Ts 5c]
MathisKcr bets 725
sAKKApuce13 calls 725
*** TURN *** [8h Ts 5c][Qh]
MathisKcr bets 1450
sAKKApuce13 folds
MathisKcr collected 4350 from pot
*** SUMMARY ***
Total pot 4350 | No rake
Board: [8h Ts 5c Qh]
Seat 4: MathisKcr won 4350


Winamax Poker - Tournament "SPACE KO" buyIn: 0.45€ + 0.05€ level: 1 - HandId: #4543341131559075861-3-1772821921 - Holdem no limit (25/100/200) - 2026/03/06 18:32:01 UTC
Table: 'SPACE KO(1057829040)#0020' 6-max (real money) Seat #2 is the button
Seat 1: KaioToken (19850, 0.25€ bounty)
Seat 2: tifus38 (19650, 0.25€ bounty)
Seat 3: Ichmakoub.. (19550, 0.25€ bounty)
Seat 4: MathisKcr (22275, 0.25€ bounty)
Seat 5: sAKKApuce13 (18725, 0.25€ bounty)
Seat 6: Joe Kare T1 (19950, 0.25€ bounty)
*** ANTE/BLINDS ***
Ichmakoub.. posts ante 25
MathisKcr posts ante 25
KaioToken posts ante 25
tifus38 posts ante 25
sAKKApuce13 posts ante 25
Joe Kare T1 posts ante 25
Ichmakoub.. posts small blind 100
MathisKcr posts big blind 200
Dealt to MathisKcr [Jh 6h]
*** PRE-FLOP *** 
sAKKApuce13 calls 200
Joe Kare T1 folds
KaioToken calls 200
tifus38 raises 300 to 500
Ichmakoub.. folds
MathisKcr calls 300
sAKKApuce13 calls 300
KaioToken calls 300
*** FLOP *** [Js 4s 5c]
MathisKcr checks
sAKKApuce13 checks
KaioToken checks
tifus38 checks
*** TURN *** [Js 4s 5c][4c]
MathisKcr bets 788
sAKKApuce13 calls 788
KaioToken calls 788
tifus38 folds
*** RIVER *** [Js 4s 5c 4c][6s]
MathisKcr bets 2307
sAKKApuce13 raises 15105 to 17412 and is all-in
KaioToken folds
MathisKcr calls 15105
*** SHOW DOWN ***
MathisKcr shows [Jh 6h] (Two pairs : Jacks and 6)
sAKKApuce13 shows [Ts 9s] (Flush Jack high)
sAKKApuce13 collected 39438 from pot
*** SUMMARY ***
Total pot 39438 | No rake
Board: [Js 4s 5c 4c 6s]
Seat 4: MathisKcr (big blind) showed [Jh 6h] and lost with Two pairs : Jacks and 6
Seat 5: sAKKApuce13 showed [Ts 9s] and won 39438 with Flush Jack high


Winamax Poker - Tournament "SPACE KO" buyIn: 0.45€ + 0.05€ level: 1 - HandId: #4543341131559075861-4-1772821998 - Holdem no limit (25/100/200) - 2026/03/06 18:33:18 UTC
Table: 'SPACE KO(1057829040)#0020' 6-max (real money) Seat #3 is the button
Seat 1: KaioToken (18537, 0.25€ bounty)
Seat 2: tifus38 (19125, 0.25€ bounty)
Seat 3: Ichmakoub.. (19425, 0.25€ bounty)
Seat 4: MathisKcr (3550, 0.25€ bounty)
Seat 5: sAKKApuce13 (39438, 0.25€ bounty)
Seat 6: Joe Kare T1 (19925, 0.25€ bounty)
*** ANTE/BLINDS ***
MathisKcr posts ante 25
sAKKApuce13 posts ante 25
KaioToken posts ante 25
tifus38 posts ante 25
Ichmakoub.. posts ante 25
Joe Kare T1 posts ante 25
MathisKcr posts small blind 100
sAKKApuce13 posts big blind 200
Dealt to MathisKcr [5h 8h]
*** PRE-FLOP *** 
Joe Kare T1 folds
KaioToken folds
tifus38 calls 200
Ichmakoub.. folds
MathisKcr raises 3325 to 3525 and is all-in
sAKKApuce13 folds
tifus38 calls 3325
*** FLOP *** [9d 4c 8d]
*** TURN *** [9d 4c 8d][As]
*** RIVER *** [9d 4c 8d As][Tc]
*** SHOW DOWN ***
MathisKcr shows [5h 8h] (One pair : 8)
tifus38 shows [Ac 9c] (Two pairs : Aces and 9)
tifus38 collected 7400 from pot
*** SUMMARY ***
Total pot 7400 | No rake
Board: [9d 4c 8d As Tc]
Seat 2: tifus38 showed [Ac 9c] and won 7400 with Two pairs : Aces and 9
Seat 4: MathisKcr (small blind) showed [5h 8h] and lost with One pair : 8


