Winamax Poker - Tournament "Expresso Nitro" buyIn: 0.93€ + 0.07€ level: 1 - HandId: #4677121752147427329-1-1775123069 - Holdem no limit (10/20) - 2026/04/02 09:44:29 UTC
Table: 'Expresso Nitro(1088977268)#0' 3-max (real money) Seat #3 is the button
Seat 1: Alfernan27 (300)
Seat 2: MathisKcr (300)
Seat 3: Tiger97422 (300)
*** ANTE/BLINDS ***
Alfernan27 posts small blind 10
MathisKcr posts big blind 20
Dealt to MathisKcr [6d Jh]
*** PRE-FLOP *** 
Tiger97422 calls 20
Alfernan27 raises 280 to 300 and is all-in
MathisKcr folds
Tiger97422 folds
Alfernan27 collected 340 from pot
*** SUMMARY ***
Total pot 340 | No rake
Seat 1: Alfernan27 (small blind) won 340


Winamax Poker - Tournament "Expresso Nitro" buyIn: 0.93€ + 0.07€ level: 1 - HandId: #4677121752147427329-2-1775123083 - Holdem no limit (10/20) - 2026/04/02 09:44:43 UTC
Table: 'Expresso Nitro(1088977268)#0' 3-max (real money) Seat #1 is the button
Seat 1: Alfernan27 (340)
Seat 2: MathisKcr (280)
Seat 3: Tiger97422 (280)
*** ANTE/BLINDS ***
MathisKcr posts small blind 10
Tiger97422 posts big blind 20
Dealt to MathisKcr [5d 3d]
*** PRE-FLOP *** 
Alfernan27 calls 20
MathisKcr folds
Tiger97422 checks
*** FLOP *** [5h 6d 2h]
Tiger97422 checks
Alfernan27 bets 33
Tiger97422 folds
Alfernan27 collected 83 from pot
*** SUMMARY ***
Total pot 83 | No rake
Board: [5h 6d 2h]
Seat 1: Alfernan27 (button) won 83


Winamax Poker - Tournament "Expresso Nitro" buyIn: 0.93€ + 0.07€ level: 1 - HandId: #4677121752147427329-3-1775123098 - Holdem no limit (10/20) - 2026/04/02 09:44:58 UTC
Table: 'Expresso Nitro(1088977268)#0' 3-max (real money) Seat #2 is the button
Seat 1: Alfernan27 (370)
Seat 2: MathisKcr (270)
Seat 3: Tiger97422 (260)
*** ANTE/BLINDS ***
Tiger97422 posts small blind 10
Alfernan27 posts big blind 20
Dealt to MathisKcr [Qc 5h]
*** PRE-FLOP *** 
MathisKcr raises 20 to 40
Tiger97422 folds
Alfernan27 calls 20
*** FLOP *** [Qh 5s 7s]
Alfernan27 bets 31
MathisKcr calls 31
*** TURN *** [Qh 5s 7s][4h]
Alfernan27 checks
MathisKcr bets 53
Alfernan27 raises 56 to 109
MathisKcr raises 90 to 199 and is all-in
Alfernan27 calls 90
*** RIVER *** [Qh 5s 7s 4h][8s]
*** SHOW DOWN ***
Alfernan27 shows [7c 2s] (One pair : 7)
MathisKcr shows [Qc 5h] (Two pairs : Queens and 5)
MathisKcr collected 550 from pot
*** SUMMARY ***
Total pot 550 | No rake
Board: [Qh 5s 7s 4h 8s]
Seat 1: Alfernan27 (big blind) showed [7c 2s] and lost with One pair : 7
Seat 2: MathisKcr (button) showed [Qc 5h] and won 550 with Two pairs : Queens and 5


Winamax Poker - Tournament "Expresso Nitro" buyIn: 0.93€ + 0.07€ level: 2 - HandId: #4677121752147427329-4-1775123131 - Holdem no limit (15/30) - 2026/04/02 09:45:31 UTC
Table: 'Expresso Nitro(1088977268)#0' 3-max (real money) Seat #3 is the button
Seat 1: Alfernan27 (100)
Seat 2: MathisKcr (550)
Seat 3: Tiger97422 (250)
*** ANTE/BLINDS ***
Alfernan27 posts small blind 15
MathisKcr posts big blind 30
Dealt to MathisKcr [Jd Ad]
*** PRE-FLOP *** 
Tiger97422 folds
Alfernan27 raises 70 to 100 and is all-in
MathisKcr calls 70
*** FLOP *** [7d 9s Ah]
*** TURN *** [7d 9s Ah][Kh]
*** RIVER *** [7d 9s Ah Kh][Ks]
*** SHOW DOWN ***
Alfernan27 shows [3s Jc] (One pair : Kings)
MathisKcr shows [Jd Ad] (Two pairs : Aces and Kings)
MathisKcr collected 200 from pot
*** SUMMARY ***
Total pot 200 | No rake
Board: [7d 9s Ah Kh Ks]
Seat 1: Alfernan27 (small blind) showed [3s Jc] and lost with One pair : Kings
Seat 2: MathisKcr (big blind) showed [Jd Ad] and won 200 with Two pairs : Aces and Kings


Winamax Poker - Tournament "Expresso Nitro" buyIn: 0.93€ + 0.07€ level: 2 - HandId: #4677121752147427329-5-1775123147 - Holdem no limit (15/30) - 2026/04/02 09:45:47 UTC
Table: 'Expresso Nitro(1088977268)#0' 3-max (real money) Seat #2 is the button
Seat 2: MathisKcr (650)
Seat 3: Tiger97422 (250)
*** ANTE/BLINDS ***
MathisKcr posts small blind 15
Tiger97422 posts big blind 30
Dealt to MathisKcr [7c Jh]
*** PRE-FLOP *** 
MathisKcr raises 620 to 650 and is all-in
Tiger97422 folds
MathisKcr collected 680 from pot
*** SUMMARY ***
Total pot 680 | No rake
Seat 2: MathisKcr (small blind) (button) won 680


Winamax Poker - Tournament "Expresso Nitro" buyIn: 0.93€ + 0.07€ level: 2 - HandId: #4677121752147427329-6-1775123155 - Holdem no limit (15/30) - 2026/04/02 09:45:55 UTC
Table: 'Expresso Nitro(1088977268)#0' 3-max (real money) Seat #3 is the button
Seat 2: MathisKcr (680)
Seat 3: Tiger97422 (220)
*** ANTE/BLINDS ***
Tiger97422 posts small blind 15
MathisKcr posts big blind 30
Dealt to MathisKcr [6c 7d]
*** PRE-FLOP *** 
Tiger97422 calls 15
MathisKcr checks
*** FLOP *** [8s Kd Jc]
MathisKcr checks
Tiger97422 bets 30
MathisKcr folds
Tiger97422 collected 90 from pot
*** SUMMARY ***
Total pot 90 | No rake
Board: [8s Kd Jc]
Seat 3: Tiger97422 (small blind) (button) won 90


Winamax Poker - Tournament "Expresso Nitro" buyIn: 0.93€ + 0.07€ level: 2 - HandId: #4677121752147427329-7-1775123167 - Holdem no limit (15/30) - 2026/04/02 09:46:07 UTC
Table: 'Expresso Nitro(1088977268)#0' 3-max (real money) Seat #2 is the button
Seat 2: MathisKcr (650)
Seat 3: Tiger97422 (250)
*** ANTE/BLINDS ***
MathisKcr posts small blind 15
Tiger97422 posts big blind 30
Dealt to MathisKcr [4s 8s]
*** PRE-FLOP *** 
MathisKcr folds
Tiger97422 collected 45 from pot
*** SUMMARY ***
Total pot 45 | No rake
Seat 3: Tiger97422 (big blind) won 45


Winamax Poker - Tournament "Expresso Nitro" buyIn: 0.93€ + 0.07€ level: 2 - HandId: #4677121752147427329-8-1775123171 - Holdem no limit (15/30) - 2026/04/02 09:46:11 UTC
Table: 'Expresso Nitro(1088977268)#0' 3-max (real money) Seat #3 is the button
Seat 2: MathisKcr (635)
Seat 3: Tiger97422 (265)
*** ANTE/BLINDS ***
Tiger97422 posts small blind 15
MathisKcr posts big blind 30
Dealt to MathisKcr [4d 7d]
*** PRE-FLOP *** 
Tiger97422 calls 15
MathisKcr checks
*** FLOP *** [9d 8d Ad]
MathisKcr bets 605 and is all-in
Tiger97422 calls 235 and is all-in
*** TURN *** [9d 8d Ad][3h]
*** RIVER *** [9d 8d Ad 3h][6d]
*** SHOW DOWN ***
MathisKcr shows [4d 7d] (Flush Ace high)
Tiger97422 shows [Jd Td] (Flush Ace high)
Tiger97422 collected 530 from main pot
MathisKcr collected 370 from side pot 1
*** SUMMARY ***
Total pot 900 | No rake
Board: [9d 8d Ad 3h 6d]
Seat 2: MathisKcr (big blind) showed [4d 7d] and won 370 with Flush Ace high
Seat 3: Tiger97422 (small blind) (button) showed [Jd Td] and won 530 with Flush Ace high


Winamax Poker - Tournament "Expresso Nitro" buyIn: 0.93€ + 0.07€ level: 3 - HandId: #4677121752147427329-9-1775123192 - Holdem no limit (20/40) - 2026/04/02 09:46:32 UTC
Table: 'Expresso Nitro(1088977268)#0' 3-max (real money) Seat #2 is the button
Seat 2: MathisKcr (370)
Seat 3: Tiger97422 (530)
*** ANTE/BLINDS ***
MathisKcr posts small blind 20
Tiger97422 posts big blind 40
Dealt to MathisKcr [Jc 7d]
*** PRE-FLOP *** 
MathisKcr raises 330 to 370 and is all-in
Tiger97422 folds
MathisKcr collected 410 from pot
*** SUMMARY ***
Total pot 410 | No rake
Seat 2: MathisKcr (small blind) (button) won 410


Winamax Poker - Tournament "Expresso Nitro" buyIn: 0.93€ + 0.07€ level: 3 - HandId: #4677121752147427329-10-1775123204 - Holdem no limit (20/40) - 2026/04/02 09:46:44 UTC
Table: 'Expresso Nitro(1088977268)#0' 3-max (real money) Seat #3 is the button
Seat 2: MathisKcr (410)
Seat 3: Tiger97422 (490)
*** ANTE/BLINDS ***
Tiger97422 posts small blind 20
MathisKcr posts big blind 40
Dealt to MathisKcr [3d 5d]
*** PRE-FLOP *** 
Tiger97422 calls 20
MathisKcr checks
*** FLOP *** [4d 4c 3c]
MathisKcr bets 370 and is all-in
Tiger97422 folds
MathisKcr collected 450 from pot
*** SUMMARY ***
Total pot 450 | No rake
Board: [4d 4c 3c]
Seat 2: MathisKcr (big blind) won 450


Winamax Poker - Tournament "Expresso Nitro" buyIn: 0.93€ + 0.07€ level: 3 - HandId: #4677121752147427329-11-1775123226 - Holdem no limit (20/40) - 2026/04/02 09:47:06 UTC
Table: 'Expresso Nitro(1088977268)#0' 3-max (real money) Seat #2 is the button
Seat 2: MathisKcr (450)
Seat 3: Tiger97422 (450)
*** ANTE/BLINDS ***
MathisKcr posts small blind 20
Tiger97422 posts big blind 40
Dealt to MathisKcr [5d 8s]
*** PRE-FLOP *** 
MathisKcr folds
Tiger97422 collected 60 from pot
*** SUMMARY ***
Total pot 60 | No rake
Seat 3: Tiger97422 (big blind) won 60


Winamax Poker - Tournament "Expresso Nitro" buyIn: 0.93€ + 0.07€ level: 3 - HandId: #4677121752147427329-12-1775123232 - Holdem no limit (20/40) - 2026/04/02 09:47:12 UTC
Table: 'Expresso Nitro(1088977268)#0' 3-max (real money) Seat #3 is the button
Seat 2: MathisKcr (430)
Seat 3: Tiger97422 (470)
*** ANTE/BLINDS ***
Tiger97422 posts small blind 20
MathisKcr posts big blind 40
Dealt to MathisKcr [Ad Td]
*** PRE-FLOP *** 
Tiger97422 folds
MathisKcr collected 60 from pot
*** SUMMARY ***
Total pot 60 | No rake
Seat 2: MathisKcr (big blind) won 60


Winamax Poker - Tournament "Expresso Nitro" buyIn: 0.93€ + 0.07€ level: 3 - HandId: #4677121752147427329-13-1775123236 - Holdem no limit (20/40) - 2026/04/02 09:47:16 UTC
Table: 'Expresso Nitro(1088977268)#0' 3-max (real money) Seat #2 is the button
Seat 2: MathisKcr (450)
Seat 3: Tiger97422 (450)
*** ANTE/BLINDS ***
MathisKcr posts small blind 20
Tiger97422 posts big blind 40
Dealt to MathisKcr [7d 9c]
*** PRE-FLOP *** 
MathisKcr folds
Tiger97422 collected 60 from pot
*** SUMMARY ***
Total pot 60 | No rake
Seat 3: Tiger97422 (big blind) won 60


Winamax Poker - Tournament "Expresso Nitro" buyIn: 0.93€ + 0.07€ level: 4 - HandId: #4677121752147427329-14-1775123252 - Holdem no limit (30/60) - 2026/04/02 09:47:32 UTC
Table: 'Expresso Nitro(1088977268)#0' 3-max (real money) Seat #3 is the button
Seat 2: MathisKcr (430)
Seat 3: Tiger97422 (470)
*** ANTE/BLINDS ***
Tiger97422 posts small blind 30
MathisKcr posts big blind 60
Dealt to MathisKcr [Ks 7d]
*** PRE-FLOP *** 
Tiger97422 calls 30
MathisKcr raises 370 to 430 and is all-in
Tiger97422 calls 370
*** FLOP *** [3d Jd Kd]
*** TURN *** [3d Jd Kd][9d]
*** RIVER *** [3d Jd Kd 9d][Ah]
*** SHOW DOWN ***
Tiger97422 shows [8h Kh] (One pair : Kings)
MathisKcr shows [Ks 7d] (Flush King high)
MathisKcr collected 860 from pot
*** SUMMARY ***
Total pot 860 | No rake
Board: [3d Jd Kd 9d Ah]
Seat 2: MathisKcr (big blind) showed [Ks 7d] and won 860 with Flush King high
Seat 3: Tiger97422 (small blind) (button) showed [8h Kh] and lost with One pair : Kings


Winamax Poker - Tournament "Expresso Nitro" buyIn: 0.93€ + 0.07€ level: 4 - HandId: #4677121752147427329-15-1775123268 - Holdem no limit (30/60) - 2026/04/02 09:47:48 UTC
Table: 'Expresso Nitro(1088977268)#0' 3-max (real money) Seat #2 is the button
Seat 2: MathisKcr (860)
Seat 3: Tiger97422 (40)
*** ANTE/BLINDS ***
MathisKcr posts small blind 30
Tiger97422 posts big blind 40 and is all-in
Dealt to MathisKcr [5h Kh]
*** PRE-FLOP *** 
MathisKcr calls 30
*** FLOP *** [9d 3s 6d]
*** TURN *** [9d 3s 6d][Ts]
*** RIVER *** [9d 3s 6d Ts][Ad]
*** SHOW DOWN ***
MathisKcr shows [5h Kh] (High card : Ace)
Tiger97422 shows [7h 7s] (One pair : 7)
Tiger97422 collected 80 from main pot
MathisKcr collected 20 from side pot 1
*** SUMMARY ***
Total pot 100 | No rake
Board: [9d 3s 6d Ts Ad]
Seat 2: MathisKcr (small blind) (button) showed [5h Kh] and won 20 with High card : Ace
Seat 3: Tiger97422 (big blind) showed [7h 7s] and won 80 with One pair : 7


Winamax Poker - Tournament "Expresso Nitro" buyIn: 0.93€ + 0.07€ level: 4 - HandId: #4677121752147427329-16-1775123282 - Holdem no limit (30/60) - 2026/04/02 09:48:02 UTC
Table: 'Expresso Nitro(1088977268)#0' 3-max (real money) Seat #3 is the button
Seat 2: MathisKcr (820)
Seat 3: Tiger97422 (80)
*** ANTE/BLINDS ***
Tiger97422 posts small blind 30
MathisKcr posts big blind 60
Dealt to MathisKcr [6s Ks]
*** PRE-FLOP *** 
Tiger97422 raises 20 to 80 and is all-in
MathisKcr calls 20
*** FLOP *** [2d Ah 9d]
*** TURN *** [2d Ah 9d][7h]
*** RIVER *** [2d Ah 9d 7h][6h]
*** SHOW DOWN ***
Tiger97422 shows [Td Qs] (High card : Ace)
MathisKcr shows [6s Ks] (One pair : 6)
MathisKcr collected 160 from pot
*** SUMMARY ***
Total pot 160 | No rake
Board: [2d Ah 9d 7h 6h]
Seat 2: MathisKcr (big blind) showed [6s Ks] and won 160 with One pair : 6
Seat 3: Tiger97422 (small blind) (button) showed [Td Qs] and lost with High card : Ace


