Winamax Poker - Tournament "Expresso Nitro" buyIn: 0.93€ + 0.07€ level: 1 - HandId: #4693436417349517313-1-1775731071 - Holdem no limit (10/20) - 2026/04/09 10:37:51 UTC
Table: 'Expresso Nitro(1092775822)#0' 3-max (real money) Seat #2 is the button
Seat 1: wildi37250 (300)
Seat 2: MathisKcr (300)
Seat 3: Sharawiii432 (300)
*** ANTE/BLINDS ***
Sharawiii432 posts small blind 10
wildi37250 posts big blind 20
Dealt to MathisKcr [5h 9c]
*** PRE-FLOP *** 
MathisKcr folds
Sharawiii432 calls 10
wildi37250 checks
*** FLOP *** [7d 6c 5d]
Sharawiii432 bets 20
wildi37250 calls 20
*** TURN *** [7d 6c 5d][2c]
Sharawiii432 bets 20
wildi37250 calls 20
*** RIVER *** [7d 6c 5d 2c][Kd]
Sharawiii432 bets 20
wildi37250 calls 20
*** SHOW DOWN ***
Sharawiii432 shows [9s Ad] (High card : Ace)
wildi37250 shows [Qd Ac] (High card : Ace)
wildi37250 collected 160 from pot
*** SUMMARY ***
Total pot 160 | No rake
Board: [7d 6c 5d 2c Kd]
Seat 1: wildi37250 (big blind) showed [Qd Ac] and won 160 with High card : Ace
Seat 3: Sharawiii432 (small blind) showed [9s Ad] and lost with High card : Ace


Winamax Poker - Tournament "Expresso Nitro" buyIn: 0.93€ + 0.07€ level: 1 - HandId: #4693436417349517313-2-1775731088 - Holdem no limit (10/20) - 2026/04/09 10:38:08 UTC
Table: 'Expresso Nitro(1092775822)#0' 3-max (real money) Seat #3 is the button
Seat 1: wildi37250 (380)
Seat 2: MathisKcr (300)
Seat 3: Sharawiii432 (220)
*** ANTE/BLINDS ***
wildi37250 posts small blind 10
MathisKcr posts big blind 20
Dealt to MathisKcr [6d 4c]
*** PRE-FLOP *** 
Sharawiii432 raises 30 to 50
wildi37250 folds
MathisKcr folds
Sharawiii432 collected 80 from pot
*** SUMMARY ***
Total pot 80 | No rake
Seat 3: Sharawiii432 (button) won 80


Winamax Poker - Tournament "Expresso Nitro" buyIn: 0.93€ + 0.07€ level: 1 - HandId: #4693436417349517313-3-1775731100 - Holdem no limit (10/20) - 2026/04/09 10:38:20 UTC
Table: 'Expresso Nitro(1092775822)#0' 3-max (real money) Seat #1 is the button
Seat 1: wildi37250 (370)
Seat 2: MathisKcr (280)
Seat 3: Sharawiii432 (250)
*** ANTE/BLINDS ***
MathisKcr posts small blind 10
Sharawiii432 posts big blind 20
Dealt to MathisKcr [3c 9h]
*** PRE-FLOP *** 
wildi37250 folds
MathisKcr folds
Sharawiii432 collected 30 from pot
*** SUMMARY ***
Total pot 30 | No rake
Seat 3: Sharawiii432 (big blind) won 30


Winamax Poker - Tournament "Expresso Nitro" buyIn: 0.93€ + 0.07€ level: 1 - HandId: #4693436417349517313-4-1775731111 - Holdem no limit (10/20) - 2026/04/09 10:38:31 UTC
Table: 'Expresso Nitro(1092775822)#0' 3-max (real money) Seat #2 is the button
Seat 1: wildi37250 (370)
Seat 2: MathisKcr (270)
Seat 3: Sharawiii432 (260)
*** ANTE/BLINDS ***
Sharawiii432 posts small blind 10
wildi37250 posts big blind 20
Dealt to MathisKcr [Th 3s]
*** PRE-FLOP *** 
MathisKcr folds
Sharawiii432 calls 10
wildi37250 checks
*** FLOP *** [6s Kc 7h]
Sharawiii432 bets 20
wildi37250 folds
Sharawiii432 collected 60 from pot
*** SUMMARY ***
Total pot 60 | No rake
Board: [6s Kc 7h]
Seat 3: Sharawiii432 (small blind) won 60


Winamax Poker - Tournament "Expresso Nitro" buyIn: 0.93€ + 0.07€ level: 2 - HandId: #4693436417349517313-5-1775731141 - Holdem no limit (15/30) - 2026/04/09 10:39:01 UTC
Table: 'Expresso Nitro(1092775822)#0' 3-max (real money) Seat #3 is the button
Seat 1: wildi37250 (350)
Seat 2: MathisKcr (270)
Seat 3: Sharawiii432 (280)
*** ANTE/BLINDS ***
wildi37250 posts small blind 15
MathisKcr posts big blind 30
Dealt to MathisKcr [Ad 6h]
*** PRE-FLOP *** 
Sharawiii432 calls 30
wildi37250 calls 15
MathisKcr raises 240 to 270 and is all-in
Sharawiii432 folds
wildi37250 folds
MathisKcr collected 330 from pot
*** SUMMARY ***
Total pot 330 | No rake
Seat 2: MathisKcr (big blind) won 330


Winamax Poker - Tournament "Expresso Nitro" buyIn: 0.93€ + 0.07€ level: 2 - HandId: #4693436417349517313-6-1775731165 - Holdem no limit (15/30) - 2026/04/09 10:39:25 UTC
Table: 'Expresso Nitro(1092775822)#0' 3-max (real money) Seat #1 is the button
Seat 1: wildi37250 (320)
Seat 2: MathisKcr (330)
Seat 3: Sharawiii432 (250)
*** ANTE/BLINDS ***
MathisKcr posts small blind 15
Sharawiii432 posts big blind 30
Dealt to MathisKcr [2s 5d]
*** PRE-FLOP *** 
wildi37250 folds
MathisKcr folds
Sharawiii432 collected 45 from pot
*** SUMMARY ***
Total pot 45 | No rake
Seat 3: Sharawiii432 (big blind) won 45


Winamax Poker - Tournament "Expresso Nitro" buyIn: 0.93€ + 0.07€ level: 2 - HandId: #4693436417349517313-7-1775731174 - Holdem no limit (15/30) - 2026/04/09 10:39:34 UTC
Table: 'Expresso Nitro(1092775822)#0' 3-max (real money) Seat #2 is the button
Seat 1: wildi37250 (320)
Seat 2: MathisKcr (315)
Seat 3: Sharawiii432 (265)
*** ANTE/BLINDS ***
Sharawiii432 posts small blind 15
wildi37250 posts big blind 30
Dealt to MathisKcr [7h Jh]
*** PRE-FLOP *** 
MathisKcr raises 30 to 60
Sharawiii432 calls 45
wildi37250 folds
*** FLOP *** [3h 8d 8s]
Sharawiii432 bets 30
MathisKcr folds
Sharawiii432 shows [2c 5d] (One pair : 8)
Sharawiii432 collected 180 from pot
*** SUMMARY ***
Total pot 180 | No rake
Board: [3h 8d 8s]
Seat 3: Sharawiii432 (small blind) showed [2c 5d] and won 180 with One pair : 8


Winamax Poker - Tournament "Expresso Nitro" buyIn: 0.93€ + 0.07€ level: 3 - HandId: #4693436417349517313-8-1775731196 - Holdem no limit (20/40) - 2026/04/09 10:39:56 UTC
Table: 'Expresso Nitro(1092775822)#0' 3-max (real money) Seat #3 is the button
Seat 1: wildi37250 (290)
Seat 2: MathisKcr (255)
Seat 3: Sharawiii432 (355)
*** ANTE/BLINDS ***
wildi37250 posts small blind 20
MathisKcr posts big blind 40
Dealt to MathisKcr [4h Qc]
*** PRE-FLOP *** 
Sharawiii432 raises 60 to 100
wildi37250 folds
MathisKcr raises 155 to 255 and is all-in
Sharawiii432 calls 155
*** FLOP *** [Ac 2h 7h]
*** TURN *** [Ac 2h 7h][8d]
*** RIVER *** [Ac 2h 7h 8d][Qd]
*** SHOW DOWN ***
MathisKcr shows [4h Qc] (One pair : Queens)
Sharawiii432 shows [Kc Ad] (One pair : Aces)
Sharawiii432 collected 530 from pot
*** SUMMARY ***
Total pot 530 | No rake
Board: [Ac 2h 7h 8d Qd]
Seat 2: MathisKcr (big blind) showed [4h Qc] and lost with One pair : Queens
Seat 3: Sharawiii432 (button) showed [Kc Ad] and won 530 with One pair : Aces


