Winamax Poker - Tournament "Expresso Nitro" buyIn: 0.93€ + 0.07€ level: 1 - HandId: #4607360732957245441-1-1772615857 - Holdem no limit (10/20) - 2026/03/04 09:17:37 UTC
Table: 'Expresso Nitro(1072734765)#0' 3-max (real money) Seat #3 is the button
Seat 1: MathisKcr (300)
Seat 2: ragnardivar (300)
Seat 3: mick76280 (300)
*** ANTE/BLINDS ***
MathisKcr posts small blind 10
ragnardivar posts big blind 20
Dealt to MathisKcr [3h 4c]
*** PRE-FLOP *** 
mick76280 folds
MathisKcr folds
ragnardivar collected 30 from pot
*** SUMMARY ***
Total pot 30 | No rake
Seat 2: ragnardivar (big blind) won 30


Winamax Poker - Tournament "Expresso Nitro" buyIn: 0.93€ + 0.07€ level: 1 - HandId: #4607360732957245441-2-1772615866 - Holdem no limit (10/20) - 2026/03/04 09:17:46 UTC
Table: 'Expresso Nitro(1072734765)#0' 3-max (real money) Seat #1 is the button
Seat 1: MathisKcr (290)
Seat 2: ragnardivar (310)
Seat 3: mick76280 (300)
*** ANTE/BLINDS ***
ragnardivar posts small blind 10
mick76280 posts big blind 20
Dealt to MathisKcr [8c 6h]
*** PRE-FLOP *** 
MathisKcr folds
ragnardivar calls 10
mick76280 raises 280 to 300 and is all-in
ragnardivar raises 10 to 310 and is all-in
*** FLOP *** [5d Qh 6c]
*** TURN *** [5d Qh 6c][9c]
*** RIVER *** [5d Qh 6c 9c][Js]
*** SHOW DOWN ***
mick76280 shows [Ah Kc] (High card : Ace)
ragnardivar shows [2s 2d] (One pair : 2)
ragnardivar collected 610 from pot
*** SUMMARY ***
Total pot 610 | No rake
Board: [5d Qh 6c 9c Js]
Seat 2: ragnardivar (small blind) showed [2s 2d] and won 610 with One pair : 2
Seat 3: mick76280 (big blind) showed [Ah Kc] and lost with High card : Ace


Winamax Poker - Tournament "Expresso Nitro" buyIn: 0.93€ + 0.07€ level: 1 - HandId: #4607360732957245441-3-1772615907 - Holdem no limit (10/20) - 2026/03/04 09:18:27 UTC
Table: 'Expresso Nitro(1072734765)#0' 3-max (real money) Seat #1 is the button
Seat 1: MathisKcr (290)
Seat 2: ragnardivar (610)
*** ANTE/BLINDS ***
MathisKcr posts small blind 10
ragnardivar posts big blind 20
Dealt to MathisKcr [8h 3s]
*** PRE-FLOP *** 
MathisKcr folds
ragnardivar collected 30 from pot
*** SUMMARY ***
Total pot 30 | No rake
Seat 2: ragnardivar (big blind) won 30


Winamax Poker - Tournament "Expresso Nitro" buyIn: 0.93€ + 0.07€ level: 1 - HandId: #4607360732957245441-4-1772615913 - Holdem no limit (10/20) - 2026/03/04 09:18:33 UTC
Table: 'Expresso Nitro(1072734765)#0' 3-max (real money) Seat #2 is the button
Seat 1: MathisKcr (280)
Seat 2: ragnardivar (620)
*** ANTE/BLINDS ***
ragnardivar posts small blind 10
MathisKcr posts big blind 20
Dealt to MathisKcr [3d 2h]
*** PRE-FLOP *** 
ragnardivar folds
MathisKcr collected 30 from pot
*** SUMMARY ***
Total pot 30 | No rake
Seat 1: MathisKcr (big blind) won 30


Winamax Poker - Tournament "Expresso Nitro" buyIn: 0.93€ + 0.07€ level: 2 - HandId: #4607360732957245441-5-1772615919 - Holdem no limit (15/30) - 2026/03/04 09:18:39 UTC
Table: 'Expresso Nitro(1072734765)#0' 3-max (real money) Seat #1 is the button
Seat 1: MathisKcr (290)
Seat 2: ragnardivar (610)
*** ANTE/BLINDS ***
MathisKcr posts small blind 15
ragnardivar posts big blind 30
Dealt to MathisKcr [4d 2c]
*** PRE-FLOP *** 
MathisKcr folds
ragnardivar collected 45 from pot
*** SUMMARY ***
Total pot 45 | No rake
Seat 2: ragnardivar (big blind) won 45


Winamax Poker - Tournament "Expresso Nitro" buyIn: 0.93€ + 0.07€ level: 2 - HandId: #4607360732957245441-6-1772615924 - Holdem no limit (15/30) - 2026/03/04 09:18:44 UTC
Table: 'Expresso Nitro(1072734765)#0' 3-max (real money) Seat #2 is the button
Seat 1: MathisKcr (275)
Seat 2: ragnardivar (625)
*** ANTE/BLINDS ***
ragnardivar posts small blind 15
MathisKcr posts big blind 30
Dealt to MathisKcr [2d 8h]
*** PRE-FLOP *** 
ragnardivar raises 60 to 90
MathisKcr folds
ragnardivar collected 120 from pot
*** SUMMARY ***
Total pot 120 | No rake
Seat 2: ragnardivar (small blind) (button) won 120


Winamax Poker - Tournament "Expresso Nitro" buyIn: 0.93€ + 0.07€ level: 2 - HandId: #4607360732957245441-7-1772615930 - Holdem no limit (15/30) - 2026/03/04 09:18:50 UTC
Table: 'Expresso Nitro(1072734765)#0' 3-max (real money) Seat #1 is the button
Seat 1: MathisKcr (245)
Seat 2: ragnardivar (655)
*** ANTE/BLINDS ***
MathisKcr posts small blind 15
ragnardivar posts big blind 30
Dealt to MathisKcr [7d 3h]
*** PRE-FLOP *** 
MathisKcr folds
ragnardivar collected 45 from pot
*** SUMMARY ***
Total pot 45 | No rake
Seat 2: ragnardivar (big blind) won 45


Winamax Poker - Tournament "Expresso Nitro" buyIn: 0.93€ + 0.07€ level: 2 - HandId: #4607360732957245441-8-1772615934 - Holdem no limit (15/30) - 2026/03/04 09:18:54 UTC
Table: 'Expresso Nitro(1072734765)#0' 3-max (real money) Seat #2 is the button
Seat 1: MathisKcr (230)
Seat 2: ragnardivar (670)
*** ANTE/BLINDS ***
ragnardivar posts small blind 15
MathisKcr posts big blind 30
Dealt to MathisKcr [5h 3s]
*** PRE-FLOP *** 
ragnardivar calls 15
MathisKcr checks
*** FLOP *** [2s 2d Ts]
MathisKcr checks
ragnardivar checks
*** TURN *** [2s 2d Ts][Kc]
MathisKcr checks
ragnardivar checks
*** RIVER *** [2s 2d Ts Kc][9h]
MathisKcr checks
ragnardivar checks
*** SHOW DOWN ***
MathisKcr shows [5h 3s] (One pair : 2)
ragnardivar shows [6h 8h] (One pair : 2)
ragnardivar collected 30 from pot
MathisKcr collected 30 from pot
*** SUMMARY ***
Total pot 60 | No rake
Board: [2s 2d Ts Kc 9h]
Seat 1: MathisKcr (big blind) showed [5h 3s] and won 30 with One pair : 2
Seat 2: ragnardivar (small blind) (button) showed [6h 8h] and won 30 with One pair : 2


Winamax Poker - Tournament "Expresso Nitro" buyIn: 0.93€ + 0.07€ level: 2 - HandId: #4607360732957245441-9-1772615955 - Holdem no limit (15/30) - 2026/03/04 09:19:15 UTC
Table: 'Expresso Nitro(1072734765)#0' 3-max (real money) Seat #1 is the button
Seat 1: MathisKcr (230)
Seat 2: ragnardivar (670)
*** ANTE/BLINDS ***
MathisKcr posts small blind 15
ragnardivar posts big blind 30
Dealt to MathisKcr [2d 2s]
*** PRE-FLOP *** 
MathisKcr raises 200 to 230 and is all-in
ragnardivar folds
MathisKcr collected 260 from pot
*** SUMMARY ***
Total pot 260 | No rake
Seat 1: MathisKcr (small blind) (button) won 260


Winamax Poker - Tournament "Expresso Nitro" buyIn: 0.93€ + 0.07€ level: 2 - HandId: #4607360732957245441-10-1772615964 - Holdem no limit (15/30) - 2026/03/04 09:19:24 UTC
Table: 'Expresso Nitro(1072734765)#0' 3-max (real money) Seat #2 is the button
Seat 1: MathisKcr (260)
Seat 2: ragnardivar (640)
*** ANTE/BLINDS ***
ragnardivar posts small blind 15
MathisKcr posts big blind 30
Dealt to MathisKcr [Jh Ah]
*** PRE-FLOP *** 
ragnardivar calls 15
MathisKcr raises 230 to 260 and is all-in
ragnardivar calls 230
*** FLOP *** [3h 9s As]
*** TURN *** [3h 9s As][2c]
*** RIVER *** [3h 9s As 2c][6c]
*** SHOW DOWN ***
ragnardivar shows [Qc 8s] (High card : Ace)
MathisKcr shows [Jh Ah] (One pair : Aces)
MathisKcr collected 520 from pot
*** SUMMARY ***
Total pot 520 | No rake
Board: [3h 9s As 2c 6c]
Seat 1: MathisKcr (big blind) showed [Jh Ah] and won 520 with One pair : Aces
Seat 2: ragnardivar (small blind) (button) showed [Qc 8s] and lost with High card : Ace


Winamax Poker - Tournament "Expresso Nitro" buyIn: 0.93€ + 0.07€ level: 3 - HandId: #4607360732957245441-11-1772615979 - Holdem no limit (20/40) - 2026/03/04 09:19:39 UTC
Table: 'Expresso Nitro(1072734765)#0' 3-max (real money) Seat #1 is the button
Seat 1: MathisKcr (520)
Seat 2: ragnardivar (380)
*** ANTE/BLINDS ***
MathisKcr posts small blind 20
ragnardivar posts big blind 40
Dealt to MathisKcr [Td Jc]
*** PRE-FLOP *** 
MathisKcr raises 40 to 80
ragnardivar folds
MathisKcr collected 120 from pot
*** SUMMARY ***
Total pot 120 | No rake
Seat 1: MathisKcr (small blind) (button) won 120


Winamax Poker - Tournament "Expresso Nitro" buyIn: 0.93€ + 0.07€ level: 3 - HandId: #4607360732957245441-12-1772615990 - Holdem no limit (20/40) - 2026/03/04 09:19:50 UTC
Table: 'Expresso Nitro(1072734765)#0' 3-max (real money) Seat #2 is the button
Seat 1: MathisKcr (560)
Seat 2: ragnardivar (340)
*** ANTE/BLINDS ***
ragnardivar posts small blind 20
MathisKcr posts big blind 40
Dealt to MathisKcr [2d 9s]
*** PRE-FLOP *** 
ragnardivar calls 20
MathisKcr checks
*** FLOP *** [3c 5h Ks]
MathisKcr bets 40
ragnardivar folds
MathisKcr collected 120 from pot
*** SUMMARY ***
Total pot 120 | No rake
Board: [3c 5h Ks]
Seat 1: MathisKcr (big blind) won 120


Winamax Poker - Tournament "Expresso Nitro" buyIn: 0.93€ + 0.07€ level: 3 - HandId: #4607360732957245441-13-1772616005 - Holdem no limit (20/40) - 2026/03/04 09:20:05 UTC
Table: 'Expresso Nitro(1072734765)#0' 3-max (real money) Seat #1 is the button
Seat 1: MathisKcr (600)
Seat 2: ragnardivar (300)
*** ANTE/BLINDS ***
MathisKcr posts small blind 20
ragnardivar posts big blind 40
Dealt to MathisKcr [5s 6h]
*** PRE-FLOP *** 
MathisKcr calls 20
ragnardivar checks
*** FLOP *** [7s 5d 8s]
ragnardivar checks
MathisKcr bets 80
ragnardivar raises 180 to 260 and is all-in
MathisKcr calls 180
*** TURN *** [7s 5d 8s][7c]
*** RIVER *** [7s 5d 8s 7c][Ah]
*** SHOW DOWN ***
MathisKcr shows [5s 6h] (Two pairs : 7 and 5)
ragnardivar shows [4c 7h] (Trips of 7)
ragnardivar collected 600 from pot
*** SUMMARY ***
Total pot 600 | No rake
Board: [7s 5d 8s 7c Ah]
Seat 1: MathisKcr (small blind) (button) showed [5s 6h] and lost with Two pairs : 7 and 5
Seat 2: ragnardivar (big blind) showed [4c 7h] and won 600 with Trips of 7


Winamax Poker - Tournament "Expresso Nitro" buyIn: 0.93€ + 0.07€ level: 4 - HandId: #4607360732957245441-14-1772616039 - Holdem no limit (30/60) - 2026/03/04 09:20:39 UTC
Table: 'Expresso Nitro(1072734765)#0' 3-max (real money) Seat #2 is the button
Seat 1: MathisKcr (300)
Seat 2: ragnardivar (600)
*** ANTE/BLINDS ***
ragnardivar posts small blind 30
MathisKcr posts big blind 60
Dealt to MathisKcr [Ts Tc]
*** PRE-FLOP *** 
ragnardivar folds
MathisKcr collected 90 from pot
*** SUMMARY ***
Total pot 90 | No rake
Seat 1: MathisKcr (big blind) won 90


Winamax Poker - Tournament "Expresso Nitro" buyIn: 0.93€ + 0.07€ level: 4 - HandId: #4607360732957245441-15-1772616046 - Holdem no limit (30/60) - 2026/03/04 09:20:46 UTC
Table: 'Expresso Nitro(1072734765)#0' 3-max (real money) Seat #1 is the button
Seat 1: MathisKcr (330)
Seat 2: ragnardivar (570)
*** ANTE/BLINDS ***
MathisKcr posts small blind 30
ragnardivar posts big blind 60
Dealt to MathisKcr [9c Td]
*** PRE-FLOP *** 
MathisKcr calls 30
ragnardivar checks
*** FLOP *** [9h 4d 8s]
ragnardivar bets 120
MathisKcr raises 150 to 270 and is all-in
ragnardivar raises 240 to 510 and is all-in
*** TURN *** [9h 4d 8s][Jd]
*** RIVER *** [9h 4d 8s Jd][Js]
*** SHOW DOWN ***
MathisKcr shows [9c Td] (Two pairs : Jacks and 9)
ragnardivar shows [9d 8h] (Two pairs : Jacks and 9)
ragnardivar collected 240 from side pot 1
MathisKcr collected 660 from main pot
*** SUMMARY ***
Total pot 900 | No rake
Board: [9h 4d 8s Jd Js]
Seat 1: MathisKcr (small blind) (button) showed [9c Td] and won 660 with Two pairs : Jacks and 9
Seat 2: ragnardivar (big blind) showed [9d 8h] and won 240 with Two pairs : Jacks and 9


Winamax Poker - Tournament "Expresso Nitro" buyIn: 0.93€ + 0.07€ level: 4 - HandId: #4607360732957245441-16-1772616065 - Holdem no limit (30/60) - 2026/03/04 09:21:05 UTC
Table: 'Expresso Nitro(1072734765)#0' 3-max (real money) Seat #2 is the button
Seat 1: MathisKcr (660)
Seat 2: ragnardivar (240)
*** ANTE/BLINDS ***
ragnardivar posts small blind 30
MathisKcr posts big blind 60
Dealt to MathisKcr [7s Td]
*** PRE-FLOP *** 
ragnardivar raises 120 to 180
MathisKcr folds
ragnardivar collected 240 from pot
*** SUMMARY ***
Total pot 240 | No rake
Seat 2: ragnardivar (small blind) (button) won 240


Winamax Poker - Tournament "Expresso Nitro" buyIn: 0.93€ + 0.07€ level: 4 - HandId: #4607360732957245441-17-1772616075 - Holdem no limit (30/60) - 2026/03/04 09:21:15 UTC
Table: 'Expresso Nitro(1072734765)#0' 3-max (real money) Seat #1 is the button
Seat 1: MathisKcr (600)
Seat 2: ragnardivar (300)
*** ANTE/BLINDS ***
MathisKcr posts small blind 30
ragnardivar posts big blind 60
Dealt to MathisKcr [Th 3d]
*** PRE-FLOP *** 
MathisKcr calls 30
ragnardivar raises 120 to 180
MathisKcr folds
ragnardivar collected 240 from pot
*** SUMMARY ***
Total pot 240 | No rake
Seat 2: ragnardivar (big blind) won 240


Winamax Poker - Tournament "Expresso Nitro" buyIn: 0.93€ + 0.07€ level: 4 - HandId: #4607360732957245441-18-1772616082 - Holdem no limit (30/60) - 2026/03/04 09:21:22 UTC
Table: 'Expresso Nitro(1072734765)#0' 3-max (real money) Seat #2 is the button
Seat 1: MathisKcr (540)
Seat 2: ragnardivar (360)
*** ANTE/BLINDS ***
ragnardivar posts small blind 30
MathisKcr posts big blind 60
Dealt to MathisKcr [Ah 7d]
*** PRE-FLOP *** 
ragnardivar folds
MathisKcr collected 90 from pot
*** SUMMARY ***
Total pot 90 | No rake
Seat 1: MathisKcr (big blind) won 90


Winamax Poker - Tournament "Expresso Nitro" buyIn: 0.93€ + 0.07€ level: 4 - HandId: #4607360732957245441-19-1772616088 - Holdem no limit (30/60) - 2026/03/04 09:21:28 UTC
Table: 'Expresso Nitro(1072734765)#0' 3-max (real money) Seat #1 is the button
Seat 1: MathisKcr (570)
Seat 2: ragnardivar (330)
*** ANTE/BLINDS ***
MathisKcr posts small blind 30
ragnardivar posts big blind 60
Dealt to MathisKcr [5s Ts]
*** PRE-FLOP *** 
MathisKcr calls 30
ragnardivar checks
*** FLOP *** [8s 4s 6s]
ragnardivar checks
MathisKcr bets 60
ragnardivar folds
MathisKcr collected 180 from pot
*** SUMMARY ***
Total pot 180 | No rake
Board: [8s 4s 6s]
Seat 1: MathisKcr (small blind) (button) won 180


Winamax Poker - Tournament "Expresso Nitro" buyIn: 0.93€ + 0.07€ level: 5 - HandId: #4607360732957245441-20-1772616104 - Holdem no limit (40/80) - 2026/03/04 09:21:44 UTC
Table: 'Expresso Nitro(1072734765)#0' 3-max (real money) Seat #2 is the button
Seat 1: MathisKcr (630)
Seat 2: ragnardivar (270)
*** ANTE/BLINDS ***
ragnardivar posts small blind 40
MathisKcr posts big blind 80
Dealt to MathisKcr [5c 7d]
*** PRE-FLOP *** 
ragnardivar raises 190 to 270 and is all-in
MathisKcr folds
ragnardivar collected 350 from pot
*** SUMMARY ***
Total pot 350 | No rake
Seat 2: ragnardivar (small blind) (button) won 350


Winamax Poker - Tournament "Expresso Nitro" buyIn: 0.93€ + 0.07€ level: 5 - HandId: #4607360732957245441-21-1772616113 - Holdem no limit (40/80) - 2026/03/04 09:21:53 UTC
Table: 'Expresso Nitro(1072734765)#0' 3-max (real money) Seat #1 is the button
Seat 1: MathisKcr (550)
Seat 2: ragnardivar (350)
*** ANTE/BLINDS ***
MathisKcr posts small blind 40
ragnardivar posts big blind 80
Dealt to MathisKcr [5s 3c]
*** PRE-FLOP *** 
MathisKcr folds
ragnardivar collected 120 from pot
*** SUMMARY ***
Total pot 120 | No rake
Seat 2: ragnardivar (big blind) won 120


Winamax Poker - Tournament "Expresso Nitro" buyIn: 0.93€ + 0.07€ level: 5 - HandId: #4607360732957245441-22-1772616117 - Holdem no limit (40/80) - 2026/03/04 09:21:57 UTC
Table: 'Expresso Nitro(1072734765)#0' 3-max (real money) Seat #2 is the button
Seat 1: MathisKcr (510)
Seat 2: ragnardivar (390)
*** ANTE/BLINDS ***
ragnardivar posts small blind 40
MathisKcr posts big blind 80
Dealt to MathisKcr [Td 6s]
*** PRE-FLOP *** 
ragnardivar raises 310 to 390 and is all-in
MathisKcr folds
ragnardivar collected 470 from pot
*** SUMMARY ***
Total pot 470 | No rake
Seat 2: ragnardivar (small blind) (button) won 470


Winamax Poker - Tournament "Expresso Nitro" buyIn: 0.93€ + 0.07€ level: 5 - HandId: #4607360732957245441-23-1772616122 - Holdem no limit (40/80) - 2026/03/04 09:22:02 UTC
Table: 'Expresso Nitro(1072734765)#0' 3-max (real money) Seat #1 is the button
Seat 1: MathisKcr (430)
Seat 2: ragnardivar (470)
*** ANTE/BLINDS ***
MathisKcr posts small blind 40
ragnardivar posts big blind 80
Dealt to MathisKcr [Td 7d]
*** PRE-FLOP *** 
MathisKcr raises 350 to 430 and is all-in
ragnardivar folds
MathisKcr collected 510 from pot
*** SUMMARY ***
Total pot 510 | No rake
Seat 1: MathisKcr (small blind) (button) won 510


Winamax Poker - Tournament "Expresso Nitro" buyIn: 0.93€ + 0.07€ level: 5 - HandId: #4607360732957245441-24-1772616134 - Holdem no limit (40/80) - 2026/03/04 09:22:14 UTC
Table: 'Expresso Nitro(1072734765)#0' 3-max (real money) Seat #2 is the button
Seat 1: MathisKcr (510)
Seat 2: ragnardivar (390)
*** ANTE/BLINDS ***
ragnardivar posts small blind 40
MathisKcr posts big blind 80
Dealt to MathisKcr [4d Qh]
*** PRE-FLOP *** 
ragnardivar folds
MathisKcr collected 120 from pot
*** SUMMARY ***
Total pot 120 | No rake
Seat 1: MathisKcr (big blind) won 120


Winamax Poker - Tournament "Expresso Nitro" buyIn: 0.93€ + 0.07€ level: 5 - HandId: #4607360732957245441-25-1772616144 - Holdem no limit (40/80) - 2026/03/04 09:22:24 UTC
Table: 'Expresso Nitro(1072734765)#0' 3-max (real money) Seat #1 is the button
Seat 1: MathisKcr (550)
Seat 2: ragnardivar (350)
*** ANTE/BLINDS ***
MathisKcr posts small blind 40
ragnardivar posts big blind 80
Dealt to MathisKcr [Tc 6c]
*** PRE-FLOP *** 
MathisKcr raises 470 to 550 and is all-in
ragnardivar calls 270 and is all-in
*** FLOP *** [3c 7d 4c]
*** TURN *** [3c 7d 4c][Kh]
*** RIVER *** [3c 7d 4c Kh][Kd]
*** SHOW DOWN ***
ragnardivar shows [9d 8s] (One pair : Kings)
MathisKcr shows [Tc 6c] (One pair : Kings)
MathisKcr collected 900 from pot
*** SUMMARY ***
Total pot 900 | No rake
Board: [3c 7d 4c Kh Kd]
Seat 1: MathisKcr (small blind) (button) showed [Tc 6c] and won 900 with One pair : Kings
Seat 2: ragnardivar (big blind) showed [9d 8s] and lost with One pair : Kings


