Winamax Poker - Tournament "Expresso Nitro" buyIn: 0.93€ + 0.07€ level: 1 - HandId: #4601472796650897409-1-1772389862 - Holdem no limit (10/20) - 2026/03/01 18:31:02 UTC
Table: 'Expresso Nitro(1071363873)#0' 3-max (real money) Seat #2 is the button
Seat 1: MathisKcr (300)
Seat 2: Fluvi24 (300)
Seat 3: carletesac (300)
*** ANTE/BLINDS ***
carletesac posts small blind 10
MathisKcr posts big blind 20
Dealt to MathisKcr [4h 9c]
*** PRE-FLOP *** 
Fluvi24 calls 20
carletesac folds
MathisKcr checks
*** FLOP *** [6h 8c 6c]
MathisKcr bets 20
Fluvi24 folds
MathisKcr collected 70 from pot
*** SUMMARY ***
Total pot 70 | No rake
Board: [6h 8c 6c]
Seat 1: MathisKcr (big blind) won 70


Winamax Poker - Tournament "Expresso Nitro" buyIn: 0.93€ + 0.07€ level: 1 - HandId: #4601472796650897409-2-1772389878 - Holdem no limit (10/20) - 2026/03/01 18:31:18 UTC
Table: 'Expresso Nitro(1071363873)#0' 3-max (real money) Seat #3 is the button
Seat 1: MathisKcr (330)
Seat 2: Fluvi24 (280)
Seat 3: carletesac (290)
*** ANTE/BLINDS ***
MathisKcr posts small blind 10
Fluvi24 posts big blind 20
Dealt to MathisKcr [7h Ah]
*** PRE-FLOP *** 
carletesac raises 20 to 40
MathisKcr raises 290 to 330 and is all-in
Fluvi24 folds
carletesac folds
MathisKcr collected 390 from pot
*** SUMMARY ***
Total pot 390 | No rake
Seat 1: MathisKcr (small blind) won 390


Winamax Poker - Tournament "Expresso Nitro" buyIn: 0.93€ + 0.07€ level: 1 - HandId: #4601472796650897409-3-1772389894 - Holdem no limit (10/20) - 2026/03/01 18:31:34 UTC
Table: 'Expresso Nitro(1071363873)#0' 3-max (real money) Seat #1 is the button
Seat 1: MathisKcr (390)
Seat 2: Fluvi24 (260)
Seat 3: carletesac (250)
*** ANTE/BLINDS ***
Fluvi24 posts small blind 10
carletesac posts big blind 20
Dealt to MathisKcr [As 7c]
*** PRE-FLOP *** 
MathisKcr raises 370 to 390 and is all-in
Fluvi24 folds
carletesac folds
MathisKcr collected 420 from pot
*** SUMMARY ***
Total pot 420 | No rake
Seat 1: MathisKcr (button) won 420


Winamax Poker - Tournament "Expresso Nitro" buyIn: 0.93€ + 0.07€ level: 1 - HandId: #4601472796650897409-4-1772389903 - Holdem no limit (10/20) - 2026/03/01 18:31:43 UTC
Table: 'Expresso Nitro(1071363873)#0' 3-max (real money) Seat #2 is the button
Seat 1: MathisKcr (420)
Seat 2: Fluvi24 (250)
Seat 3: carletesac (230)
*** ANTE/BLINDS ***
carletesac posts small blind 10
MathisKcr posts big blind 20
Dealt to MathisKcr [7h 8s]
*** PRE-FLOP *** 
Fluvi24 calls 20
carletesac calls 10
MathisKcr checks
*** FLOP *** [Ks 3c 5h]
carletesac checks
MathisKcr checks
Fluvi24 checks
*** TURN *** [Ks 3c 5h][Ac]
carletesac checks
MathisKcr checks
Fluvi24 checks
*** RIVER *** [Ks 3c 5h Ac][Kc]
carletesac checks
MathisKcr checks
Fluvi24 checks
*** SHOW DOWN ***
MathisKcr shows [7h 8s] (One pair : Kings)
Fluvi24 shows [8d Th] (One pair : Kings)
carletesac shows [2h Qs] (One pair : Kings)
carletesac collected 60 from pot
*** SUMMARY ***
Total pot 60 | No rake
Board: [Ks 3c 5h Ac Kc]
Seat 1: MathisKcr (big blind) showed [7h 8s] and lost with One pair : Kings
Seat 2: Fluvi24 (button) showed [8d Th] and lost with One pair : Kings
Seat 3: carletesac (small blind) showed [2h Qs] and won 60 with One pair : Kings


Winamax Poker - Tournament "Expresso Nitro" buyIn: 0.93€ + 0.07€ level: 2 - HandId: #4601472796650897409-5-1772389937 - Holdem no limit (15/30) - 2026/03/01 18:32:17 UTC
Table: 'Expresso Nitro(1071363873)#0' 3-max (real money) Seat #3 is the button
Seat 1: MathisKcr (400)
Seat 2: Fluvi24 (230)
Seat 3: carletesac (270)
*** ANTE/BLINDS ***
MathisKcr posts small blind 15
Fluvi24 posts big blind 30
Dealt to MathisKcr [7c Qs]
*** PRE-FLOP *** 
carletesac calls 30
MathisKcr raises 30 to 60
Fluvi24 calls 30
carletesac calls 30
*** FLOP *** [7h 9c 6c]
MathisKcr bets 60
Fluvi24 calls 60
carletesac calls 60
*** TURN *** [7h 9c 6c][Ks]
MathisKcr checks
Fluvi24 checks
carletesac bets 30
MathisKcr calls 30
Fluvi24 raises 80 to 110 and is all-in
carletesac raises 40 to 150 and is all-in
MathisKcr folds
*** RIVER *** [7h 9c 6c Ks][9h]
*** SHOW DOWN ***
Fluvi24 shows [3c 9s] (Trips of 9)
carletesac shows [Kh Qc] (Two pairs : Kings and 9)
carletesac collected 40 from side pot 1
Fluvi24 collected 610 from main pot
*** SUMMARY ***
Total pot 650 | No rake
Board: [7h 9c 6c Ks 9h]
Seat 2: Fluvi24 (big blind) showed [3c 9s] and won 610 with Trips of 9
Seat 3: carletesac (button) showed [Kh Qc] and won 40 with Two pairs : Kings and 9


Winamax Poker - Tournament "Expresso Nitro" buyIn: 0.93€ + 0.07€ level: 2 - HandId: #4601472796650897409-6-1772389974 - Holdem no limit (15/30) - 2026/03/01 18:32:54 UTC
Table: 'Expresso Nitro(1071363873)#0' 3-max (real money) Seat #1 is the button
Seat 1: MathisKcr (250)
Seat 2: Fluvi24 (610)
Seat 3: carletesac (40)
*** ANTE/BLINDS ***
Fluvi24 posts small blind 15
carletesac posts big blind 30
Dealt to MathisKcr [4s 9h]
*** PRE-FLOP *** 
MathisKcr folds
Fluvi24 calls 15
carletesac raises 10 to 40 and is all-in
Fluvi24 calls 10
*** FLOP *** [Ts 9s 3s]
*** TURN *** [Ts 9s 3s][8h]
*** RIVER *** [Ts 9s 3s 8h][Js]
*** SHOW DOWN ***
Fluvi24 shows [Ah Qs] (Flush Queen high)
carletesac shows [Qh As] (Flush Ace high)
carletesac collected 80 from pot
*** SUMMARY ***
Total pot 80 | No rake
Board: [Ts 9s 3s 8h Js]
Seat 2: Fluvi24 (small blind) showed [Ah Qs] and lost with Flush Queen high
Seat 3: carletesac (big blind) showed [Qh As] and won 80 with Flush Ace high


Winamax Poker - Tournament "Expresso Nitro" buyIn: 0.93€ + 0.07€ level: 3 - HandId: #4601472796650897409-7-1772389989 - Holdem no limit (20/40) - 2026/03/01 18:33:09 UTC
Table: 'Expresso Nitro(1071363873)#0' 3-max (real money) Seat #2 is the button
Seat 1: MathisKcr (250)
Seat 2: Fluvi24 (570)
Seat 3: carletesac (80)
*** ANTE/BLINDS ***
carletesac posts small blind 20
MathisKcr posts big blind 40
Dealt to MathisKcr [Qs Kd]
*** PRE-FLOP *** 
Fluvi24 folds
carletesac raises 40 to 80 and is all-in
MathisKcr calls 40
*** FLOP *** [Qc 8c Ah]
*** TURN *** [Qc 8c Ah][7h]
*** RIVER *** [Qc 8c Ah 7h][9d]
*** SHOW DOWN ***
carletesac shows [5h 4h] (High card : Ace)
MathisKcr shows [Qs Kd] (One pair : Queens)
MathisKcr collected 160 from pot
*** SUMMARY ***
Total pot 160 | No rake
Board: [Qc 8c Ah 7h 9d]
Seat 1: MathisKcr (big blind) showed [Qs Kd] and won 160 with One pair : Queens
Seat 3: carletesac (small blind) showed [5h 4h] and lost with High card : Ace


Winamax Poker - Tournament "Expresso Nitro" buyIn: 0.93€ + 0.07€ level: 3 - HandId: #4601472796650897409-8-1772390002 - Holdem no limit (20/40) - 2026/03/01 18:33:22 UTC
Table: 'Expresso Nitro(1071363873)#0' 3-max (real money) Seat #1 is the button
Seat 1: MathisKcr (330)
Seat 2: Fluvi24 (570)
*** ANTE/BLINDS ***
MathisKcr posts small blind 20
Fluvi24 posts big blind 40
Dealt to MathisKcr [9d Kc]
*** PRE-FLOP *** 
MathisKcr raises 40 to 80
Fluvi24 calls 40
*** FLOP *** [4h Ks 8h]
Fluvi24 checks
MathisKcr bets 56
Fluvi24 folds
MathisKcr collected 216 from pot
*** SUMMARY ***
Total pot 216 | No rake
Board: [4h Ks 8h]
Seat 1: MathisKcr (small blind) (button) won 216


Winamax Poker - Tournament "Expresso Nitro" buyIn: 0.93€ + 0.07€ level: 3 - HandId: #4601472796650897409-9-1772390020 - Holdem no limit (20/40) - 2026/03/01 18:33:40 UTC
Table: 'Expresso Nitro(1071363873)#0' 3-max (real money) Seat #2 is the button
Seat 1: MathisKcr (410)
Seat 2: Fluvi24 (490)
*** ANTE/BLINDS ***
Fluvi24 posts small blind 20
MathisKcr posts big blind 40
Dealt to MathisKcr [Jd 7h]
*** PRE-FLOP *** 
Fluvi24 calls 20
MathisKcr checks
*** FLOP *** [2d Ah Jc]
MathisKcr bets 370 and is all-in
Fluvi24 folds
MathisKcr collected 450 from pot
*** SUMMARY ***
Total pot 450 | No rake
Board: [2d Ah Jc]
Seat 1: MathisKcr (big blind) won 450


Winamax Poker - Tournament "Expresso Nitro" buyIn: 0.93€ + 0.07€ level: 3 - HandId: #4601472796650897409-10-1772390029 - Holdem no limit (20/40) - 2026/03/01 18:33:49 UTC
Table: 'Expresso Nitro(1071363873)#0' 3-max (real money) Seat #1 is the button
Seat 1: MathisKcr (450)
Seat 2: Fluvi24 (450)
*** ANTE/BLINDS ***
MathisKcr posts small blind 20
Fluvi24 posts big blind 40
Dealt to MathisKcr [As 2h]
*** PRE-FLOP *** 
MathisKcr raises 410 to 450 and is all-in
Fluvi24 folds
MathisKcr collected 490 from pot
*** SUMMARY ***
Total pot 490 | No rake
Seat 1: MathisKcr (small blind) (button) won 490


Winamax Poker - Tournament "Expresso Nitro" buyIn: 0.93€ + 0.07€ level: 3 - HandId: #4601472796650897409-11-1772390037 - Holdem no limit (20/40) - 2026/03/01 18:33:57 UTC
Table: 'Expresso Nitro(1071363873)#0' 3-max (real money) Seat #2 is the button
Seat 1: MathisKcr (490)
Seat 2: Fluvi24 (410)
*** ANTE/BLINDS ***
Fluvi24 posts small blind 20
MathisKcr posts big blind 40
Dealt to MathisKcr [Qh Th]
*** PRE-FLOP *** 
Fluvi24 calls 20
MathisKcr raises 40 to 80
Fluvi24 calls 40
*** FLOP *** [Kh 8c 6s]
MathisKcr checks
Fluvi24 bets 40
MathisKcr calls 40
*** TURN *** [Kh 8c 6s][7d]
MathisKcr checks
Fluvi24 checks
*** RIVER *** [Kh 8c 6s 7d][5c]
MathisKcr bets 120
Fluvi24 folds
MathisKcr collected 360 from pot
*** SUMMARY ***
Total pot 360 | No rake
Board: [Kh 8c 6s 7d 5c]
Seat 1: MathisKcr (big blind) won 360


Winamax Poker - Tournament "Expresso Nitro" buyIn: 0.93€ + 0.07€ level: 4 - HandId: #4601472796650897409-12-1772390057 - Holdem no limit (30/60) - 2026/03/01 18:34:17 UTC
Table: 'Expresso Nitro(1071363873)#0' 3-max (real money) Seat #1 is the button
Seat 1: MathisKcr (610)
Seat 2: Fluvi24 (290)
*** ANTE/BLINDS ***
MathisKcr posts small blind 30
Fluvi24 posts big blind 60
Dealt to MathisKcr [3h Ah]
*** PRE-FLOP *** 
MathisKcr raises 550 to 610 and is all-in
Fluvi24 calls 230 and is all-in
*** FLOP *** [5d 8c Kh]
*** TURN *** [5d 8c Kh][5c]
*** RIVER *** [5d 8c Kh 5c][4s]
*** SHOW DOWN ***
Fluvi24 shows [Qd 6h] (One pair : 5)
MathisKcr shows [3h Ah] (One pair : 5)
MathisKcr collected 900 from pot
*** SUMMARY ***
Total pot 900 | No rake
Board: [5d 8c Kh 5c 4s]
Seat 1: MathisKcr (small blind) (button) showed [3h Ah] and won 900 with One pair : 5
Seat 2: Fluvi24 (big blind) showed [Qd 6h] and lost with One pair : 5


