Winamax Poker - Tournament "Expresso Nitro" buyIn: 0.93€ + 0.07€ level: 1 - HandId: #4675943384920096769-1-1775073870 - Holdem no limit (10/20) - 2026/04/01 20:04:30 UTC
Table: 'Expresso Nitro(1088702908)#0' 3-max (real money) Seat #3 is the button
Seat 1: MathisKcr (300)
Seat 2: sisi67bombo (300)
Seat 3: alexxxxxx67 (300)
*** ANTE/BLINDS ***
MathisKcr posts small blind 10
sisi67bombo posts big blind 20
Dealt to MathisKcr [4c Td]
*** PRE-FLOP *** 
alexxxxxx67 calls 20
MathisKcr folds
sisi67bombo checks
*** FLOP *** [Jc 9s 4d]
sisi67bombo checks
alexxxxxx67 checks
*** TURN *** [Jc 9s 4d][Ad]
sisi67bombo checks
alexxxxxx67 checks
*** RIVER *** [Jc 9s 4d Ad][9c]
sisi67bombo checks
alexxxxxx67 checks
*** SHOW DOWN ***
sisi67bombo shows [7c 5h] (One pair : 9)
alexxxxxx67 shows [8c 8h] (Two pairs : 9 and 8)
alexxxxxx67 collected 50 from pot
*** SUMMARY ***
Total pot 50 | No rake
Board: [Jc 9s 4d Ad 9c]
Seat 2: sisi67bombo (big blind) showed [7c 5h] and lost with One pair : 9
Seat 3: alexxxxxx67 (button) showed [8c 8h] and won 50 with Two pairs : 9 and 8


Winamax Poker - Tournament "Expresso Nitro" buyIn: 0.93€ + 0.07€ level: 1 - HandId: #4675943384920096769-2-1775073895 - Holdem no limit (10/20) - 2026/04/01 20:04:55 UTC
Table: 'Expresso Nitro(1088702908)#0' 3-max (real money) Seat #1 is the button
Seat 1: MathisKcr (290)
Seat 2: sisi67bombo (280)
Seat 3: alexxxxxx67 (330)
*** ANTE/BLINDS ***
sisi67bombo posts small blind 10
alexxxxxx67 posts big blind 20
Dealt to MathisKcr [Js Qd]
*** PRE-FLOP *** 
MathisKcr raises 20 to 40
sisi67bombo calls 30
alexxxxxx67 folds
*** FLOP *** [7h Qh 3c]
sisi67bombo bets 100
MathisKcr raises 150 to 250 and is all-in
sisi67bombo calls 140 and is all-in
*** TURN *** [7h Qh 3c][Jh]
*** RIVER *** [7h Qh 3c Jh][5s]
*** SHOW DOWN ***
sisi67bombo shows [7s Ad] (One pair : 7)
MathisKcr shows [Js Qd] (Two pairs : Queens and Jacks)
MathisKcr collected 590 from pot
*** SUMMARY ***
Total pot 590 | No rake
Board: [7h Qh 3c Jh 5s]
Seat 1: MathisKcr (button) showed [Js Qd] and won 590 with Two pairs : Queens and Jacks
Seat 2: sisi67bombo (small blind) showed [7s Ad] and lost with One pair : 7


Winamax Poker - Tournament "Expresso Nitro" buyIn: 0.93€ + 0.07€ level: 1 - HandId: #4675943384920096769-3-1775073922 - Holdem no limit (10/20) - 2026/04/01 20:05:22 UTC
Table: 'Expresso Nitro(1088702908)#0' 3-max (real money) Seat #3 is the button
Seat 1: MathisKcr (590)
Seat 3: alexxxxxx67 (310)
*** ANTE/BLINDS ***
alexxxxxx67 posts small blind 10
MathisKcr posts big blind 20
Dealt to MathisKcr [Js 4h]
*** PRE-FLOP *** 
alexxxxxx67 calls 10
MathisKcr checks
*** FLOP *** [Ad 7s Kc]
MathisKcr checks
alexxxxxx67 checks
*** TURN *** [Ad 7s Kc][3d]
MathisKcr checks
alexxxxxx67 checks
*** RIVER *** [Ad 7s Kc 3d][6s]
MathisKcr bets 26
alexxxxxx67 raises 51 to 77
MathisKcr calls 51
*** SHOW DOWN ***
MathisKcr shows [Js 4h] (High card : Ace)
alexxxxxx67 shows [Kd 6c] (Two pairs : Kings and 6)
alexxxxxx67 collected 194 from pot
*** SUMMARY ***
Total pot 194 | No rake
Board: [Ad 7s Kc 3d 6s]
Seat 1: MathisKcr (big blind) showed [Js 4h] and lost with High card : Ace
Seat 3: alexxxxxx67 (small blind) (button) showed [Kd 6c] and won 194 with Two pairs : Kings and 6


Winamax Poker - Tournament "Expresso Nitro" buyIn: 0.93€ + 0.07€ level: 2 - HandId: #4675943384920096769-4-1775073965 - Holdem no limit (15/30) - 2026/04/01 20:06:05 UTC
Table: 'Expresso Nitro(1088702908)#0' 3-max (real money) Seat #1 is the button
Seat 1: MathisKcr (493)
Seat 3: alexxxxxx67 (407)
*** ANTE/BLINDS ***
MathisKcr posts small blind 15
alexxxxxx67 posts big blind 30
Dealt to MathisKcr [Kd Td]
*** PRE-FLOP *** 
MathisKcr raises 463 to 493 and is all-in
alexxxxxx67 folds
MathisKcr collected 523 from pot
*** SUMMARY ***
Total pot 523 | No rake
Seat 1: MathisKcr (small blind) (button) won 523


Winamax Poker - Tournament "Expresso Nitro" buyIn: 0.93€ + 0.07€ level: 2 - HandId: #4675943384920096769-5-1775073977 - Holdem no limit (15/30) - 2026/04/01 20:06:17 UTC
Table: 'Expresso Nitro(1088702908)#0' 3-max (real money) Seat #3 is the button
Seat 1: MathisKcr (523)
Seat 3: alexxxxxx67 (377)
*** ANTE/BLINDS ***
alexxxxxx67 posts small blind 15
MathisKcr posts big blind 30
Dealt to MathisKcr [7s 5c]
*** PRE-FLOP *** 
alexxxxxx67 calls 15
MathisKcr checks
*** FLOP *** [Ad 9c 9h]
MathisKcr checks
alexxxxxx67 checks
*** TURN *** [Ad 9c 9h][5s]
MathisKcr checks
alexxxxxx67 checks
*** RIVER *** [Ad 9c 9h 5s][6h]
MathisKcr bets 45
alexxxxxx67 folds
MathisKcr collected 105 from pot
*** SUMMARY ***
Total pot 105 | No rake
Board: [Ad 9c 9h 5s 6h]
Seat 1: MathisKcr (big blind) won 105


Winamax Poker - Tournament "Expresso Nitro" buyIn: 0.93€ + 0.07€ level: 3 - HandId: #4675943384920096769-6-1775073995 - Holdem no limit (20/40) - 2026/04/01 20:06:35 UTC
Table: 'Expresso Nitro(1088702908)#0' 3-max (real money) Seat #1 is the button
Seat 1: MathisKcr (553)
Seat 3: alexxxxxx67 (347)
*** ANTE/BLINDS ***
MathisKcr posts small blind 20
alexxxxxx67 posts big blind 40
Dealt to MathisKcr [5h Jd]
*** PRE-FLOP *** 
MathisKcr raises 513 to 553 and is all-in
alexxxxxx67 folds
MathisKcr collected 593 from pot
*** SUMMARY ***
Total pot 593 | No rake
Seat 1: MathisKcr (small blind) (button) won 593


Winamax Poker - Tournament "Expresso Nitro" buyIn: 0.93€ + 0.07€ level: 3 - HandId: #4675943384920096769-7-1775074004 - Holdem no limit (20/40) - 2026/04/01 20:06:44 UTC
Table: 'Expresso Nitro(1088702908)#0' 3-max (real money) Seat #3 is the button
Seat 1: MathisKcr (593)
Seat 3: alexxxxxx67 (307)
*** ANTE/BLINDS ***
alexxxxxx67 posts small blind 20
MathisKcr posts big blind 40
Dealt to MathisKcr [9d Qh]
*** PRE-FLOP *** 
alexxxxxx67 calls 20
MathisKcr raises 553 to 593 and is all-in
alexxxxxx67 folds
MathisKcr collected 633 from pot
*** SUMMARY ***
Total pot 633 | No rake
Seat 1: MathisKcr (big blind) won 633


Winamax Poker - Tournament "Expresso Nitro" buyIn: 0.93€ + 0.07€ level: 3 - HandId: #4675943384920096769-8-1775074017 - Holdem no limit (20/40) - 2026/04/01 20:06:57 UTC
Table: 'Expresso Nitro(1088702908)#0' 3-max (real money) Seat #1 is the button
Seat 1: MathisKcr (633)
Seat 3: alexxxxxx67 (267)
*** ANTE/BLINDS ***
MathisKcr posts small blind 20
alexxxxxx67 posts big blind 40
Dealt to MathisKcr [Kh Qc]
*** PRE-FLOP *** 
MathisKcr raises 593 to 633 and is all-in
alexxxxxx67 calls 227 and is all-in
*** FLOP *** [8h Ac Kc]
*** TURN *** [8h Ac Kc][Qs]
*** RIVER *** [8h Ac Kc Qs][2c]
*** SHOW DOWN ***
alexxxxxx67 shows [7h Qh] (One pair : Queens)
MathisKcr shows [Kh Qc] (Two pairs : Kings and Queens)
MathisKcr collected 900 from pot
*** SUMMARY ***
Total pot 900 | No rake
Board: [8h Ac Kc Qs 2c]
Seat 1: MathisKcr (small blind) (button) showed [Kh Qc] and won 900 with Two pairs : Kings and Queens
Seat 3: alexxxxxx67 (big blind) showed [7h Qh] and lost with One pair : Queens


