Winamax Poker - Tournament "Expresso Nitro" buyIn: 0.93€ + 0.07€ level: 1 - HandId: #4668490048998473729-1-1774795650 - Holdem no limit (10/20) - 2026/03/29 14:47:30 UTC
Table: 'Expresso Nitro(1086967543)#0' 3-max (real money) Seat #3 is the button
Seat 1: Consangains (300)
Seat 2: chachagio (300)
Seat 3: MathisKcr (300)
*** ANTE/BLINDS ***
Consangains posts small blind 10
chachagio posts big blind 20
Dealt to MathisKcr [2c 4h]
*** PRE-FLOP *** 
MathisKcr folds
Consangains folds
chachagio collected 30 from pot
*** SUMMARY ***
Total pot 30 | No rake
Seat 2: chachagio (big blind) won 30


Winamax Poker - Tournament "Expresso Nitro" buyIn: 0.93€ + 0.07€ level: 1 - HandId: #4668490048998473729-2-1774795659 - Holdem no limit (10/20) - 2026/03/29 14:47:39 UTC
Table: 'Expresso Nitro(1086967543)#0' 3-max (real money) Seat #1 is the button
Seat 1: Consangains (290)
Seat 2: chachagio (310)
Seat 3: MathisKcr (300)
*** ANTE/BLINDS ***
chachagio posts small blind 10
MathisKcr posts big blind 20
Dealt to MathisKcr [8d 7s]
*** PRE-FLOP *** 
Consangains raises 270 to 290 and is all-in
chachagio folds
MathisKcr folds
Consangains collected 320 from pot
*** SUMMARY ***
Total pot 320 | No rake
Seat 1: Consangains (button) won 320


Winamax Poker - Tournament "Expresso Nitro" buyIn: 0.93€ + 0.07€ level: 1 - HandId: #4668490048998473729-3-1774795668 - Holdem no limit (10/20) - 2026/03/29 14:47:48 UTC
Table: 'Expresso Nitro(1086967543)#0' 3-max (real money) Seat #2 is the button
Seat 1: Consangains (320)
Seat 2: chachagio (300)
Seat 3: MathisKcr (280)
*** ANTE/BLINDS ***
MathisKcr posts small blind 10
Consangains posts big blind 20
Dealt to MathisKcr [Ac Tc]
*** PRE-FLOP *** 
chachagio calls 20
MathisKcr raises 260 to 280 and is all-in
Consangains folds
chachagio folds
MathisKcr collected 320 from pot
*** SUMMARY ***
Total pot 320 | No rake
Seat 3: MathisKcr (small blind) won 320


Winamax Poker - Tournament "Expresso Nitro" buyIn: 0.93€ + 0.07€ level: 1 - HandId: #4668490048998473729-4-1774795682 - Holdem no limit (10/20) - 2026/03/29 14:48:02 UTC
Table: 'Expresso Nitro(1086967543)#0' 3-max (real money) Seat #3 is the button
Seat 1: Consangains (300)
Seat 2: chachagio (280)
Seat 3: MathisKcr (320)
*** ANTE/BLINDS ***
Consangains posts small blind 10
chachagio posts big blind 20
Dealt to MathisKcr [Ad Kh]
*** PRE-FLOP *** 
MathisKcr raises 20 to 40
Consangains folds
chachagio calls 20
*** FLOP *** [6c 4d 4c]
chachagio checks
MathisKcr bets 45
chachagio folds
MathisKcr collected 135 from pot
*** SUMMARY ***
Total pot 135 | No rake
Board: [6c 4d 4c]
Seat 3: MathisKcr (button) won 135


Winamax Poker - Tournament "Expresso Nitro" buyIn: 0.93€ + 0.07€ level: 1 - HandId: #4668490048998473729-5-1774795699 - Holdem no limit (10/20) - 2026/03/29 14:48:19 UTC
Table: 'Expresso Nitro(1086967543)#0' 3-max (real money) Seat #1 is the button
Seat 1: Consangains (290)
Seat 2: chachagio (240)
Seat 3: MathisKcr (370)
*** ANTE/BLINDS ***
chachagio posts small blind 10
MathisKcr posts big blind 20
Dealt to MathisKcr [4h Jd]
*** PRE-FLOP *** 
Consangains folds
chachagio folds
MathisKcr collected 30 from pot
*** SUMMARY ***
Total pot 30 | No rake
Seat 3: MathisKcr (big blind) won 30


Winamax Poker - Tournament "Expresso Nitro" buyIn: 0.93€ + 0.07€ level: 1 - HandId: #4668490048998473729-6-1774795703 - Holdem no limit (10/20) - 2026/03/29 14:48:23 UTC
Table: 'Expresso Nitro(1086967543)#0' 3-max (real money) Seat #2 is the button
Seat 1: Consangains (290)
Seat 2: chachagio (230)
Seat 3: MathisKcr (380)
*** ANTE/BLINDS ***
MathisKcr posts small blind 10
Consangains posts big blind 20
Dealt to MathisKcr [5d Jc]
*** PRE-FLOP *** 
chachagio folds
MathisKcr folds
Consangains collected 30 from pot
*** SUMMARY ***
Total pot 30 | No rake
Seat 1: Consangains (big blind) won 30


Winamax Poker - Tournament "Expresso Nitro" buyIn: 0.93€ + 0.07€ level: 2 - HandId: #4668490048998473729-7-1774795715 - Holdem no limit (15/30) - 2026/03/29 14:48:35 UTC
Table: 'Expresso Nitro(1086967543)#0' 3-max (real money) Seat #3 is the button
Seat 1: Consangains (300)
Seat 2: chachagio (230)
Seat 3: MathisKcr (370)
*** ANTE/BLINDS ***
Consangains posts small blind 15
chachagio posts big blind 30
Dealt to MathisKcr [9d Kd]
*** PRE-FLOP *** 
MathisKcr raises 30 to 60
Consangains folds
chachagio calls 30
*** FLOP *** [Jc 9s 6h]
chachagio checks
MathisKcr bets 47
chachagio folds
MathisKcr collected 182 from pot
*** SUMMARY ***
Total pot 182 | No rake
Board: [Jc 9s 6h]
Seat 3: MathisKcr (button) won 182


Winamax Poker - Tournament "Expresso Nitro" buyIn: 0.93€ + 0.07€ level: 2 - HandId: #4668490048998473729-8-1774795743 - Holdem no limit (15/30) - 2026/03/29 14:49:03 UTC
Table: 'Expresso Nitro(1086967543)#0' 3-max (real money) Seat #1 is the button
Seat 1: Consangains (285)
Seat 2: chachagio (170)
Seat 3: MathisKcr (445)
*** ANTE/BLINDS ***
chachagio posts small blind 15
MathisKcr posts big blind 30
Dealt to MathisKcr [6h 2s]
*** PRE-FLOP *** 
Consangains folds
chachagio folds
MathisKcr collected 45 from pot
*** SUMMARY ***
Total pot 45 | No rake
Seat 3: MathisKcr (big blind) won 45


Winamax Poker - Tournament "Expresso Nitro" buyIn: 0.93€ + 0.07€ level: 2 - HandId: #4668490048998473729-9-1774795747 - Holdem no limit (15/30) - 2026/03/29 14:49:07 UTC
Table: 'Expresso Nitro(1086967543)#0' 3-max (real money) Seat #2 is the button
Seat 1: Consangains (285)
Seat 2: chachagio (155)
Seat 3: MathisKcr (460)
*** ANTE/BLINDS ***
MathisKcr posts small blind 15
Consangains posts big blind 30
Dealt to MathisKcr [4c 8d]
*** PRE-FLOP *** 
chachagio folds
MathisKcr folds
Consangains collected 45 from pot
*** SUMMARY ***
Total pot 45 | No rake
Seat 1: Consangains (big blind) won 45


Winamax Poker - Tournament "Expresso Nitro" buyIn: 0.93€ + 0.07€ level: 2 - HandId: #4668490048998473729-10-1774795753 - Holdem no limit (15/30) - 2026/03/29 14:49:13 UTC
Table: 'Expresso Nitro(1086967543)#0' 3-max (real money) Seat #3 is the button
Seat 1: Consangains (300)
Seat 2: chachagio (155)
Seat 3: MathisKcr (445)
*** ANTE/BLINDS ***
Consangains posts small blind 15
chachagio posts big blind 30
Dealt to MathisKcr [7d 8c]
*** PRE-FLOP *** 
MathisKcr folds
Consangains raises 270 to 300 and is all-in
chachagio folds
Consangains collected 330 from pot
*** SUMMARY ***
Total pot 330 | No rake
Seat 1: Consangains (small blind) won 330


Winamax Poker - Tournament "Expresso Nitro" buyIn: 0.93€ + 0.07€ level: 2 - HandId: #4668490048998473729-11-1774795760 - Holdem no limit (15/30) - 2026/03/29 14:49:20 UTC
Table: 'Expresso Nitro(1086967543)#0' 3-max (real money) Seat #1 is the button
Seat 1: Consangains (330)
Seat 2: chachagio (125)
Seat 3: MathisKcr (445)
*** ANTE/BLINDS ***
chachagio posts small blind 15
MathisKcr posts big blind 30
Dealt to MathisKcr [4h Ah]
*** PRE-FLOP *** 
Consangains folds
chachagio calls 15
MathisKcr raises 415 to 445 and is all-in
chachagio calls 95 and is all-in
*** FLOP *** [Js Ts 5s]
*** TURN *** [Js Ts 5s][Kc]
*** RIVER *** [Js Ts 5s Kc][Kd]
*** SHOW DOWN ***
chachagio shows [3c Qd] (One pair : Kings)
MathisKcr shows [4h Ah] (One pair : Kings)
MathisKcr collected 570 from pot
*** SUMMARY ***
Total pot 570 | No rake
Board: [Js Ts 5s Kc Kd]
Seat 2: chachagio (small blind) showed [3c Qd] and lost with One pair : Kings
Seat 3: MathisKcr (big blind) showed [4h Ah] and won 570 with One pair : Kings


Winamax Poker - Tournament "Expresso Nitro" buyIn: 0.93€ + 0.07€ level: 3 - HandId: #4668490048998473729-12-1774795782 - Holdem no limit (20/40) - 2026/03/29 14:49:42 UTC
Table: 'Expresso Nitro(1086967543)#0' 3-max (real money) Seat #3 is the button
Seat 1: Consangains (330)
Seat 3: MathisKcr (570)
*** ANTE/BLINDS ***
MathisKcr posts small blind 20
Consangains posts big blind 40
Dealt to MathisKcr [9d Jd]
*** PRE-FLOP *** 
MathisKcr raises 530 to 570 and is all-in
Consangains calls 290 and is all-in
*** FLOP *** [4h 4c 7d]
*** TURN *** [4h 4c 7d][Ad]
*** RIVER *** [4h 4c 7d Ad][Ts]
*** SHOW DOWN ***
Consangains shows [Ah Qc] (Two pairs : Aces and 4)
MathisKcr shows [9d Jd] (One pair : 4)
MathisKcr collected 240 from side pot 1
Consangains collected 660 from main pot
*** SUMMARY ***
Total pot 900 | No rake
Board: [4h 4c 7d Ad Ts]
Seat 1: Consangains (big blind) showed [Ah Qc] and won 660 with Two pairs : Aces and 4
Seat 3: MathisKcr (small blind) (button) showed [9d Jd] and won 240 with One pair : 4


Winamax Poker - Tournament "Expresso Nitro" buyIn: 0.93€ + 0.07€ level: 3 - HandId: #4668490048998473729-13-1774795795 - Holdem no limit (20/40) - 2026/03/29 14:49:55 UTC
Table: 'Expresso Nitro(1086967543)#0' 3-max (real money) Seat #1 is the button
Seat 1: Consangains (660)
Seat 3: MathisKcr (240)
*** ANTE/BLINDS ***
Consangains posts small blind 20
MathisKcr posts big blind 40
Dealt to MathisKcr [2c 6d]
*** PRE-FLOP *** 
Consangains folds
MathisKcr collected 60 from pot
*** SUMMARY ***
Total pot 60 | No rake
Seat 3: MathisKcr (big blind) won 60


Winamax Poker - Tournament "Expresso Nitro" buyIn: 0.93€ + 0.07€ level: 3 - HandId: #4668490048998473729-14-1774795800 - Holdem no limit (20/40) - 2026/03/29 14:50:00 UTC
Table: 'Expresso Nitro(1086967543)#0' 3-max (real money) Seat #3 is the button
Seat 1: Consangains (640)
Seat 3: MathisKcr (260)
*** ANTE/BLINDS ***
MathisKcr posts small blind 20
Consangains posts big blind 40
Dealt to MathisKcr [5c Ac]
*** PRE-FLOP *** 
MathisKcr raises 220 to 260 and is all-in
Consangains raises 220 to 480
*** FLOP *** [Jc 4h 2d]
*** TURN *** [Jc 4h 2d][Tc]
*** RIVER *** [Jc 4h 2d Tc][3d]
*** SHOW DOWN ***
Consangains shows [2h 2s] (Trips of 2)
MathisKcr shows [5c Ac] (Straight 5 high)
MathisKcr collected 520 from main pot
Consangains collected 220 from side pot 1
*** SUMMARY ***
Total pot 740 | No rake
Board: [Jc 4h 2d Tc 3d]
Seat 1: Consangains (big blind) showed [2h 2s] and won 220 with Trips of 2
Seat 3: MathisKcr (small blind) (button) showed [5c Ac] and won 520 with Straight 5 high


Winamax Poker - Tournament "Expresso Nitro" buyIn: 0.93€ + 0.07€ level: 3 - HandId: #4668490048998473729-15-1774795815 - Holdem no limit (20/40) - 2026/03/29 14:50:15 UTC
Table: 'Expresso Nitro(1086967543)#0' 3-max (real money) Seat #1 is the button
Seat 1: Consangains (380)
Seat 3: MathisKcr (520)
*** ANTE/BLINDS ***
Consangains posts small blind 20
MathisKcr posts big blind 40
Dealt to MathisKcr [7h 6d]
*** PRE-FLOP *** 
Consangains raises 340 to 380 and is all-in
MathisKcr folds
Consangains collected 420 from pot
*** SUMMARY ***
Total pot 420 | No rake
Seat 1: Consangains (small blind) (button) won 420


Winamax Poker - Tournament "Expresso Nitro" buyIn: 0.93€ + 0.07€ level: 3 - HandId: #4668490048998473729-16-1774795824 - Holdem no limit (20/40) - 2026/03/29 14:50:24 UTC
Table: 'Expresso Nitro(1086967543)#0' 3-max (real money) Seat #3 is the button
Seat 1: Consangains (420)
Seat 3: MathisKcr (480)
*** ANTE/BLINDS ***
MathisKcr posts small blind 20
Consangains posts big blind 40
Dealt to MathisKcr [Ts 6s]
*** PRE-FLOP *** 
MathisKcr raises 440 to 480 and is all-in
Consangains folds
MathisKcr collected 520 from pot
*** SUMMARY ***
Total pot 520 | No rake
Seat 3: MathisKcr (small blind) (button) won 520


Winamax Poker - Tournament "Expresso Nitro" buyIn: 0.93€ + 0.07€ level: 4 - HandId: #4668490048998473729-17-1774795834 - Holdem no limit (30/60) - 2026/03/29 14:50:34 UTC
Table: 'Expresso Nitro(1086967543)#0' 3-max (real money) Seat #1 is the button
Seat 1: Consangains (380)
Seat 3: MathisKcr (520)
*** ANTE/BLINDS ***
Consangains posts small blind 30
MathisKcr posts big blind 60
Dealt to MathisKcr [Kh 3h]
*** PRE-FLOP *** 
Consangains folds
MathisKcr collected 90 from pot
*** SUMMARY ***
Total pot 90 | No rake
Seat 3: MathisKcr (big blind) won 90


Winamax Poker - Tournament "Expresso Nitro" buyIn: 0.93€ + 0.07€ level: 4 - HandId: #4668490048998473729-18-1774795841 - Holdem no limit (30/60) - 2026/03/29 14:50:41 UTC
Table: 'Expresso Nitro(1086967543)#0' 3-max (real money) Seat #3 is the button
Seat 1: Consangains (350)
Seat 3: MathisKcr (550)
*** ANTE/BLINDS ***
MathisKcr posts small blind 30
Consangains posts big blind 60
Dealt to MathisKcr [Qd 8c]
*** PRE-FLOP *** 
MathisKcr raises 490 to 550 and is all-in
Consangains folds
MathisKcr collected 610 from pot
*** SUMMARY ***
Total pot 610 | No rake
Seat 3: MathisKcr (small blind) (button) won 610


Winamax Poker - Tournament "Expresso Nitro" buyIn: 0.93€ + 0.07€ level: 4 - HandId: #4668490048998473729-19-1774795848 - Holdem no limit (30/60) - 2026/03/29 14:50:48 UTC
Table: 'Expresso Nitro(1086967543)#0' 3-max (real money) Seat #1 is the button
Seat 1: Consangains (290)
Seat 3: MathisKcr (610)
*** ANTE/BLINDS ***
Consangains posts small blind 30
MathisKcr posts big blind 60
Dealt to MathisKcr [5d 8c]
*** PRE-FLOP *** 
Consangains folds
MathisKcr collected 90 from pot
*** SUMMARY ***
Total pot 90 | No rake
Seat 3: MathisKcr (big blind) won 90


Winamax Poker - Tournament "Expresso Nitro" buyIn: 0.93€ + 0.07€ level: 4 - HandId: #4668490048998473729-20-1774795852 - Holdem no limit (30/60) - 2026/03/29 14:50:52 UTC
Table: 'Expresso Nitro(1086967543)#0' 3-max (real money) Seat #3 is the button
Seat 1: Consangains (260)
Seat 3: MathisKcr (640)
*** ANTE/BLINDS ***
MathisKcr posts small blind 30
Consangains posts big blind 60
Dealt to MathisKcr [Qd 7d]
*** PRE-FLOP *** 
MathisKcr raises 580 to 640 and is all-in
Consangains folds
MathisKcr collected 700 from pot
*** SUMMARY ***
Total pot 700 | No rake
Seat 3: MathisKcr (small blind) (button) won 700


Winamax Poker - Tournament "Expresso Nitro" buyIn: 0.93€ + 0.07€ level: 4 - HandId: #4668490048998473729-21-1774795859 - Holdem no limit (30/60) - 2026/03/29 14:50:59 UTC
Table: 'Expresso Nitro(1086967543)#0' 3-max (real money) Seat #1 is the button
Seat 1: Consangains (200)
Seat 3: MathisKcr (700)
*** ANTE/BLINDS ***
Consangains posts small blind 30
MathisKcr posts big blind 60
Dealt to MathisKcr [6c 9s]
*** PRE-FLOP *** 
Consangains raises 140 to 200 and is all-in
MathisKcr calls 140
*** FLOP *** [9c Th 9d]
*** TURN *** [9c Th 9d][Ah]
*** RIVER *** [9c Th 9d Ah][3c]
*** SHOW DOWN ***
Consangains shows [5h 6d] (One pair : 9)
MathisKcr shows [6c 9s] (Trips of 9)
MathisKcr collected 400 from pot
*** SUMMARY ***
Total pot 400 | No rake
Board: [9c Th 9d Ah 3c]
Seat 1: Consangains (small blind) (button) showed [5h 6d] and lost with One pair : 9
Seat 3: MathisKcr (big blind) showed [6c 9s] and won 400 with Trips of 9


