Winamax Poker - Tournament "Expresso Nitro" buyIn: 0.93€ + 0.07€ level: 1 - HandId: #4590851286693314561-1-1771947118 - Holdem no limit (10/20) - 2026/02/24 15:31:58 UTC
Table: 'Expresso Nitro(1068890860)#0' 3-max (real money) Seat #2 is the button
Seat 1: Dadoubabou62 (300)
Seat 2: Rieur-Puma69 (300)
Seat 3: MathisKcr (300)
*** ANTE/BLINDS ***
MathisKcr posts small blind 10
Dadoubabou62 posts big blind 20
Dealt to MathisKcr [8s 8h]
*** PRE-FLOP *** 
Rieur-Puma69 raises 20 to 40
MathisKcr raises 20 to 60
Dadoubabou62 raises 240 to 300 and is all-in
Rieur-Puma69 calls 260 and is all-in
MathisKcr calls 240 and is all-in
*** FLOP *** [6c Qc 3c]
*** TURN *** [6c Qc 3c][Qs]
*** RIVER *** [6c Qc 3c Qs][9s]
*** SHOW DOWN ***
Dadoubabou62 shows [Kd 6d] (Two pairs : Queens and 6)
Rieur-Puma69 shows [Td Js] (One pair : Queens)
MathisKcr shows [8s 8h] (Two pairs : Queens and 8)
MathisKcr collected 900 from pot
*** SUMMARY ***
Total pot 900 | No rake
Board: [6c Qc 3c Qs 9s]
Seat 1: Dadoubabou62 (big blind) showed [Kd 6d] and lost with Two pairs : Queens and 6
Seat 2: Rieur-Puma69 (button) showed [Td Js] and lost with One pair : Queens
Seat 3: MathisKcr (small blind) showed [8s 8h] and won 900 with Two pairs : Queens and 8


