Winamax Poker - Tournament "Expresso Nitro" buyIn: 0.93€ + 0.07€ level: 1 - HandId: #4693252116007878657-1-1775723837 - Holdem no limit (10/20) - 2026/04/09 08:37:17 UTC
Table: 'Expresso Nitro(1092732911)#0' 3-max (real money) Seat #1 is the button
Seat 1: PLAKISTANAIS (300)
Seat 2: MathisKcr (300)
Seat 3: Titilevrai24 (300)
*** ANTE/BLINDS ***
MathisKcr posts small blind 10
Titilevrai24 posts big blind 20
Dealt to MathisKcr [7h 2s]
*** PRE-FLOP *** 
PLAKISTANAIS folds
MathisKcr folds
Titilevrai24 collected 30 from pot
*** SUMMARY ***
Total pot 30 | No rake
Seat 3: Titilevrai24 (big blind) won 30


Winamax Poker - Tournament "Expresso Nitro" buyIn: 0.93€ + 0.07€ level: 1 - HandId: #4693252116007878657-2-1775723853 - Holdem no limit (10/20) - 2026/04/09 08:37:33 UTC
Table: 'Expresso Nitro(1092732911)#0' 3-max (real money) Seat #2 is the button
Seat 1: PLAKISTANAIS (300)
Seat 2: MathisKcr (290)
Seat 3: Titilevrai24 (310)
*** ANTE/BLINDS ***
Titilevrai24 posts small blind 10
PLAKISTANAIS posts big blind 20
Dealt to MathisKcr [8h Kd]
*** PRE-FLOP *** 
MathisKcr raises 20 to 40
Titilevrai24 calls 30
PLAKISTANAIS calls 20
*** FLOP *** [As 6h 5s]
Titilevrai24 bets 270 and is all-in
PLAKISTANAIS calls 260 and is all-in
MathisKcr folds
*** TURN *** [As 6h 5s][2d]
*** RIVER *** [As 6h 5s 2d][7s]
*** SHOW DOWN ***
PLAKISTANAIS shows [3c 4d] (Straight 7 high)
Titilevrai24 shows [2s 3s] (Flush Ace high)
Titilevrai24 collected 650 from pot
*** SUMMARY ***
Total pot 650 | No rake
Board: [As 6h 5s 2d 7s]
Seat 1: PLAKISTANAIS (big blind) showed [3c 4d] and lost with Straight 7 high
Seat 3: Titilevrai24 (small blind) showed [2s 3s] and won 650 with Flush Ace high


Winamax Poker - Tournament "Expresso Nitro" buyIn: 0.93€ + 0.07€ level: 1 - HandId: #4693252116007878657-3-1775723877 - Holdem no limit (10/20) - 2026/04/09 08:37:57 UTC
Table: 'Expresso Nitro(1092732911)#0' 3-max (real money) Seat #2 is the button
Seat 2: MathisKcr (250)
Seat 3: Titilevrai24 (650)
*** ANTE/BLINDS ***
MathisKcr posts small blind 10
Titilevrai24 posts big blind 20
Dealt to MathisKcr [Qh 8c]
*** PRE-FLOP *** 
MathisKcr raises 230 to 250 and is all-in
Titilevrai24 calls 230
*** FLOP *** [2s Ks Jd]
*** TURN *** [2s Ks Jd][2c]
*** RIVER *** [2s Ks Jd 2c][5h]
*** SHOW DOWN ***
Titilevrai24 shows [9s 6c] (One pair : 2)
MathisKcr shows [Qh 8c] (One pair : 2)
MathisKcr collected 500 from pot
*** SUMMARY ***
Total pot 500 | No rake
Board: [2s Ks Jd 2c 5h]
Seat 2: MathisKcr (small blind) (button) showed [Qh 8c] and won 500 with One pair : 2
Seat 3: Titilevrai24 (big blind) showed [9s 6c] and lost with One pair : 2


Winamax Poker - Tournament "Expresso Nitro" buyIn: 0.93€ + 0.07€ level: 1 - HandId: #4693252116007878657-4-1775723891 - Holdem no limit (10/20) - 2026/04/09 08:38:11 UTC
Table: 'Expresso Nitro(1092732911)#0' 3-max (real money) Seat #3 is the button
Seat 2: MathisKcr (500)
Seat 3: Titilevrai24 (400)
*** ANTE/BLINDS ***
Titilevrai24 posts small blind 10
MathisKcr posts big blind 20
Dealt to MathisKcr [2h 5s]
*** PRE-FLOP *** 
Titilevrai24 calls 10
MathisKcr checks
*** FLOP *** [4s Th 2s]
MathisKcr bets 40
Titilevrai24 folds
MathisKcr collected 80 from pot
*** SUMMARY ***
Total pot 80 | No rake
Board: [4s Th 2s]
Seat 2: MathisKcr (big blind) won 80


Winamax Poker - Tournament "Expresso Nitro" buyIn: 0.93€ + 0.07€ level: 2 - HandId: #4693252116007878657-5-1775723900 - Holdem no limit (15/30) - 2026/04/09 08:38:20 UTC
Table: 'Expresso Nitro(1092732911)#0' 3-max (real money) Seat #2 is the button
Seat 2: MathisKcr (520)
Seat 3: Titilevrai24 (380)
*** ANTE/BLINDS ***
MathisKcr posts small blind 15
Titilevrai24 posts big blind 30
Dealt to MathisKcr [7h 3s]
*** PRE-FLOP *** 
MathisKcr folds
Titilevrai24 collected 45 from pot
*** SUMMARY ***
Total pot 45 | No rake
Seat 3: Titilevrai24 (big blind) won 45


Winamax Poker - Tournament "Expresso Nitro" buyIn: 0.93€ + 0.07€ level: 2 - HandId: #4693252116007878657-6-1775723905 - Holdem no limit (15/30) - 2026/04/09 08:38:25 UTC
Table: 'Expresso Nitro(1092732911)#0' 3-max (real money) Seat #3 is the button
Seat 2: MathisKcr (505)
Seat 3: Titilevrai24 (395)
*** ANTE/BLINDS ***
Titilevrai24 posts small blind 15
MathisKcr posts big blind 30
Dealt to MathisKcr [Kd Th]
*** PRE-FLOP *** 
Titilevrai24 raises 30 to 60
MathisKcr raises 445 to 505 and is all-in
Titilevrai24 calls 335 and is all-in
*** FLOP *** [As Kh 4h]
*** TURN *** [As Kh 4h][2c]
*** RIVER *** [As Kh 4h 2c][4s]
*** SHOW DOWN ***
MathisKcr shows [Kd Th] (Two pairs : Kings and 4)
Titilevrai24 shows [Ac Js] (Two pairs : Aces and 4)
Titilevrai24 collected 790 from main pot
MathisKcr collected 110 from side pot 1
*** SUMMARY ***
Total pot 900 | No rake
Board: [As Kh 4h 2c 4s]
Seat 2: MathisKcr (big blind) showed [Kd Th] and won 110 with Two pairs : Kings and 4
Seat 3: Titilevrai24 (small blind) (button) showed [Ac Js] and won 790 with Two pairs : Aces and 4


Winamax Poker - Tournament "Expresso Nitro" buyIn: 0.93€ + 0.07€ level: 2 - HandId: #4693252116007878657-7-1775723919 - Holdem no limit (15/30) - 2026/04/09 08:38:39 UTC
Table: 'Expresso Nitro(1092732911)#0' 3-max (real money) Seat #2 is the button
Seat 2: MathisKcr (110)
Seat 3: Titilevrai24 (790)
*** ANTE/BLINDS ***
MathisKcr posts small blind 15
Titilevrai24 posts big blind 30
Dealt to MathisKcr [9d Th]
*** PRE-FLOP *** 
MathisKcr raises 80 to 110 and is all-in
Titilevrai24 raises 80 to 190
*** FLOP *** [4s Jh Tc]
*** TURN *** [4s Jh Tc][7s]
*** RIVER *** [4s Jh Tc 7s][Qh]
*** SHOW DOWN ***
MathisKcr shows [9d Th] (One pair : Tens)
Titilevrai24 shows [Qc Ac] (One pair : Queens)
Titilevrai24 collected 300 from pot
*** SUMMARY ***
Total pot 300 | No rake
Board: [4s Jh Tc 7s Qh]
Seat 2: MathisKcr (small blind) (button) showed [9d Th] and lost with One pair : Tens
Seat 3: Titilevrai24 (big blind) showed [Qc Ac] and won 300 with One pair : Queens


