Winamax Poker - Tournament "Expresso Nitro" buyIn: 0.93€ + 0.07€ level: 1 - HandId: #4614074471215529985-1-1772888656 - Holdem no limit (10/20) - 2026/03/07 13:04:16 UTC
Table: 'Expresso Nitro(1074297929)#0' 3-max (real money) Seat #1 is the button
Seat 1: McCoucax94 (300)
Seat 2: vmx876786O98 (300)
Seat 3: MathisKcr (300)
*** ANTE/BLINDS ***
vmx876786O98 posts small blind 10
MathisKcr posts big blind 20
Dealt to MathisKcr [4d Qs]
*** PRE-FLOP *** 
McCoucax94 calls 20
vmx876786O98 raises 280 to 300 and is all-in
MathisKcr folds
McCoucax94 folds
vmx876786O98 collected 340 from pot
*** SUMMARY ***
Total pot 340 | No rake
Seat 2: vmx876786O98 (small blind) won 340


Winamax Poker - Tournament "Expresso Nitro" buyIn: 0.93€ + 0.07€ level: 1 - HandId: #4614074471215529985-2-1772888680 - Holdem no limit (10/20) - 2026/03/07 13:04:40 UTC
Table: 'Expresso Nitro(1074297929)#0' 3-max (real money) Seat #2 is the button
Seat 1: McCoucax94 (280)
Seat 2: vmx876786O98 (340)
Seat 3: MathisKcr (280)
*** ANTE/BLINDS ***
MathisKcr posts small blind 10
McCoucax94 posts big blind 20
Dealt to MathisKcr [9s 3d]
*** PRE-FLOP *** 
vmx876786O98 folds
MathisKcr calls 10
McCoucax94 checks
*** FLOP *** [7c Qc 3s]
MathisKcr bets 40
McCoucax94 folds
MathisKcr collected 80 from pot
*** SUMMARY ***
Total pot 80 | No rake
Board: [7c Qc 3s]
Seat 3: MathisKcr (small blind) won 80


Winamax Poker - Tournament "Expresso Nitro" buyIn: 0.93€ + 0.07€ level: 1 - HandId: #4614074471215529985-3-1772888703 - Holdem no limit (10/20) - 2026/03/07 13:05:03 UTC
Table: 'Expresso Nitro(1074297929)#0' 3-max (real money) Seat #3 is the button
Seat 1: McCoucax94 (260)
Seat 2: vmx876786O98 (340)
Seat 3: MathisKcr (300)
*** ANTE/BLINDS ***
McCoucax94 posts small blind 10
vmx876786O98 posts big blind 20
Dealt to MathisKcr [7h 4c]
*** PRE-FLOP *** 
MathisKcr folds
McCoucax94 calls 10
vmx876786O98 checks
*** FLOP *** [9d 5d 2h]
McCoucax94 bets 20
vmx876786O98 raises 300 to 320 and is all-in
McCoucax94 folds
vmx876786O98 collected 380 from pot
*** SUMMARY ***
Total pot 380 | No rake
Board: [9d 5d 2h]
Seat 2: vmx876786O98 (big blind) won 380


Winamax Poker - Tournament "Expresso Nitro" buyIn: 0.93€ + 0.07€ level: 2 - HandId: #4614074471215529985-4-1772888723 - Holdem no limit (15/30) - 2026/03/07 13:05:23 UTC
Table: 'Expresso Nitro(1074297929)#0' 3-max (real money) Seat #1 is the button
Seat 1: McCoucax94 (220)
Seat 2: vmx876786O98 (380)
Seat 3: MathisKcr (300)
*** ANTE/BLINDS ***
vmx876786O98 posts small blind 15
MathisKcr posts big blind 30
Dealt to MathisKcr [2s 3c]
*** PRE-FLOP *** 
McCoucax94 folds
vmx876786O98 folds
MathisKcr collected 45 from pot
*** SUMMARY ***
Total pot 45 | No rake
Seat 3: MathisKcr (big blind) won 45


Winamax Poker - Tournament "Expresso Nitro" buyIn: 0.93€ + 0.07€ level: 2 - HandId: #4614074471215529985-5-1772888734 - Holdem no limit (15/30) - 2026/03/07 13:05:34 UTC
Table: 'Expresso Nitro(1074297929)#0' 3-max (real money) Seat #2 is the button
Seat 1: McCoucax94 (220)
Seat 2: vmx876786O98 (365)
Seat 3: MathisKcr (315)
*** ANTE/BLINDS ***
MathisKcr posts small blind 15
McCoucax94 posts big blind 30
Dealt to MathisKcr [7d 7c]
*** PRE-FLOP *** 
vmx876786O98 folds
MathisKcr raises 285 to 315 and is all-in
McCoucax94 folds
MathisKcr collected 345 from pot
*** SUMMARY ***
Total pot 345 | No rake
Seat 3: MathisKcr (small blind) won 345


Winamax Poker - Tournament "Expresso Nitro" buyIn: 0.93€ + 0.07€ level: 2 - HandId: #4614074471215529985-6-1772888740 - Holdem no limit (15/30) - 2026/03/07 13:05:40 UTC
Table: 'Expresso Nitro(1074297929)#0' 3-max (real money) Seat #3 is the button
Seat 1: McCoucax94 (190)
Seat 2: vmx876786O98 (365)
Seat 3: MathisKcr (345)
*** ANTE/BLINDS ***
McCoucax94 posts small blind 15
vmx876786O98 posts big blind 30
Dealt to MathisKcr [Jd 7s]
*** PRE-FLOP *** 
MathisKcr calls 30
McCoucax94 calls 15
vmx876786O98 checks
*** FLOP *** [Ks As 5h]
McCoucax94 checks
vmx876786O98 checks
MathisKcr checks
*** TURN *** [Ks As 5h][Qs]
McCoucax94 bets 31
vmx876786O98 folds
MathisKcr calls 31
*** RIVER *** [Ks As 5h Qs][Kd]
McCoucax94 bets 53
MathisKcr folds
McCoucax94 collected 205 from pot
*** SUMMARY ***
Total pot 205 | No rake
Board: [Ks As 5h Qs Kd]
Seat 1: McCoucax94 (small blind) won 205


Winamax Poker - Tournament "Expresso Nitro" buyIn: 0.93€ + 0.07€ level: 3 - HandId: #4614074471215529985-7-1772888790 - Holdem no limit (20/40) - 2026/03/07 13:06:30 UTC
Table: 'Expresso Nitro(1074297929)#0' 3-max (real money) Seat #1 is the button
Seat 1: McCoucax94 (281)
Seat 2: vmx876786O98 (335)
Seat 3: MathisKcr (284)
*** ANTE/BLINDS ***
vmx876786O98 posts small blind 20
MathisKcr posts big blind 40
Dealt to MathisKcr [Jd Td]
*** PRE-FLOP *** 
McCoucax94 folds
vmx876786O98 calls 20
MathisKcr raises 244 to 284 and is all-in
vmx876786O98 raises 51 to 335 and is all-in
*** FLOP *** [7d Js 5d]
*** TURN *** [7d Js 5d][5c]
*** RIVER *** [7d Js 5d 5c][3h]
*** SHOW DOWN ***
vmx876786O98 shows [Ac Th] (One pair : 5)
MathisKcr shows [Jd Td] (Two pairs : Jacks and 5)
MathisKcr collected 568 from main pot
vmx876786O98 collected 51 from side pot 1
*** SUMMARY ***
Total pot 619 | No rake
Board: [7d Js 5d 5c 3h]
Seat 2: vmx876786O98 (small blind) showed [Ac Th] and won 51 with One pair : 5
Seat 3: MathisKcr (big blind) showed [Jd Td] and won 568 with Two pairs : Jacks and 5


Winamax Poker - Tournament "Expresso Nitro" buyIn: 0.93€ + 0.07€ level: 3 - HandId: #4614074471215529985-8-1772888807 - Holdem no limit (20/40) - 2026/03/07 13:06:47 UTC
Table: 'Expresso Nitro(1074297929)#0' 3-max (real money) Seat #2 is the button
Seat 1: McCoucax94 (281)
Seat 2: vmx876786O98 (51)
Seat 3: MathisKcr (568)
*** ANTE/BLINDS ***
MathisKcr posts small blind 20
McCoucax94 posts big blind 40
Dealt to MathisKcr [7s Ah]
*** PRE-FLOP *** 
vmx876786O98 folds
MathisKcr raises 528 to 568 and is all-in
McCoucax94 calls 241 and is all-in
*** FLOP *** [3s 9h 2h]
*** TURN *** [3s 9h 2h][As]
*** RIVER *** [3s 9h 2h As][Td]
*** SHOW DOWN ***
McCoucax94 shows [4c Jc] (High card : Ace)
MathisKcr shows [7s Ah] (One pair : Aces)
MathisKcr collected 849 from pot
*** SUMMARY ***
Total pot 849 | No rake
Board: [3s 9h 2h As Td]
Seat 1: McCoucax94 (big blind) showed [4c Jc] and lost with High card : Ace
Seat 3: MathisKcr (small blind) showed [7s Ah] and won 849 with One pair : Aces


Winamax Poker - Tournament "Expresso Nitro" buyIn: 0.93€ + 0.07€ level: 3 - HandId: #4614074471215529985-9-1772888828 - Holdem no limit (20/40) - 2026/03/07 13:07:08 UTC
Table: 'Expresso Nitro(1074297929)#0' 3-max (real money) Seat #2 is the button
Seat 2: vmx876786O98 (51)
Seat 3: MathisKcr (849)
*** ANTE/BLINDS ***
vmx876786O98 posts small blind 20
MathisKcr posts big blind 40
Dealt to MathisKcr [2h Kh]
*** PRE-FLOP *** 
vmx876786O98 raises 11 to 51 and is all-in
MathisKcr calls 11
*** FLOP *** [As 4c 7s]
*** TURN *** [As 4c 7s][3h]
*** RIVER *** [As 4c 7s 3h][Ah]
*** SHOW DOWN ***
vmx876786O98 shows [6s Ts] (One pair : Aces)
MathisKcr shows [2h Kh] (One pair : Aces)
MathisKcr collected 102 from pot
*** SUMMARY ***
Total pot 102 | No rake
Board: [As 4c 7s 3h Ah]
Seat 2: vmx876786O98 (small blind) (button) showed [6s Ts] and lost with One pair : Aces
Seat 3: MathisKcr (big blind) showed [2h Kh] and won 102 with One pair : Aces


