Winamax Poker - Tournament "Expresso Nitro" buyIn: 0.93€ + 0.07€ level: 1 - HandId: #4675017892482252801-1-1775048622 - Holdem no limit (10/20) - 2026/04/01 13:03:42 UTC
Table: 'Expresso Nitro(1088487425)#0' 3-max (real money) Seat #1 is the button
Seat 1: MathisKcr (300)
Seat 2: Ak_PaN_PeRsE (300)
Seat 3: Nassar13013 (300)
*** ANTE/BLINDS ***
Ak_PaN_PeRsE posts small blind 10
Nassar13013 posts big blind 20
Dealt to MathisKcr [6h 3s]
*** PRE-FLOP *** 
MathisKcr folds
Ak_PaN_PeRsE calls 10
Nassar13013 raises 280 to 300 and is all-in
Ak_PaN_PeRsE folds
Nassar13013 collected 320 from pot
*** SUMMARY ***
Total pot 320 | No rake
Seat 3: Nassar13013 (big blind) won 320


Winamax Poker - Tournament "Expresso Nitro" buyIn: 0.93€ + 0.07€ level: 1 - HandId: #4675017892482252801-2-1775048640 - Holdem no limit (10/20) - 2026/04/01 13:04:00 UTC
Table: 'Expresso Nitro(1088487425)#0' 3-max (real money) Seat #2 is the button
Seat 1: MathisKcr (300)
Seat 2: Ak_PaN_PeRsE (280)
Seat 3: Nassar13013 (320)
*** ANTE/BLINDS ***
Nassar13013 posts small blind 10
MathisKcr posts big blind 20
Dealt to MathisKcr [8c As]
*** PRE-FLOP *** 
Ak_PaN_PeRsE raises 35 to 55
Nassar13013 folds
MathisKcr calls 35
*** FLOP *** [6c Kh 9s]
MathisKcr checks
Ak_PaN_PeRsE checks
*** TURN *** [6c Kh 9s][3s]
MathisKcr checks
Ak_PaN_PeRsE checks
*** RIVER *** [6c Kh 9s 3s][5c]
MathisKcr checks
Ak_PaN_PeRsE checks
*** SHOW DOWN ***
MathisKcr shows [8c As] (High card : Ace)
Ak_PaN_PeRsE shows [5h 2h] (One pair : 5)
Ak_PaN_PeRsE collected 120 from pot
*** SUMMARY ***
Total pot 120 | No rake
Board: [6c Kh 9s 3s 5c]
Seat 1: MathisKcr (big blind) showed [8c As] and lost with High card : Ace
Seat 2: Ak_PaN_PeRsE (button) showed [5h 2h] and won 120 with One pair : 5


Winamax Poker - Tournament "Expresso Nitro" buyIn: 0.93€ + 0.07€ level: 1 - HandId: #4675017892482252801-3-1775048671 - Holdem no limit (10/20) - 2026/04/01 13:04:31 UTC
Table: 'Expresso Nitro(1088487425)#0' 3-max (real money) Seat #3 is the button
Seat 1: MathisKcr (245)
Seat 2: Ak_PaN_PeRsE (345)
Seat 3: Nassar13013 (310)
*** ANTE/BLINDS ***
MathisKcr posts small blind 10
Ak_PaN_PeRsE posts big blind 20
Dealt to MathisKcr [Jh Qd]
*** PRE-FLOP *** 
Nassar13013 folds
MathisKcr raises 225 to 245 and is all-in
Ak_PaN_PeRsE calls 225
*** FLOP *** [2s 5h Qs]
*** TURN *** [2s 5h Qs][4s]
*** RIVER *** [2s 5h Qs 4s][8h]
*** SHOW DOWN ***
MathisKcr shows [Jh Qd] (One pair : Queens)
Ak_PaN_PeRsE shows [3d Ad] (Straight 5 high)
Ak_PaN_PeRsE collected 490 from pot
*** SUMMARY ***
Total pot 490 | No rake
Board: [2s 5h Qs 4s 8h]
Seat 1: MathisKcr (small blind) showed [Jh Qd] and lost with One pair : Queens
Seat 2: Ak_PaN_PeRsE (big blind) showed [3d Ad] and won 490 with Straight 5 high


