Winamax Poker - Tournament "Expresso Nitro" buyIn: 0.93€ + 0.07€ level: 1 - HandId: #4606393437602709505-1-1772570636 - Holdem no limit (10/20) - 2026/03/03 20:43:56 UTC
Table: 'Expresso Nitro(1072509549)#0' 3-max (real money) Seat #2 is the button
Seat 1: zepeckinio33 (300)
Seat 2: MathisKcr (300)
Seat 3: Valhalla33 (300)
*** ANTE/BLINDS ***
Valhalla33 posts small blind 10
zepeckinio33 posts big blind 20
Dealt to MathisKcr [2c Ts]
*** PRE-FLOP *** 
MathisKcr folds
Valhalla33 calls 10
zepeckinio33 checks
*** FLOP *** [Ks 5h Kh]
Valhalla33 bets 20
zepeckinio33 calls 20
*** TURN *** [Ks 5h Kh][As]
Valhalla33 checks
zepeckinio33 checks
*** RIVER *** [Ks 5h Kh As][3s]
Valhalla33 checks
zepeckinio33 bets 260 and is all-in
Valhalla33 folds
zepeckinio33 collected 340 from pot
*** SUMMARY ***
Total pot 340 | No rake
Board: [Ks 5h Kh As 3s]
Seat 1: zepeckinio33 (big blind) won 340


Winamax Poker - Tournament "Expresso Nitro" buyIn: 0.93€ + 0.07€ level: 1 - HandId: #4606393437602709505-2-1772570666 - Holdem no limit (10/20) - 2026/03/03 20:44:26 UTC
Table: 'Expresso Nitro(1072509549)#0' 3-max (real money) Seat #3 is the button
Seat 1: zepeckinio33 (340)
Seat 2: MathisKcr (300)
Seat 3: Valhalla33 (260)
*** ANTE/BLINDS ***
zepeckinio33 posts small blind 10
MathisKcr posts big blind 20
Dealt to MathisKcr [8c Ah]
*** PRE-FLOP *** 
Valhalla33 folds
zepeckinio33 calls 10
MathisKcr raises 40 to 60
zepeckinio33 calls 40
*** FLOP *** [Ad 5c 9s]
zepeckinio33 checks
MathisKcr bets 42
zepeckinio33 calls 42
*** TURN *** [Ad 5c 9s][Qc]
zepeckinio33 bets 20
MathisKcr raises 112 to 132
zepeckinio33 calls 112
*** RIVER *** [Ad 5c 9s Qc][2d]
zepeckinio33 bets 106 and is all-in
MathisKcr calls 66 and is all-in
*** SHOW DOWN ***
zepeckinio33 shows [Jc 9c] (One pair : 9)
MathisKcr shows [8c Ah] (One pair : Aces)
MathisKcr collected 600 from main pot
zepeckinio33 collected 40 from side pot 1
*** SUMMARY ***
Total pot 640 | No rake
Board: [Ad 5c 9s Qc 2d]
Seat 1: zepeckinio33 (small blind) showed [Jc 9c] and won 40 with One pair : 9
Seat 2: MathisKcr (big blind) showed [8c Ah] and won 600 with One pair : Aces


Winamax Poker - Tournament "Expresso Nitro" buyIn: 0.93€ + 0.07€ level: 2 - HandId: #4606393437602709505-3-1772570706 - Holdem no limit (15/30) - 2026/03/03 20:45:06 UTC
Table: 'Expresso Nitro(1072509549)#0' 3-max (real money) Seat #1 is the button
Seat 1: zepeckinio33 (40)
Seat 2: MathisKcr (600)
Seat 3: Valhalla33 (260)
*** ANTE/BLINDS ***
MathisKcr posts small blind 15
Valhalla33 posts big blind 30
Dealt to MathisKcr [3c Ac]
*** PRE-FLOP *** 
zepeckinio33 folds
MathisKcr raises 30 to 60
Valhalla33 calls 30
*** FLOP *** [6s Qh Ks]
MathisKcr bets 75
Valhalla33 calls 75
*** TURN *** [6s Qh Ks][4s]
MathisKcr bets 465 and is all-in
Valhalla33 calls 125 and is all-in
*** RIVER *** [6s Qh Ks 4s][Qd]
*** SHOW DOWN ***
MathisKcr shows [3c Ac] (One pair : Queens)
Valhalla33 shows [Kh 7s] (Two pairs : Kings and Queens)
Valhalla33 collected 520 from main pot
MathisKcr collected 340 from side pot 1
*** SUMMARY ***
Total pot 860 | No rake
Board: [6s Qh Ks 4s Qd]
Seat 2: MathisKcr (small blind) showed [3c Ac] and won 340 with One pair : Queens
Seat 3: Valhalla33 (big blind) showed [Kh 7s] and won 520 with Two pairs : Kings and Queens


Winamax Poker - Tournament "Expresso Nitro" buyIn: 0.93€ + 0.07€ level: 2 - HandId: #4606393437602709505-4-1772570735 - Holdem no limit (15/30) - 2026/03/03 20:45:35 UTC
Table: 'Expresso Nitro(1072509549)#0' 3-max (real money) Seat #2 is the button
Seat 1: zepeckinio33 (40)
Seat 2: MathisKcr (340)
Seat 3: Valhalla33 (520)
*** ANTE/BLINDS ***
Valhalla33 posts small blind 15
zepeckinio33 posts big blind 30
Dealt to MathisKcr [3c Ts]
*** PRE-FLOP *** 
MathisKcr folds
Valhalla33 folds
zepeckinio33 collected 45 from pot
*** SUMMARY ***
Total pot 45 | No rake
Seat 1: zepeckinio33 (big blind) won 45


Winamax Poker - Tournament "Expresso Nitro" buyIn: 0.93€ + 0.07€ level: 2 - HandId: #4606393437602709505-5-1772570741 - Holdem no limit (15/30) - 2026/03/03 20:45:41 UTC
Table: 'Expresso Nitro(1072509549)#0' 3-max (real money) Seat #3 is the button
Seat 1: zepeckinio33 (55)
Seat 2: MathisKcr (340)
Seat 3: Valhalla33 (505)
*** ANTE/BLINDS ***
zepeckinio33 posts small blind 15
MathisKcr posts big blind 30
Dealt to MathisKcr [Kh 5h]
*** PRE-FLOP *** 
Valhalla33 calls 30
zepeckinio33 raises 25 to 55 and is all-in
MathisKcr calls 25
Valhalla33 calls 25
*** FLOP *** [Jh 5s Td]
MathisKcr bets 285 and is all-in
Valhalla33 folds
*** TURN *** [Jh 5s Td][Ts]
*** RIVER *** [Jh 5s Td Ts][Qd]
*** SHOW DOWN ***
zepeckinio33 shows [6c 4c] (One pair : Tens)
MathisKcr shows [Kh 5h] (Two pairs : Tens and 5)
MathisKcr collected 450 from pot
*** SUMMARY ***
Total pot 450 | No rake
Board: [Jh 5s Td Ts Qd]
Seat 1: zepeckinio33 (small blind) showed [6c 4c] and lost with One pair : Tens
Seat 2: MathisKcr (big blind) showed [Kh 5h] and won 450 with Two pairs : Tens and 5


Winamax Poker - Tournament "Expresso Nitro" buyIn: 0.93€ + 0.07€ level: 3 - HandId: #4606393437602709505-6-1772570781 - Holdem no limit (20/40) - 2026/03/03 20:46:21 UTC
Table: 'Expresso Nitro(1072509549)#0' 3-max (real money) Seat #2 is the button
Seat 2: MathisKcr (450)
Seat 3: Valhalla33 (450)
*** ANTE/BLINDS ***
MathisKcr posts small blind 20
Valhalla33 posts big blind 40
Dealt to MathisKcr [4c Ks]
*** PRE-FLOP *** 
MathisKcr raises 410 to 450 and is all-in
Valhalla33 calls 410 and is all-in
*** FLOP *** [4s 2c 4h]
*** TURN *** [4s 2c 4h][Kd]
*** RIVER *** [4s 2c 4h Kd][5d]
*** SHOW DOWN ***
Valhalla33 shows [As Qs] (One pair : 4)
MathisKcr shows [4c Ks] (Full of 4 and Kings)
MathisKcr collected 900 from pot
*** SUMMARY ***
Total pot 900 | No rake
Board: [4s 2c 4h Kd 5d]
Seat 2: MathisKcr (small blind) (button) showed [4c Ks] and won 900 with Full of 4 and Kings
Seat 3: Valhalla33 (big blind) showed [As Qs] and lost with One pair : 4


