Winamax Poker - Tournament "Expresso Nitro" buyIn: 0.93€ + 0.07€ level: 1 - HandId: #4670889707356291073-1-1774889618 - Holdem no limit (10/20) - 2026/03/30 16:53:38 UTC
Table: 'Expresso Nitro(1087526257)#0' 3-max (real money) Seat #3 is the button
Seat 1: MathisKcr (300)
Seat 2: Jaden Yuki (300)
Seat 3: maouse34 (300)
*** ANTE/BLINDS ***
MathisKcr posts small blind 10
Jaden Yuki posts big blind 20
Dealt to MathisKcr [8c Td]
*** PRE-FLOP *** 
maouse34 calls 20
MathisKcr folds
Jaden Yuki checks
*** FLOP *** [Kh 4c 6c]
Jaden Yuki bets 20
maouse34 calls 20
*** TURN *** [Kh 4c 6c][Ts]
Jaden Yuki bets 40
maouse34 calls 40
*** RIVER *** [Kh 4c 6c Ts][6h]
Jaden Yuki bets 105
maouse34 raises 115 to 220 and is all-in
Jaden Yuki calls 115 and is all-in
*** SHOW DOWN ***
maouse34 shows [Qs 6d] (Trips of 6)
Jaden Yuki shows [Th 6s] (Full of 6 and Tens)
Jaden Yuki collected 610 from pot
*** SUMMARY ***
Total pot 610 | No rake
Board: [Kh 4c 6c Ts 6h]
Seat 2: Jaden Yuki (big blind) showed [Th 6s] and won 610 with Full of 6 and Tens
Seat 3: maouse34 (button) showed [Qs 6d] and lost with Trips of 6


Winamax Poker - Tournament "Expresso Nitro" buyIn: 0.93€ + 0.07€ level: 1 - HandId: #4670889707356291073-2-1774889653 - Holdem no limit (10/20) - 2026/03/30 16:54:13 UTC
Table: 'Expresso Nitro(1087526257)#0' 3-max (real money) Seat #2 is the button
Seat 1: MathisKcr (290)
Seat 2: Jaden Yuki (610)
*** ANTE/BLINDS ***
Jaden Yuki posts small blind 10
MathisKcr posts big blind 20
Dealt to MathisKcr [Qs 3s]
*** PRE-FLOP *** 
Jaden Yuki folds
MathisKcr collected 30 from pot
*** SUMMARY ***
Total pot 30 | No rake
Seat 1: MathisKcr (big blind) won 30


Winamax Poker - Tournament "Expresso Nitro" buyIn: 0.93€ + 0.07€ level: 1 - HandId: #4670889707356291073-3-1774889659 - Holdem no limit (10/20) - 2026/03/30 16:54:19 UTC
Table: 'Expresso Nitro(1087526257)#0' 3-max (real money) Seat #1 is the button
Seat 1: MathisKcr (300)
Seat 2: Jaden Yuki (600)
*** ANTE/BLINDS ***
MathisKcr posts small blind 10
Jaden Yuki posts big blind 20
Dealt to MathisKcr [Jh Kd]
*** PRE-FLOP *** 
MathisKcr raises 280 to 300 and is all-in
Jaden Yuki folds
MathisKcr collected 320 from pot
*** SUMMARY ***
Total pot 320 | No rake
Seat 1: MathisKcr (small blind) (button) won 320


Winamax Poker - Tournament "Expresso Nitro" buyIn: 0.93€ + 0.07€ level: 1 - HandId: #4670889707356291073-4-1774889667 - Holdem no limit (10/20) - 2026/03/30 16:54:27 UTC
Table: 'Expresso Nitro(1087526257)#0' 3-max (real money) Seat #2 is the button
Seat 1: MathisKcr (320)
Seat 2: Jaden Yuki (580)
*** ANTE/BLINDS ***
Jaden Yuki posts small blind 10
MathisKcr posts big blind 20
Dealt to MathisKcr [6c Ad]
*** PRE-FLOP *** 
Jaden Yuki calls 10
MathisKcr raises 300 to 320 and is all-in
Jaden Yuki folds
MathisKcr collected 340 from pot
*** SUMMARY ***
Total pot 340 | No rake
Seat 1: MathisKcr (big blind) won 340


Winamax Poker - Tournament "Expresso Nitro" buyIn: 0.93€ + 0.07€ level: 2 - HandId: #4670889707356291073-5-1774889687 - Holdem no limit (15/30) - 2026/03/30 16:54:47 UTC
Table: 'Expresso Nitro(1087526257)#0' 3-max (real money) Seat #1 is the button
Seat 1: MathisKcr (340)
Seat 2: Jaden Yuki (560)
*** ANTE/BLINDS ***
MathisKcr posts small blind 15
Jaden Yuki posts big blind 30
Dealt to MathisKcr [Ad 5s]
*** PRE-FLOP *** 
MathisKcr raises 310 to 340 and is all-in
Jaden Yuki folds
MathisKcr collected 370 from pot
*** SUMMARY ***
Total pot 370 | No rake
Seat 1: MathisKcr (small blind) (button) won 370


Winamax Poker - Tournament "Expresso Nitro" buyIn: 0.93€ + 0.07€ level: 2 - HandId: #4670889707356291073-6-1774889713 - Holdem no limit (15/30) - 2026/03/30 16:55:13 UTC
Table: 'Expresso Nitro(1087526257)#0' 3-max (real money) Seat #2 is the button
Seat 1: MathisKcr (370)
Seat 2: Jaden Yuki (530)
*** ANTE/BLINDS ***
Jaden Yuki posts small blind 15
MathisKcr posts big blind 30
Dealt to MathisKcr [9d 8s]
*** PRE-FLOP *** 
Jaden Yuki raises 45 to 75
MathisKcr raises 295 to 370 and is all-in
Jaden Yuki raises 160 to 530 and is all-in
*** FLOP *** [5d 7d 6c]
*** TURN *** [5d 7d 6c][Tc]
*** RIVER *** [5d 7d 6c Tc][3d]
*** SHOW DOWN ***
MathisKcr shows [9d 8s] (Straight Ten high)
Jaden Yuki shows [Ah Kh] (High card : Ace)
Jaden Yuki collected 160 from side pot 1
MathisKcr collected 740 from main pot
*** SUMMARY ***
Total pot 900 | No rake
Board: [5d 7d 6c Tc 3d]
Seat 1: MathisKcr (big blind) showed [9d 8s] and won 740 with Straight Ten high
Seat 2: Jaden Yuki (small blind) (button) showed [Ah Kh] and won 160 with High card : Ace


Winamax Poker - Tournament "Expresso Nitro" buyIn: 0.93€ + 0.07€ level: 2 - HandId: #4670889707356291073-7-1774889732 - Holdem no limit (15/30) - 2026/03/30 16:55:32 UTC
Table: 'Expresso Nitro(1087526257)#0' 3-max (real money) Seat #1 is the button
Seat 1: MathisKcr (740)
Seat 2: Jaden Yuki (160)
*** ANTE/BLINDS ***
MathisKcr posts small blind 15
Jaden Yuki posts big blind 30
Dealt to MathisKcr [7c Qc]
*** PRE-FLOP *** 
MathisKcr raises 710 to 740 and is all-in
Jaden Yuki calls 130 and is all-in
*** FLOP *** [9h 7d 2d]
*** TURN *** [9h 7d 2d][3h]
*** RIVER *** [9h 7d 2d 3h][6d]
*** SHOW DOWN ***
Jaden Yuki shows [Ah Jd] (High card : Ace)
MathisKcr shows [7c Qc] (One pair : 7)
MathisKcr collected 900 from pot
*** SUMMARY ***
Total pot 900 | No rake
Board: [9h 7d 2d 3h 6d]
Seat 1: MathisKcr (small blind) (button) showed [7c Qc] and won 900 with One pair : 7
Seat 2: Jaden Yuki (big blind) showed [Ah Jd] and lost with High card : Ace


