Winamax Poker - Tournament "Expresso Nitro" buyIn: 0.93€ + 0.07€ level: 1 - HandId: #4666426574910783489-1-1774710227 - Holdem no limit (10/20) - 2026/03/28 15:03:47 UTC
Table: 'Expresso Nitro(1086487103)#0' 3-max (real money) Seat #3 is the button
Seat 1: MathisKcr (300)
Seat 2: Zeze28 (300)
Seat 3: fede.r95 (300)
*** ANTE/BLINDS ***
MathisKcr posts small blind 10
Zeze28 posts big blind 20
Dealt to MathisKcr [5h 4d]
*** PRE-FLOP *** 
fede.r95 calls 20
MathisKcr folds
Zeze28 checks
*** FLOP *** [Kd 6s 8d]
Zeze28 bets 50
fede.r95 calls 50
*** TURN *** [Kd 6s 8d][2s]
Zeze28 bets 230 and is all-in
fede.r95 calls 230 and is all-in
*** RIVER *** [Kd 6s 8d 2s][Qc]
*** SHOW DOWN ***
fede.r95 shows [Ah 6h] (One pair : 6)
Zeze28 shows [8s 3h] (One pair : 8)
Zeze28 collected 610 from pot
*** SUMMARY ***
Total pot 610 | No rake
Board: [Kd 6s 8d 2s Qc]
Seat 2: Zeze28 (big blind) showed [8s 3h] and won 610 with One pair : 8
Seat 3: fede.r95 (button) showed [Ah 6h] and lost with One pair : 6


Winamax Poker - Tournament "Expresso Nitro" buyIn: 0.93€ + 0.07€ level: 1 - HandId: #4666426574910783489-2-1774710242 - Holdem no limit (10/20) - 2026/03/28 15:04:02 UTC
Table: 'Expresso Nitro(1086487103)#0' 3-max (real money) Seat #2 is the button
Seat 1: MathisKcr (290)
Seat 2: Zeze28 (610)
*** ANTE/BLINDS ***
Zeze28 posts small blind 10
MathisKcr posts big blind 20
Dealt to MathisKcr [6c 2c]
*** PRE-FLOP *** 
Zeze28 calls 10
MathisKcr checks
*** FLOP *** [6h Js 5d]
MathisKcr bets 20
Zeze28 calls 20
*** TURN *** [6h Js 5d][5s]
MathisKcr checks
Zeze28 bets 52
MathisKcr folds
Zeze28 collected 132 from pot
*** SUMMARY ***
Total pot 132 | No rake
Board: [6h Js 5d 5s]
Seat 2: Zeze28 (small blind) (button) won 132


Winamax Poker - Tournament "Expresso Nitro" buyIn: 0.93€ + 0.07€ level: 1 - HandId: #4666426574910783489-3-1774710266 - Holdem no limit (10/20) - 2026/03/28 15:04:26 UTC
Table: 'Expresso Nitro(1086487103)#0' 3-max (real money) Seat #1 is the button
Seat 1: MathisKcr (250)
Seat 2: Zeze28 (650)
*** ANTE/BLINDS ***
MathisKcr posts small blind 10
Zeze28 posts big blind 20
Dealt to MathisKcr [Qs 9d]
*** PRE-FLOP *** 
MathisKcr raises 230 to 250 and is all-in
Zeze28 calls 230
*** FLOP *** [7c 3h 9s]
*** TURN *** [7c 3h 9s][4d]
*** RIVER *** [7c 3h 9s 4d][Kd]
*** SHOW DOWN ***
Zeze28 shows [Ah 7d] (One pair : 7)
MathisKcr shows [Qs 9d] (One pair : 9)
MathisKcr collected 500 from pot
*** SUMMARY ***
Total pot 500 | No rake
Board: [7c 3h 9s 4d Kd]
Seat 1: MathisKcr (small blind) (button) showed [Qs 9d] and won 500 with One pair : 9
Seat 2: Zeze28 (big blind) showed [Ah 7d] and lost with One pair : 7


Winamax Poker - Tournament "Expresso Nitro" buyIn: 0.93€ + 0.07€ level: 1 - HandId: #4666426574910783489-4-1774710278 - Holdem no limit (10/20) - 2026/03/28 15:04:38 UTC
Table: 'Expresso Nitro(1086487103)#0' 3-max (real money) Seat #2 is the button
Seat 1: MathisKcr (500)
Seat 2: Zeze28 (400)
*** ANTE/BLINDS ***
Zeze28 posts small blind 10
MathisKcr posts big blind 20
Dealt to MathisKcr [6h 8s]
*** PRE-FLOP *** 
Zeze28 raises 40 to 60
MathisKcr folds
Zeze28 collected 80 from pot
*** SUMMARY ***
Total pot 80 | No rake
Seat 2: Zeze28 (small blind) (button) won 80


Winamax Poker - Tournament "Expresso Nitro" buyIn: 0.93€ + 0.07€ level: 2 - HandId: #4666426574910783489-5-1774710285 - Holdem no limit (15/30) - 2026/03/28 15:04:45 UTC
Table: 'Expresso Nitro(1086487103)#0' 3-max (real money) Seat #1 is the button
Seat 1: MathisKcr (480)
Seat 2: Zeze28 (420)
*** ANTE/BLINDS ***
MathisKcr posts small blind 15
Zeze28 posts big blind 30
Dealt to MathisKcr [7d 6c]
*** PRE-FLOP *** 
MathisKcr folds
Zeze28 collected 45 from pot
*** SUMMARY ***
Total pot 45 | No rake
Seat 2: Zeze28 (big blind) won 45


Winamax Poker - Tournament "Expresso Nitro" buyIn: 0.93€ + 0.07€ level: 2 - HandId: #4666426574910783489-6-1774710292 - Holdem no limit (15/30) - 2026/03/28 15:04:52 UTC
Table: 'Expresso Nitro(1086487103)#0' 3-max (real money) Seat #2 is the button
Seat 1: MathisKcr (465)
Seat 2: Zeze28 (435)
*** ANTE/BLINDS ***
Zeze28 posts small blind 15
MathisKcr posts big blind 30
Dealt to MathisKcr [8s Jc]
*** PRE-FLOP *** 
Zeze28 calls 15
MathisKcr raises 435 to 465 and is all-in
Zeze28 folds
MathisKcr collected 495 from pot
*** SUMMARY ***
Total pot 495 | No rake
Seat 1: MathisKcr (big blind) won 495


Winamax Poker - Tournament "Expresso Nitro" buyIn: 0.93€ + 0.07€ level: 2 - HandId: #4666426574910783489-7-1774710300 - Holdem no limit (15/30) - 2026/03/28 15:05:00 UTC
Table: 'Expresso Nitro(1086487103)#0' 3-max (real money) Seat #1 is the button
Seat 1: MathisKcr (495)
Seat 2: Zeze28 (405)
*** ANTE/BLINDS ***
MathisKcr posts small blind 15
Zeze28 posts big blind 30
Dealt to MathisKcr [5s 7c]
*** PRE-FLOP *** 
MathisKcr folds
Zeze28 collected 45 from pot
*** SUMMARY ***
Total pot 45 | No rake
Seat 2: Zeze28 (big blind) won 45


Winamax Poker - Tournament "Expresso Nitro" buyIn: 0.93€ + 0.07€ level: 2 - HandId: #4666426574910783489-8-1774710304 - Holdem no limit (15/30) - 2026/03/28 15:05:04 UTC
Table: 'Expresso Nitro(1086487103)#0' 3-max (real money) Seat #2 is the button
Seat 1: MathisKcr (480)
Seat 2: Zeze28 (420)
*** ANTE/BLINDS ***
Zeze28 posts small blind 15
MathisKcr posts big blind 30
Dealt to MathisKcr [As 7d]
*** PRE-FLOP *** 
Zeze28 raises 60 to 90
MathisKcr raises 390 to 480 and is all-in
Zeze28 calls 330 and is all-in
*** FLOP *** [6s 9h 8d]
*** TURN *** [6s 9h 8d][Ks]
*** RIVER *** [6s 9h 8d Ks][Js]
*** SHOW DOWN ***
MathisKcr shows [As 7d] (High card : Ace)
Zeze28 shows [Kh Tc] (One pair : Kings)
Zeze28 collected 840 from main pot
MathisKcr collected 60 from side pot 1
*** SUMMARY ***
Total pot 900 | No rake
Board: [6s 9h 8d Ks Js]
Seat 1: MathisKcr (big blind) showed [As 7d] and won 60 with High card : Ace
Seat 2: Zeze28 (small blind) (button) showed [Kh Tc] and won 840 with One pair : Kings


Winamax Poker - Tournament "Expresso Nitro" buyIn: 0.93€ + 0.07€ level: 2 - HandId: #4666426574910783489-9-1774710316 - Holdem no limit (15/30) - 2026/03/28 15:05:16 UTC
Table: 'Expresso Nitro(1086487103)#0' 3-max (real money) Seat #1 is the button
Seat 1: MathisKcr (60)
Seat 2: Zeze28 (840)
*** ANTE/BLINDS ***
MathisKcr posts small blind 15
Zeze28 posts big blind 30
Dealt to MathisKcr [5s 7s]
*** PRE-FLOP *** 
MathisKcr raises 30 to 60 and is all-in
Zeze28 calls 30
*** FLOP *** [Tc Ac Kh]
*** TURN *** [Tc Ac Kh][8d]
*** RIVER *** [Tc Ac Kh 8d][6s]
*** SHOW DOWN ***
MathisKcr shows [5s 7s] (High card : Ace)
Zeze28 shows [Jd Qh] (Straight Ace high)
Zeze28 collected 120 from pot
*** SUMMARY ***
Total pot 120 | No rake
Board: [Tc Ac Kh 8d 6s]
Seat 1: MathisKcr (small blind) (button) showed [5s 7s] and lost with High card : Ace
Seat 2: Zeze28 (big blind) showed [Jd Qh] and won 120 with Straight Ace high


