Winamax Poker - Tournament "Expresso Nitro" buyIn: 0.46€ + 0.04€ level: 1 - HandId: #4547741132280299521-1-1770381179 - Holdem no limit (10/20) - 2026/02/06 12:32:59 UTC
Table: 'Expresso Nitro(1058853495)#0' 3-max (real money) Seat #1 is the button
Seat 1: Angelique 28 (300)
Seat 2: MathisKcr (300)
Seat 3: Antoine__04 (300)
*** ANTE/BLINDS ***
MathisKcr posts small blind 10
Antoine__04 posts big blind 20
Dealt to MathisKcr [2s 2h]
*** PRE-FLOP *** 
Angelique 28 calls 20
MathisKcr raises 280 to 300 and is all-in
Antoine__04 calls 280 and is all-in
Angelique 28 folds
*** FLOP *** [6s Jc 9d]
*** TURN *** [6s Jc 9d][Th]
*** RIVER *** [6s Jc 9d Th][4d]
*** SHOW DOWN ***
MathisKcr shows [2s 2h] (One pair : 2)
Antoine__04 shows [6c 6h] (Trips of 6)
Antoine__04 collected 620 from pot
*** SUMMARY ***
Total pot 620 | No rake
Board: [6s Jc 9d Th 4d]
Seat 2: MathisKcr (small blind) showed [2s 2h] and lost with One pair : 2
Seat 3: Antoine__04 (big blind) showed [6c 6h] and won 620 with Trips of 6


