Winamax Poker - Tournament "Expresso Nitro" buyIn: 0.93€ + 0.07€ level: 1 - HandId: #4607679002918780929-1-1772629654 - Holdem no limit (10/20) - 2026/03/04 13:07:34 UTC
Table: 'Expresso Nitro(1072808868)#0' 3-max (real money) Seat #3 is the button
Seat 1: MathisKcr (300)
Seat 2: Robertdreamt (300)
Seat 3: LE Wolf20832 (300)
*** ANTE/BLINDS ***
MathisKcr posts small blind 10
Robertdreamt posts big blind 20
Dealt to MathisKcr [5d 4d]
*** PRE-FLOP *** 
LE Wolf20832 folds
MathisKcr calls 10
Robertdreamt checks
*** FLOP *** [Jh Kd Th]
MathisKcr checks
Robertdreamt checks
*** TURN *** [Jh Kd Th][2c]
MathisKcr checks
Robertdreamt checks
*** RIVER *** [Jh Kd Th 2c][7c]
MathisKcr checks
Robertdreamt checks
*** SHOW DOWN ***
MathisKcr shows [5d 4d] (High card : King)
Robertdreamt shows [6h 5s] (High card : King)
Robertdreamt collected 40 from pot
*** SUMMARY ***
Total pot 40 | No rake
Board: [Jh Kd Th 2c 7c]
Seat 1: MathisKcr (small blind) showed [5d 4d] and lost with High card : King
Seat 2: Robertdreamt (big blind) showed [6h 5s] and won 40 with High card : King


Winamax Poker - Tournament "Expresso Nitro" buyIn: 0.93€ + 0.07€ level: 2 - HandId: #4607679002918780929-2-1772629718 - Holdem no limit (15/30) - 2026/03/04 13:08:38 UTC
Table: 'Expresso Nitro(1072808868)#0' 3-max (real money) Seat #1 is the button
Seat 1: MathisKcr (280)
Seat 2: Robertdreamt (320)
Seat 3: LE Wolf20832 (300)
*** ANTE/BLINDS ***
Robertdreamt posts small blind 15
LE Wolf20832 posts big blind 30
Dealt to MathisKcr [4d 6c]
*** PRE-FLOP *** 
MathisKcr folds
Robertdreamt calls 15
LE Wolf20832 checks
*** FLOP *** [2h 3c 5h]
Robertdreamt bets 30
LE Wolf20832 folds
Robertdreamt collected 90 from pot
*** SUMMARY ***
Total pot 90 | No rake
Board: [2h 3c 5h]
Seat 2: Robertdreamt (small blind) won 90


Winamax Poker - Tournament "Expresso Nitro" buyIn: 0.93€ + 0.07€ level: 2 - HandId: #4607679002918780929-3-1772629737 - Holdem no limit (15/30) - 2026/03/04 13:08:57 UTC
Table: 'Expresso Nitro(1072808868)#0' 3-max (real money) Seat #2 is the button
Seat 1: MathisKcr (280)
Seat 2: Robertdreamt (350)
Seat 3: LE Wolf20832 (270)
*** ANTE/BLINDS ***
LE Wolf20832 posts small blind 15
MathisKcr posts big blind 30
Dealt to MathisKcr [2h Qc]
*** PRE-FLOP *** 
Robertdreamt folds
LE Wolf20832 folds
MathisKcr collected 45 from pot
*** SUMMARY ***
Total pot 45 | No rake
Seat 1: MathisKcr (big blind) won 45


Winamax Poker - Tournament "Expresso Nitro" buyIn: 0.93€ + 0.07€ level: 2 - HandId: #4607679002918780929-4-1772629755 - Holdem no limit (15/30) - 2026/03/04 13:09:15 UTC
Table: 'Expresso Nitro(1072808868)#0' 3-max (real money) Seat #3 is the button
Seat 1: MathisKcr (295)
Seat 2: Robertdreamt (350)
Seat 3: LE Wolf20832 (255)
*** ANTE/BLINDS ***
MathisKcr posts small blind 15
Robertdreamt posts big blind 30
Dealt to MathisKcr [2s 6c]
*** PRE-FLOP *** 
LE Wolf20832 folds
MathisKcr calls 15
Robertdreamt checks
*** FLOP *** [8s Th 8h]
MathisKcr bets 39
Robertdreamt folds
MathisKcr collected 99 from pot
*** SUMMARY ***
Total pot 99 | No rake
Board: [8s Th 8h]
Seat 1: MathisKcr (small blind) won 99


Winamax Poker - Tournament "Expresso Nitro" buyIn: 0.93€ + 0.07€ level: 3 - HandId: #4607679002918780929-5-1772629777 - Holdem no limit (20/40) - 2026/03/04 13:09:37 UTC
Table: 'Expresso Nitro(1072808868)#0' 3-max (real money) Seat #1 is the button
Seat 1: MathisKcr (325)
Seat 2: Robertdreamt (320)
Seat 3: LE Wolf20832 (255)
*** ANTE/BLINDS ***
Robertdreamt posts small blind 20
LE Wolf20832 posts big blind 40
Dealt to MathisKcr [Jh Qs]
*** PRE-FLOP *** 
MathisKcr raises 285 to 325 and is all-in
Robertdreamt folds
LE Wolf20832 folds
MathisKcr collected 385 from pot
*** SUMMARY ***
Total pot 385 | No rake
Seat 1: MathisKcr (button) won 385


Winamax Poker - Tournament "Expresso Nitro" buyIn: 0.93€ + 0.07€ level: 3 - HandId: #4607679002918780929-6-1772629795 - Holdem no limit (20/40) - 2026/03/04 13:09:55 UTC
Table: 'Expresso Nitro(1072808868)#0' 3-max (real money) Seat #2 is the button
Seat 1: MathisKcr (385)
Seat 2: Robertdreamt (300)
Seat 3: LE Wolf20832 (215)
*** ANTE/BLINDS ***
LE Wolf20832 posts small blind 20
MathisKcr posts big blind 40
Dealt to MathisKcr [4h Ks]
*** PRE-FLOP *** 
Robertdreamt folds
LE Wolf20832 folds
MathisKcr collected 60 from pot
*** SUMMARY ***
Total pot 60 | No rake
Seat 1: MathisKcr (big blind) won 60


Winamax Poker - Tournament "Expresso Nitro" buyIn: 0.93€ + 0.07€ level: 3 - HandId: #4607679002918780929-7-1772629808 - Holdem no limit (20/40) - 2026/03/04 13:10:08 UTC
Table: 'Expresso Nitro(1072808868)#0' 3-max (real money) Seat #3 is the button
Seat 1: MathisKcr (405)
Seat 2: Robertdreamt (300)
Seat 3: LE Wolf20832 (195)
*** ANTE/BLINDS ***
MathisKcr posts small blind 20
Robertdreamt posts big blind 40
Dealt to MathisKcr [5d 8s]
*** PRE-FLOP *** 
LE Wolf20832 folds
MathisKcr calls 20
Robertdreamt raises 260 to 300 and is all-in
MathisKcr folds
Robertdreamt collected 340 from pot
*** SUMMARY ***
Total pot 340 | No rake
Seat 2: Robertdreamt (big blind) won 340


Winamax Poker - Tournament "Expresso Nitro" buyIn: 0.93€ + 0.07€ level: 4 - HandId: #4607679002918780929-8-1772629841 - Holdem no limit (30/60) - 2026/03/04 13:10:41 UTC
Table: 'Expresso Nitro(1072808868)#0' 3-max (real money) Seat #1 is the button
Seat 1: MathisKcr (365)
Seat 2: Robertdreamt (340)
Seat 3: LE Wolf20832 (195)
*** ANTE/BLINDS ***
Robertdreamt posts small blind 30
LE Wolf20832 posts big blind 60
Dealt to MathisKcr [5s 8s]
*** PRE-FLOP *** 
MathisKcr folds
Robertdreamt calls 30
LE Wolf20832 folds
Robertdreamt collected 120 from pot
*** SUMMARY ***
Total pot 120 | No rake
Seat 2: Robertdreamt (small blind) won 120


Winamax Poker - Tournament "Expresso Nitro" buyIn: 0.93€ + 0.07€ level: 4 - HandId: #4607679002918780929-9-1772629859 - Holdem no limit (30/60) - 2026/03/04 13:10:59 UTC
Table: 'Expresso Nitro(1072808868)#0' 3-max (real money) Seat #2 is the button
Seat 1: MathisKcr (365)
Seat 2: Robertdreamt (400)
Seat 3: LE Wolf20832 (135)
*** ANTE/BLINDS ***
LE Wolf20832 posts small blind 30
MathisKcr posts big blind 60
Dealt to MathisKcr [Jh As]
*** PRE-FLOP *** 
Robertdreamt calls 60
LE Wolf20832 folds
MathisKcr raises 305 to 365 and is all-in
Robertdreamt raises 35 to 400 and is all-in
*** FLOP *** [3d Kd 8s]
*** TURN *** [3d Kd 8s][6d]
*** RIVER *** [3d Kd 8s 6d][8d]
*** SHOW DOWN ***
MathisKcr shows [Jh As] (One pair : 8)
Robertdreamt shows [4s 4d] (Flush King high)
Robertdreamt collected 795 from pot
*** SUMMARY ***
Total pot 795 | No rake
Board: [3d Kd 8s 6d 8d]
Seat 1: MathisKcr (big blind) showed [Jh As] and lost with One pair : 8
Seat 2: Robertdreamt (button) showed [4s 4d] and won 795 with Flush King high


