Winamax Poker - Tournament "Expresso Nitro" buyIn: 0.93€ + 0.07€ level: 1 - HandId: #4655923490086453249-1-1774285498 - Holdem no limit (10/20) - 2026/03/23 17:04:58 UTC
Table: 'Expresso Nitro(1084041663)#0' 3-max (real money) Seat #3 is the button
Seat 1: lologaby (300)
Seat 2: MathisKcr (300)
Seat 3: ProExpresso (300)
*** ANTE/BLINDS ***
lologaby posts small blind 10
MathisKcr posts big blind 20
Dealt to MathisKcr [9d 3h]
*** PRE-FLOP *** 
ProExpresso folds
lologaby calls 10
MathisKcr checks
*** FLOP *** [Kd 7s Tc]
lologaby bets 20
MathisKcr folds
lologaby collected 60 from pot
*** SUMMARY ***
Total pot 60 | No rake
Board: [Kd 7s Tc]
Seat 1: lologaby (small blind) won 60


Winamax Poker - Tournament "Expresso Nitro" buyIn: 0.93€ + 0.07€ level: 1 - HandId: #4655923490086453249-2-1774285527 - Holdem no limit (10/20) - 2026/03/23 17:05:27 UTC
Table: 'Expresso Nitro(1084041663)#0' 3-max (real money) Seat #1 is the button
Seat 1: lologaby (320)
Seat 2: MathisKcr (280)
Seat 3: ProExpresso (300)
*** ANTE/BLINDS ***
MathisKcr posts small blind 10
ProExpresso posts big blind 20
Dealt to MathisKcr [3c Jh]
*** PRE-FLOP *** 
lologaby raises 20 to 40
MathisKcr folds
ProExpresso folds
lologaby collected 70 from pot
*** SUMMARY ***
Total pot 70 | No rake
Seat 1: lologaby (button) won 70


Winamax Poker - Tournament "Expresso Nitro" buyIn: 0.93€ + 0.07€ level: 1 - HandId: #4655923490086453249-3-1774285539 - Holdem no limit (10/20) - 2026/03/23 17:05:39 UTC
Table: 'Expresso Nitro(1084041663)#0' 3-max (real money) Seat #2 is the button
Seat 1: lologaby (350)
Seat 2: MathisKcr (270)
Seat 3: ProExpresso (280)
*** ANTE/BLINDS ***
ProExpresso posts small blind 10
lologaby posts big blind 20
Dealt to MathisKcr [9s 5h]
*** PRE-FLOP *** 
MathisKcr folds
ProExpresso folds
lologaby collected 30 from pot
*** SUMMARY ***
Total pot 30 | No rake
Seat 1: lologaby (big blind) won 30


Winamax Poker - Tournament "Expresso Nitro" buyIn: 0.93€ + 0.07€ level: 1 - HandId: #4655923490086453249-4-1774285554 - Holdem no limit (10/20) - 2026/03/23 17:05:54 UTC
Table: 'Expresso Nitro(1084041663)#0' 3-max (real money) Seat #3 is the button
Seat 1: lologaby (360)
Seat 2: MathisKcr (270)
Seat 3: ProExpresso (270)
*** ANTE/BLINDS ***
lologaby posts small blind 10
MathisKcr posts big blind 20
Dealt to MathisKcr [Ac 6s]
*** PRE-FLOP *** 
ProExpresso folds
lologaby calls 10
MathisKcr raises 40 to 60
lologaby folds
MathisKcr collected 80 from pot
*** SUMMARY ***
Total pot 80 | No rake
Seat 2: MathisKcr (big blind) won 80


Winamax Poker - Tournament "Expresso Nitro" buyIn: 0.93€ + 0.07€ level: 2 - HandId: #4655923490086453249-5-1774285568 - Holdem no limit (15/30) - 2026/03/23 17:06:08 UTC
Table: 'Expresso Nitro(1084041663)#0' 3-max (real money) Seat #1 is the button
Seat 1: lologaby (340)
Seat 2: MathisKcr (290)
Seat 3: ProExpresso (270)
*** ANTE/BLINDS ***
MathisKcr posts small blind 15
ProExpresso posts big blind 30
Dealt to MathisKcr [Jc 2c]
*** PRE-FLOP *** 
lologaby folds
MathisKcr raises 60 to 90
ProExpresso folds
MathisKcr collected 120 from pot
*** SUMMARY ***
Total pot 120 | No rake
Seat 2: MathisKcr (small blind) won 120


Winamax Poker - Tournament "Expresso Nitro" buyIn: 0.93€ + 0.07€ level: 2 - HandId: #4655923490086453249-6-1774285585 - Holdem no limit (15/30) - 2026/03/23 17:06:25 UTC
Table: 'Expresso Nitro(1084041663)#0' 3-max (real money) Seat #2 is the button
Seat 1: lologaby (340)
Seat 2: MathisKcr (320)
Seat 3: ProExpresso (240)
*** ANTE/BLINDS ***
ProExpresso posts small blind 15
lologaby posts big blind 30
Dealt to MathisKcr [3h Qh]
*** PRE-FLOP *** 
MathisKcr raises 60 to 90
ProExpresso folds
lologaby calls 60
*** FLOP *** [6c Qs 5d]
lologaby checks
MathisKcr bets 68
lologaby calls 68
*** TURN *** [6c Qs 5d][7s]
lologaby bets 182 and is all-in
MathisKcr folds
lologaby collected 513 from pot
*** SUMMARY ***
Total pot 513 | No rake
Board: [6c Qs 5d 7s]
Seat 1: lologaby (big blind) won 513


Winamax Poker - Tournament "Expresso Nitro" buyIn: 0.93€ + 0.07€ level: 2 - HandId: #4655923490086453249-7-1774285614 - Holdem no limit (15/30) - 2026/03/23 17:06:54 UTC
Table: 'Expresso Nitro(1084041663)#0' 3-max (real money) Seat #3 is the button
Seat 1: lologaby (513)
Seat 2: MathisKcr (162)
Seat 3: ProExpresso (225)
*** ANTE/BLINDS ***
lologaby posts small blind 15
MathisKcr posts big blind 30
Dealt to MathisKcr [7c 3h]
*** PRE-FLOP *** 
ProExpresso raises 195 to 225 and is all-in
lologaby raises 288 to 513 and is all-in
MathisKcr folds
*** FLOP *** [6h 5d 8s]
*** TURN *** [6h 5d 8s][Tc]
*** RIVER *** [6h 5d 8s Tc][9h]
*** SHOW DOWN ***
ProExpresso shows [2s Ah] (High card : Ace)
lologaby shows [Qd Ac] (High card : Ace)
lologaby collected 768 from pot
*** SUMMARY ***
Total pot 768 | No rake
Board: [6h 5d 8s Tc 9h]
Seat 1: lologaby (small blind) showed [Qd Ac] and won 768 with High card : Ace
Seat 3: ProExpresso (button) showed [2s Ah] and lost with High card : Ace


Winamax Poker - Tournament "Expresso Nitro" buyIn: 0.93€ + 0.07€ level: 3 - HandId: #4655923490086453249-8-1774285627 - Holdem no limit (20/40) - 2026/03/23 17:07:07 UTC
Table: 'Expresso Nitro(1084041663)#0' 3-max (real money) Seat #2 is the button
Seat 1: lologaby (768)
Seat 2: MathisKcr (132)
*** ANTE/BLINDS ***
MathisKcr posts small blind 20
lologaby posts big blind 40
Dealt to MathisKcr [8s Js]
*** PRE-FLOP *** 
MathisKcr raises 92 to 132 and is all-in
lologaby calls 92
*** FLOP *** [2c 7h Kh]
*** TURN *** [2c 7h Kh][2h]
*** RIVER *** [2c 7h Kh 2h][Kc]
*** SHOW DOWN ***
MathisKcr shows [8s Js] (Two pairs : Kings and 2)
lologaby shows [9h 7d] (Two pairs : Kings and 7)
lologaby collected 264 from pot
*** SUMMARY ***
Total pot 264 | No rake
Board: [2c 7h Kh 2h Kc]
Seat 1: lologaby (big blind) showed [9h 7d] and won 264 with Two pairs : Kings and 7
Seat 2: MathisKcr (small blind) (button) showed [8s Js] and lost with Two pairs : Kings and 2


