Winamax Poker - Tournament "Expresso Nitro" buyIn: 0.93€ + 0.07€ level: 1 - HandId: #4670900169896624129-1-1774889872 - Holdem no limit (10/20) - 2026/03/30 16:57:52 UTC
Table: 'Expresso Nitro(1087528693)#0' 3-max (real money) Seat #3 is the button
Seat 1: MariusPari (300)
Seat 2: Ayze74 (300)
Seat 3: MathisKcr (300)
*** ANTE/BLINDS ***
MariusPari posts small blind 10
Ayze74 posts big blind 20
Dealt to MathisKcr [3d 2d]
*** PRE-FLOP *** 
MathisKcr folds
MariusPari calls 10
Ayze74 checks
*** FLOP *** [7c 6d Jd]
MariusPari checks
Ayze74 bets 26
MariusPari calls 26
*** TURN *** [7c 6d Jd][9s]
MariusPari bets 20
Ayze74 raises 33 to 53
MariusPari calls 33
*** RIVER *** [7c 6d Jd 9s][8s]
MariusPari checks
Ayze74 bets 129
MariusPari calls 129
*** SHOW DOWN ***
Ayze74 shows [Jc 9d] (Two pairs : Jacks and 9)
MariusPari shows [5s 6c] (Straight 9 high)
MariusPari collected 456 from pot
*** SUMMARY ***
Total pot 456 | No rake
Board: [7c 6d Jd 9s 8s]
Seat 1: MariusPari (small blind) showed [5s 6c] and won 456 with Straight 9 high
Seat 2: Ayze74 (big blind) showed [Jc 9d] and lost with Two pairs : Jacks and 9


Winamax Poker - Tournament "Expresso Nitro" buyIn: 0.93€ + 0.07€ level: 1 - HandId: #4670900169896624129-2-1774889909 - Holdem no limit (10/20) - 2026/03/30 16:58:29 UTC
Table: 'Expresso Nitro(1087528693)#0' 3-max (real money) Seat #1 is the button
Seat 1: MariusPari (528)
Seat 2: Ayze74 (72)
Seat 3: MathisKcr (300)
*** ANTE/BLINDS ***
Ayze74 posts small blind 10
MathisKcr posts big blind 20
Dealt to MathisKcr [2c 4d]
*** PRE-FLOP *** 
MariusPari calls 20
Ayze74 raises 52 to 72 and is all-in
MathisKcr folds
MariusPari folds
Ayze74 collected 112 from pot
*** SUMMARY ***
Total pot 112 | No rake
Seat 2: Ayze74 (small blind) won 112


Winamax Poker - Tournament "Expresso Nitro" buyIn: 0.93€ + 0.07€ level: 1 - HandId: #4670900169896624129-3-1774889926 - Holdem no limit (10/20) - 2026/03/30 16:58:46 UTC
Table: 'Expresso Nitro(1087528693)#0' 3-max (real money) Seat #2 is the button
Seat 1: MariusPari (508)
Seat 2: Ayze74 (112)
Seat 3: MathisKcr (280)
*** ANTE/BLINDS ***
MathisKcr posts small blind 10
MariusPari posts big blind 20
Dealt to MathisKcr [3c 4c]
*** PRE-FLOP *** 
Ayze74 raises 92 to 112 and is all-in
MathisKcr folds
MariusPari calls 92
*** FLOP *** [5s Tc Qs]
*** TURN *** [5s Tc Qs][6c]
*** RIVER *** [5s Tc Qs 6c][Js]
*** SHOW DOWN ***
MariusPari shows [9d Qd] (One pair : Queens)
Ayze74 shows [Qh Th] (Two pairs : Queens and Tens)
Ayze74 collected 234 from pot
*** SUMMARY ***
Total pot 234 | No rake
Board: [5s Tc Qs 6c Js]
Seat 1: MariusPari (big blind) showed [9d Qd] and lost with One pair : Queens
Seat 2: Ayze74 (button) showed [Qh Th] and won 234 with Two pairs : Queens and Tens


Winamax Poker - Tournament "Expresso Nitro" buyIn: 0.93€ + 0.07€ level: 2 - HandId: #4670900169896624129-4-1774889943 - Holdem no limit (15/30) - 2026/03/30 16:59:03 UTC
Table: 'Expresso Nitro(1087528693)#0' 3-max (real money) Seat #3 is the button
Seat 1: MariusPari (396)
Seat 2: Ayze74 (234)
Seat 3: MathisKcr (270)
*** ANTE/BLINDS ***
MariusPari posts small blind 15
Ayze74 posts big blind 30
Dealt to MathisKcr [2c Js]
*** PRE-FLOP *** 
MathisKcr folds
MariusPari calls 15
Ayze74 checks
*** FLOP *** [Qc 6c Jh]
MariusPari checks
Ayze74 bets 30
MariusPari folds
Ayze74 collected 90 from pot
*** SUMMARY ***
Total pot 90 | No rake
Board: [Qc 6c Jh]
Seat 2: Ayze74 (big blind) won 90


Winamax Poker - Tournament "Expresso Nitro" buyIn: 0.93€ + 0.07€ level: 2 - HandId: #4670900169896624129-5-1774889960 - Holdem no limit (15/30) - 2026/03/30 16:59:20 UTC
Table: 'Expresso Nitro(1087528693)#0' 3-max (real money) Seat #1 is the button
Seat 1: MariusPari (366)
Seat 2: Ayze74 (264)
Seat 3: MathisKcr (270)
*** ANTE/BLINDS ***
Ayze74 posts small blind 15
MathisKcr posts big blind 30
Dealt to MathisKcr [7d Qs]
*** PRE-FLOP *** 
MariusPari calls 30
Ayze74 raises 60 to 90
MathisKcr calls 60
MariusPari calls 60
*** FLOP *** [8d Th Kd]
Ayze74 bets 174 and is all-in
MathisKcr folds
MariusPari calls 174
*** TURN *** [8d Th Kd][As]
*** RIVER *** [8d Th Kd As][2d]
*** SHOW DOWN ***
Ayze74 shows [Jd Ac] (One pair : Aces)
MariusPari shows [8h 8c] (Trips of 8)
MariusPari collected 618 from pot
*** SUMMARY ***
Total pot 618 | No rake
Board: [8d Th Kd As 2d]
Seat 1: MariusPari (button) showed [8h 8c] and won 618 with Trips of 8
Seat 2: Ayze74 (small blind) showed [Jd Ac] and lost with One pair : Aces


Winamax Poker - Tournament "Expresso Nitro" buyIn: 0.93€ + 0.07€ level: 2 - HandId: #4670900169896624129-6-1774889987 - Holdem no limit (15/30) - 2026/03/30 16:59:47 UTC
Table: 'Expresso Nitro(1087528693)#0' 3-max (real money) Seat #3 is the button
Seat 1: MariusPari (720)
Seat 3: MathisKcr (180)
*** ANTE/BLINDS ***
MathisKcr posts small blind 15
MariusPari posts big blind 30
Dealt to MathisKcr [2c Ac]
*** PRE-FLOP *** 
MathisKcr raises 150 to 180 and is all-in
MariusPari calls 150
*** FLOP *** [6s Tc 3c]
*** TURN *** [6s Tc 3c][7d]
*** RIVER *** [6s Tc 3c 7d][Qd]
*** SHOW DOWN ***
MathisKcr shows [2c Ac] (High card : Ace)
MariusPari shows [Ad Qc] (One pair : Queens)
MariusPari collected 360 from pot
*** SUMMARY ***
Total pot 360 | No rake
Board: [6s Tc 3c 7d Qd]
Seat 1: MariusPari (big blind) showed [Ad Qc] and won 360 with One pair : Queens
Seat 3: MathisKcr (small blind) (button) showed [2c Ac] and lost with High card : Ace


