Winamax Poker - Tournament "Expresso Nitro" buyIn: 0.93€ + 0.07€ level: 1 - HandId: #4667166176869089281-1-1774734030 - Holdem no limit (10/20) - 2026/03/28 21:40:30 UTC
Table: 'Expresso Nitro(1086659305)#0' 3-max (real money) Seat #1 is the button
Seat 1: To0MaSw13 (300)
Seat 2: Dinguerie212 (300)
Seat 3: MathisKcr (300)
*** ANTE/BLINDS ***
Dinguerie212 posts small blind 10
MathisKcr posts big blind 20
Dealt to MathisKcr [Ad Kc]
*** PRE-FLOP *** 
To0MaSw13 calls 20
Dinguerie212 calls 10
MathisKcr raises 280 to 300 and is all-in
To0MaSw13 folds
Dinguerie212 folds
MathisKcr collected 340 from pot
*** SUMMARY ***
Total pot 340 | No rake
Seat 3: MathisKcr (big blind) won 340


Winamax Poker - Tournament "Expresso Nitro" buyIn: 0.93€ + 0.07€ level: 1 - HandId: #4667166176869089281-2-1774734049 - Holdem no limit (10/20) - 2026/03/28 21:40:49 UTC
Table: 'Expresso Nitro(1086659305)#0' 3-max (real money) Seat #2 is the button
Seat 1: To0MaSw13 (280)
Seat 2: Dinguerie212 (280)
Seat 3: MathisKcr (340)
*** ANTE/BLINDS ***
MathisKcr posts small blind 10
To0MaSw13 posts big blind 20
Dealt to MathisKcr [Kh Ad]
*** PRE-FLOP *** 
Dinguerie212 folds
MathisKcr raises 320 to 340 and is all-in
To0MaSw13 folds
MathisKcr collected 360 from pot
*** SUMMARY ***
Total pot 360 | No rake
Seat 3: MathisKcr (small blind) won 360


Winamax Poker - Tournament "Expresso Nitro" buyIn: 0.93€ + 0.07€ level: 1 - HandId: #4667166176869089281-3-1774734055 - Holdem no limit (10/20) - 2026/03/28 21:40:55 UTC
Table: 'Expresso Nitro(1086659305)#0' 3-max (real money) Seat #3 is the button
Seat 1: To0MaSw13 (260)
Seat 2: Dinguerie212 (280)
Seat 3: MathisKcr (360)
*** ANTE/BLINDS ***
To0MaSw13 posts small blind 10
Dinguerie212 posts big blind 20
Dealt to MathisKcr [8c Qd]
*** PRE-FLOP *** 
MathisKcr raises 20 to 40
To0MaSw13 folds
Dinguerie212 raises 240 to 280 and is all-in
MathisKcr folds
Dinguerie212 collected 330 from pot
*** SUMMARY ***
Total pot 330 | No rake
Seat 2: Dinguerie212 (big blind) won 330


Winamax Poker - Tournament "Expresso Nitro" buyIn: 0.93€ + 0.07€ level: 1 - HandId: #4667166176869089281-4-1774734072 - Holdem no limit (10/20) - 2026/03/28 21:41:12 UTC
Table: 'Expresso Nitro(1086659305)#0' 3-max (real money) Seat #1 is the button
Seat 1: To0MaSw13 (250)
Seat 2: Dinguerie212 (330)
Seat 3: MathisKcr (320)
*** ANTE/BLINDS ***
Dinguerie212 posts small blind 10
MathisKcr posts big blind 20
Dealt to MathisKcr [2c 5h]
*** PRE-FLOP *** 
To0MaSw13 folds
Dinguerie212 folds
MathisKcr collected 30 from pot
*** SUMMARY ***
Total pot 30 | No rake
Seat 3: MathisKcr (big blind) won 30


Winamax Poker - Tournament "Expresso Nitro" buyIn: 0.93€ + 0.07€ level: 1 - HandId: #4667166176869089281-5-1774734077 - Holdem no limit (10/20) - 2026/03/28 21:41:17 UTC
Table: 'Expresso Nitro(1086659305)#0' 3-max (real money) Seat #2 is the button
Seat 1: To0MaSw13 (250)
Seat 2: Dinguerie212 (320)
Seat 3: MathisKcr (330)
*** ANTE/BLINDS ***
MathisKcr posts small blind 10
To0MaSw13 posts big blind 20
Dealt to MathisKcr [Qh 5h]
*** PRE-FLOP *** 
Dinguerie212 folds
MathisKcr raises 310 to 330 and is all-in
To0MaSw13 folds
MathisKcr collected 350 from pot
*** SUMMARY ***
Total pot 350 | No rake
Seat 3: MathisKcr (small blind) won 350


Winamax Poker - Tournament "Expresso Nitro" buyIn: 0.93€ + 0.07€ level: 2 - HandId: #4667166176869089281-6-1774734088 - Holdem no limit (15/30) - 2026/03/28 21:41:28 UTC
Table: 'Expresso Nitro(1086659305)#0' 3-max (real money) Seat #3 is the button
Seat 1: To0MaSw13 (230)
Seat 2: Dinguerie212 (320)
Seat 3: MathisKcr (350)
*** ANTE/BLINDS ***
To0MaSw13 posts small blind 15
Dinguerie212 posts big blind 30
Dealt to MathisKcr [5h Kh]
*** PRE-FLOP *** 
MathisKcr raises 320 to 350 and is all-in
To0MaSw13 folds
Dinguerie212 folds
MathisKcr collected 395 from pot
*** SUMMARY ***
Total pot 395 | No rake
Seat 3: MathisKcr (button) won 395


Winamax Poker - Tournament "Expresso Nitro" buyIn: 0.93€ + 0.07€ level: 2 - HandId: #4667166176869089281-7-1774734102 - Holdem no limit (15/30) - 2026/03/28 21:41:42 UTC
Table: 'Expresso Nitro(1086659305)#0' 3-max (real money) Seat #1 is the button
Seat 1: To0MaSw13 (215)
Seat 2: Dinguerie212 (290)
Seat 3: MathisKcr (395)
*** ANTE/BLINDS ***
Dinguerie212 posts small blind 15
MathisKcr posts big blind 30
Dealt to MathisKcr [Js 4c]
*** PRE-FLOP *** 
To0MaSw13 folds
Dinguerie212 folds
MathisKcr collected 45 from pot
*** SUMMARY ***
Total pot 45 | No rake
Seat 3: MathisKcr (big blind) won 45


Winamax Poker - Tournament "Expresso Nitro" buyIn: 0.93€ + 0.07€ level: 2 - HandId: #4667166176869089281-8-1774734107 - Holdem no limit (15/30) - 2026/03/28 21:41:47 UTC
Table: 'Expresso Nitro(1086659305)#0' 3-max (real money) Seat #2 is the button
Seat 1: To0MaSw13 (215)
Seat 2: Dinguerie212 (275)
Seat 3: MathisKcr (410)
*** ANTE/BLINDS ***
MathisKcr posts small blind 15
To0MaSw13 posts big blind 30
Dealt to MathisKcr [Kh 4h]
*** PRE-FLOP *** 
Dinguerie212 raises 245 to 275 and is all-in
MathisKcr folds
To0MaSw13 folds
Dinguerie212 collected 320 from pot
*** SUMMARY ***
Total pot 320 | No rake
Seat 2: Dinguerie212 (button) won 320


Winamax Poker - Tournament "Expresso Nitro" buyIn: 0.93€ + 0.07€ level: 2 - HandId: #4667166176869089281-9-1774734117 - Holdem no limit (15/30) - 2026/03/28 21:41:57 UTC
Table: 'Expresso Nitro(1086659305)#0' 3-max (real money) Seat #3 is the button
Seat 1: To0MaSw13 (185)
Seat 2: Dinguerie212 (320)
Seat 3: MathisKcr (395)
*** ANTE/BLINDS ***
To0MaSw13 posts small blind 15
Dinguerie212 posts big blind 30
Dealt to MathisKcr [8s 5h]
*** PRE-FLOP *** 
MathisKcr folds
To0MaSw13 raises 30 to 60
Dinguerie212 folds
To0MaSw13 collected 90 from pot
*** SUMMARY ***
Total pot 90 | No rake
Seat 1: To0MaSw13 (small blind) won 90


Winamax Poker - Tournament "Expresso Nitro" buyIn: 0.93€ + 0.07€ level: 2 - HandId: #4667166176869089281-10-1774734124 - Holdem no limit (15/30) - 2026/03/28 21:42:04 UTC
Table: 'Expresso Nitro(1086659305)#0' 3-max (real money) Seat #1 is the button
Seat 1: To0MaSw13 (215)
Seat 2: Dinguerie212 (290)
Seat 3: MathisKcr (395)
*** ANTE/BLINDS ***
Dinguerie212 posts small blind 15
MathisKcr posts big blind 30
Dealt to MathisKcr [Td Kc]
*** PRE-FLOP *** 
To0MaSw13 folds
Dinguerie212 folds
MathisKcr collected 45 from pot
*** SUMMARY ***
Total pot 45 | No rake
Seat 3: MathisKcr (big blind) won 45


Winamax Poker - Tournament "Expresso Nitro" buyIn: 0.93€ + 0.07€ level: 2 - HandId: #4667166176869089281-11-1774734129 - Holdem no limit (15/30) - 2026/03/28 21:42:09 UTC
Table: 'Expresso Nitro(1086659305)#0' 3-max (real money) Seat #2 is the button
Seat 1: To0MaSw13 (215)
Seat 2: Dinguerie212 (275)
Seat 3: MathisKcr (410)
*** ANTE/BLINDS ***
MathisKcr posts small blind 15
To0MaSw13 posts big blind 30
Dealt to MathisKcr [9c Ks]
*** PRE-FLOP *** 
Dinguerie212 folds
MathisKcr raises 380 to 410 and is all-in
To0MaSw13 calls 185 and is all-in
*** FLOP *** [2d 8s 6h]
*** TURN *** [2d 8s 6h][Qs]
*** RIVER *** [2d 8s 6h Qs][7c]
*** SHOW DOWN ***
To0MaSw13 shows [Th As] (High card : Ace)
MathisKcr shows [9c Ks] (High card : King)
MathisKcr collected 195 from side pot 1
To0MaSw13 collected 430 from main pot
*** SUMMARY ***
Total pot 625 | No rake
Board: [2d 8s 6h Qs 7c]
Seat 1: To0MaSw13 (big blind) showed [Th As] and won 430 with High card : Ace
Seat 3: MathisKcr (small blind) showed [9c Ks] and won 195 with High card : King


Winamax Poker - Tournament "Expresso Nitro" buyIn: 0.93€ + 0.07€ level: 2 - HandId: #4667166176869089281-12-1774734142 - Holdem no limit (15/30) - 2026/03/28 21:42:22 UTC
Table: 'Expresso Nitro(1086659305)#0' 3-max (real money) Seat #3 is the button
Seat 1: To0MaSw13 (430)
Seat 2: Dinguerie212 (275)
Seat 3: MathisKcr (195)
*** ANTE/BLINDS ***
To0MaSw13 posts small blind 15
Dinguerie212 posts big blind 30
Dealt to MathisKcr [3c Kc]
*** PRE-FLOP *** 
MathisKcr raises 165 to 195 and is all-in
To0MaSw13 folds
Dinguerie212 folds
MathisKcr collected 240 from pot
*** SUMMARY ***
Total pot 240 | No rake
Seat 3: MathisKcr (button) won 240


Winamax Poker - Tournament "Expresso Nitro" buyIn: 0.93€ + 0.07€ level: 3 - HandId: #4667166176869089281-13-1774734153 - Holdem no limit (20/40) - 2026/03/28 21:42:33 UTC
Table: 'Expresso Nitro(1086659305)#0' 3-max (real money) Seat #1 is the button
Seat 1: To0MaSw13 (415)
Seat 2: Dinguerie212 (245)
Seat 3: MathisKcr (240)
*** ANTE/BLINDS ***
Dinguerie212 posts small blind 20
MathisKcr posts big blind 40
Dealt to MathisKcr [2s 6h]
*** PRE-FLOP *** 
To0MaSw13 folds
Dinguerie212 folds
MathisKcr collected 60 from pot
*** SUMMARY ***
Total pot 60 | No rake
Seat 3: MathisKcr (big blind) won 60


Winamax Poker - Tournament "Expresso Nitro" buyIn: 0.93€ + 0.07€ level: 3 - HandId: #4667166176869089281-14-1774734157 - Holdem no limit (20/40) - 2026/03/28 21:42:37 UTC
Table: 'Expresso Nitro(1086659305)#0' 3-max (real money) Seat #2 is the button
Seat 1: To0MaSw13 (415)
Seat 2: Dinguerie212 (225)
Seat 3: MathisKcr (260)
*** ANTE/BLINDS ***
MathisKcr posts small blind 20
To0MaSw13 posts big blind 40
Dealt to MathisKcr [3h Ah]
*** PRE-FLOP *** 
Dinguerie212 folds
MathisKcr raises 220 to 260 and is all-in
To0MaSw13 folds
MathisKcr collected 300 from pot
*** SUMMARY ***
Total pot 300 | No rake
Seat 3: MathisKcr (small blind) won 300


Winamax Poker - Tournament "Expresso Nitro" buyIn: 0.93€ + 0.07€ level: 3 - HandId: #4667166176869089281-15-1774734167 - Holdem no limit (20/40) - 2026/03/28 21:42:47 UTC
Table: 'Expresso Nitro(1086659305)#0' 3-max (real money) Seat #3 is the button
Seat 1: To0MaSw13 (375)
Seat 2: Dinguerie212 (225)
Seat 3: MathisKcr (300)
*** ANTE/BLINDS ***
To0MaSw13 posts small blind 20
Dinguerie212 posts big blind 40
Dealt to MathisKcr [As 9c]
*** PRE-FLOP *** 
MathisKcr raises 260 to 300 and is all-in
To0MaSw13 folds
Dinguerie212 calls 185 and is all-in
*** FLOP *** [5c Ks Ad]
*** TURN *** [5c Ks Ad][3s]
*** RIVER *** [5c Ks Ad 3s][Jd]
*** SHOW DOWN ***
Dinguerie212 shows [7c Kh] (One pair : Kings)
MathisKcr shows [As 9c] (One pair : Aces)
MathisKcr collected 545 from pot
*** SUMMARY ***
Total pot 545 | No rake
Board: [5c Ks Ad 3s Jd]
Seat 2: Dinguerie212 (big blind) showed [7c Kh] and lost with One pair : Kings
Seat 3: MathisKcr (button) showed [As 9c] and won 545 with One pair : Aces


Winamax Poker - Tournament "Expresso Nitro" buyIn: 0.93€ + 0.07€ level: 3 - HandId: #4667166176869089281-16-1774734180 - Holdem no limit (20/40) - 2026/03/28 21:43:00 UTC
Table: 'Expresso Nitro(1086659305)#0' 3-max (real money) Seat #3 is the button
Seat 1: To0MaSw13 (355)
Seat 3: MathisKcr (545)
*** ANTE/BLINDS ***
MathisKcr posts small blind 20
To0MaSw13 posts big blind 40
Dealt to MathisKcr [5h 8d]
*** PRE-FLOP *** 
MathisKcr folds
To0MaSw13 collected 60 from pot
*** SUMMARY ***
Total pot 60 | No rake
Seat 1: To0MaSw13 (big blind) won 60


Winamax Poker - Tournament "Expresso Nitro" buyIn: 0.93€ + 0.07€ level: 3 - HandId: #4667166176869089281-17-1774734185 - Holdem no limit (20/40) - 2026/03/28 21:43:05 UTC
Table: 'Expresso Nitro(1086659305)#0' 3-max (real money) Seat #1 is the button
Seat 1: To0MaSw13 (375)
Seat 3: MathisKcr (525)
*** ANTE/BLINDS ***
To0MaSw13 posts small blind 20
MathisKcr posts big blind 40
Dealt to MathisKcr [8c Kd]
*** PRE-FLOP *** 
To0MaSw13 calls 20
MathisKcr raises 485 to 525 and is all-in
To0MaSw13 calls 335 and is all-in
*** FLOP *** [6s Ah 9h]
*** TURN *** [6s Ah 9h][2d]
*** RIVER *** [6s Ah 9h 2d][Ac]
*** SHOW DOWN ***
To0MaSw13 shows [Qc Ks] (One pair : Aces)
MathisKcr shows [8c Kd] (One pair : Aces)
MathisKcr collected 150 from side pot 1
To0MaSw13 collected 750 from main pot
*** SUMMARY ***
Total pot 900 | No rake
Board: [6s Ah 9h 2d Ac]
Seat 1: To0MaSw13 (small blind) (button) showed [Qc Ks] and won 750 with One pair : Aces
Seat 3: MathisKcr (big blind) showed [8c Kd] and won 150 with One pair : Aces


Winamax Poker - Tournament "Expresso Nitro" buyIn: 0.93€ + 0.07€ level: 3 - HandId: #4667166176869089281-18-1774734198 - Holdem no limit (20/40) - 2026/03/28 21:43:18 UTC
Table: 'Expresso Nitro(1086659305)#0' 3-max (real money) Seat #3 is the button
Seat 1: To0MaSw13 (750)
Seat 3: MathisKcr (150)
*** ANTE/BLINDS ***
MathisKcr posts small blind 20
To0MaSw13 posts big blind 40
Dealt to MathisKcr [3h Jh]
*** PRE-FLOP *** 
MathisKcr raises 110 to 150 and is all-in
To0MaSw13 raises 110 to 260
*** FLOP *** [2s 8c 5s]
*** TURN *** [2s 8c 5s][5h]
*** RIVER *** [2s 8c 5s 5h][8h]
*** SHOW DOWN ***
To0MaSw13 shows [3c Jc] (Two pairs : 8 and 5)
MathisKcr shows [3h Jh] (Two pairs : 8 and 5)
MathisKcr collected 150 from main pot
To0MaSw13 collected 260 from side pot 1
*** SUMMARY ***
Total pot 410 | No rake
Board: [2s 8c 5s 5h 8h]
Seat 1: To0MaSw13 (big blind) showed [3c Jc] and won 260 with Two pairs : 8 and 5
Seat 3: MathisKcr (small blind) (button) showed [3h Jh] and won 150 with Two pairs : 8 and 5


Winamax Poker - Tournament "Expresso Nitro" buyIn: 0.93€ + 0.07€ level: 4 - HandId: #4667166176869089281-19-1774734210 - Holdem no limit (30/60) - 2026/03/28 21:43:30 UTC
Table: 'Expresso Nitro(1086659305)#0' 3-max (real money) Seat #1 is the button
Seat 1: To0MaSw13 (750)
Seat 3: MathisKcr (150)
*** ANTE/BLINDS ***
To0MaSw13 posts small blind 30
MathisKcr posts big blind 60
Dealt to MathisKcr [Ac 7s]
*** PRE-FLOP *** 
To0MaSw13 folds
MathisKcr collected 90 from pot
*** SUMMARY ***
Total pot 90 | No rake
Seat 3: MathisKcr (big blind) won 90


Winamax Poker - Tournament "Expresso Nitro" buyIn: 0.93€ + 0.07€ level: 4 - HandId: #4667166176869089281-20-1774734214 - Holdem no limit (30/60) - 2026/03/28 21:43:34 UTC
Table: 'Expresso Nitro(1086659305)#0' 3-max (real money) Seat #3 is the button
Seat 1: To0MaSw13 (720)
Seat 3: MathisKcr (180)
*** ANTE/BLINDS ***
MathisKcr posts small blind 30
To0MaSw13 posts big blind 60
Dealt to MathisKcr [Qh 3c]
*** PRE-FLOP *** 
MathisKcr raises 120 to 180 and is all-in
To0MaSw13 raises 360 to 540
*** FLOP *** [8c 3h 4h]
*** TURN *** [8c 3h 4h][2d]
*** RIVER *** [8c 3h 4h 2d][Kd]
*** SHOW DOWN ***
MathisKcr shows [Qh 3c] (One pair : 3)
To0MaSw13 shows [Ks Jc] (One pair : Kings)
To0MaSw13 collected 720 from pot
*** SUMMARY ***
Total pot 720 | No rake
Board: [8c 3h 4h 2d Kd]
Seat 1: To0MaSw13 (big blind) showed [Ks Jc] and won 720 with One pair : Kings
Seat 3: MathisKcr (small blind) (button) showed [Qh 3c] and lost with One pair : 3


