Winamax Poker - Tournament "Expresso Nitro" buyIn: 0.93€ + 0.07€ level: 1 - HandId: #4689212523172331521-1-1775579343 - Holdem no limit (10/20) - 2026/04/07 16:29:03 UTC
Table: 'Expresso Nitro(1091792370)#0' 3-max (real money) Seat #2 is the button
Seat 1: MathisKcr (300)
Seat 2: Lapin_431806 (300)
Seat 3: Pewis31 (300)
*** ANTE/BLINDS ***
Pewis31 posts small blind 10
MathisKcr posts big blind 20
Dealt to MathisKcr [2c 7d]
*** PRE-FLOP *** 
Lapin_431806 calls 20
Pewis31 calls 10
MathisKcr checks
*** FLOP *** [Ac 8d As]
Pewis31 checks
MathisKcr checks
Lapin_431806 checks
*** TURN *** [Ac 8d As][6c]
Pewis31 checks
MathisKcr checks
Lapin_431806 checks
*** RIVER *** [Ac 8d As 6c][4c]
Pewis31 checks
MathisKcr checks
Lapin_431806 bets 60
Pewis31 calls 60
MathisKcr folds
*** SHOW DOWN ***
Pewis31 shows [6d 2d] (Two pairs : Aces and 6)
Lapin_431806 shows [Ad 6h] (Full of Aces and 6)
Lapin_431806 collected 180 from pot
*** SUMMARY ***
Total pot 180 | No rake
Board: [Ac 8d As 6c 4c]
Seat 2: Lapin_431806 (button) showed [Ad 6h] and won 180 with Full of Aces and 6
Seat 3: Pewis31 (small blind) showed [6d 2d] and lost with Two pairs : Aces and 6


Winamax Poker - Tournament "Expresso Nitro" buyIn: 0.93€ + 0.07€ level: 2 - HandId: #4689212523172331521-2-1775579401 - Holdem no limit (15/30) - 2026/04/07 16:30:01 UTC
Table: 'Expresso Nitro(1091792370)#0' 3-max (real money) Seat #3 is the button
Seat 1: MathisKcr (280)
Seat 2: Lapin_431806 (400)
Seat 3: Pewis31 (220)
*** ANTE/BLINDS ***
MathisKcr posts small blind 15
Lapin_431806 posts big blind 30
Dealt to MathisKcr [9s 5c]
*** PRE-FLOP *** 
Pewis31 calls 30
MathisKcr folds
Lapin_431806 checks
*** FLOP *** [3s Qs 5d]
Lapin_431806 checks
Pewis31 checks
*** TURN *** [3s Qs 5d][8h]
Lapin_431806 checks
Pewis31 checks
*** RIVER *** [3s Qs 5d 8h][Ac]
Lapin_431806 checks
Pewis31 checks
*** SHOW DOWN ***
Pewis31 shows [Kh 5h] (One pair : 5)
Lapin_431806 shows [Tc Ad] (One pair : Aces)
Lapin_431806 collected 75 from pot
*** SUMMARY ***
Total pot 75 | No rake
Board: [3s Qs 5d 8h Ac]
Seat 2: Lapin_431806 (big blind) showed [Tc Ad] and won 75 with One pair : Aces
Seat 3: Pewis31 (button) showed [Kh 5h] and lost with One pair : 5


Winamax Poker - Tournament "Expresso Nitro" buyIn: 0.93€ + 0.07€ level: 2 - HandId: #4689212523172331521-3-1775579437 - Holdem no limit (15/30) - 2026/04/07 16:30:37 UTC
Table: 'Expresso Nitro(1091792370)#0' 3-max (real money) Seat #1 is the button
Seat 1: MathisKcr (265)
Seat 2: Lapin_431806 (445)
Seat 3: Pewis31 (190)
*** ANTE/BLINDS ***
Lapin_431806 posts small blind 15
Pewis31 posts big blind 30
Dealt to MathisKcr [5d Kh]
*** PRE-FLOP *** 
MathisKcr raises 235 to 265 and is all-in
Lapin_431806 folds
Pewis31 folds
MathisKcr collected 310 from pot
*** SUMMARY ***
Total pot 310 | No rake
Seat 1: MathisKcr (button) won 310


Winamax Poker - Tournament "Expresso Nitro" buyIn: 0.93€ + 0.07€ level: 2 - HandId: #4689212523172331521-4-1775579450 - Holdem no limit (15/30) - 2026/04/07 16:30:50 UTC
Table: 'Expresso Nitro(1091792370)#0' 3-max (real money) Seat #2 is the button
Seat 1: MathisKcr (310)
Seat 2: Lapin_431806 (430)
Seat 3: Pewis31 (160)
*** ANTE/BLINDS ***
Pewis31 posts small blind 15
MathisKcr posts big blind 30
Dealt to MathisKcr [Jd Qd]
*** PRE-FLOP *** 
Lapin_431806 calls 30
Pewis31 folds
MathisKcr raises 280 to 310 and is all-in
Lapin_431806 calls 280
*** FLOP *** [Ac 3d Kh]
*** TURN *** [Ac 3d Kh][4s]
*** RIVER *** [Ac 3d Kh 4s][2c]
*** SHOW DOWN ***
Lapin_431806 shows [Ts Qc] (High card : Ace)
MathisKcr shows [Jd Qd] (High card : Ace)
MathisKcr collected 635 from pot
*** SUMMARY ***
Total pot 635 | No rake
Board: [Ac 3d Kh 4s 2c]
Seat 1: MathisKcr (big blind) showed [Jd Qd] and won 635 with High card : Ace
Seat 2: Lapin_431806 (button) showed [Ts Qc] and lost with High card : Ace


Winamax Poker - Tournament "Expresso Nitro" buyIn: 0.93€ + 0.07€ level: 3 - HandId: #4689212523172331521-5-1775579468 - Holdem no limit (20/40) - 2026/04/07 16:31:08 UTC
Table: 'Expresso Nitro(1091792370)#0' 3-max (real money) Seat #3 is the button
Seat 1: MathisKcr (635)
Seat 2: Lapin_431806 (120)
Seat 3: Pewis31 (145)
*** ANTE/BLINDS ***
MathisKcr posts small blind 20
Lapin_431806 posts big blind 40
Dealt to MathisKcr [3d 8h]
*** PRE-FLOP *** 
Pewis31 calls 40
MathisKcr folds
Lapin_431806 checks
*** FLOP *** [2s 5s 7h]
Lapin_431806 checks
Pewis31 checks
*** TURN *** [2s 5s 7h][Ad]
Lapin_431806 checks
Pewis31 checks
*** RIVER *** [2s 5s 7h Ad][6h]
Lapin_431806 checks
Pewis31 checks
*** SHOW DOWN ***
Pewis31 shows [Ks 4d] (High card : Ace)
Lapin_431806 shows [9d 2c] (One pair : 2)
Lapin_431806 collected 100 from pot
*** SUMMARY ***
Total pot 100 | No rake
Board: [2s 5s 7h Ad 6h]
Seat 2: Lapin_431806 (big blind) showed [9d 2c] and won 100 with One pair : 2
Seat 3: Pewis31 (button) showed [Ks 4d] and lost with High card : Ace


Winamax Poker - Tournament "Expresso Nitro" buyIn: 0.93€ + 0.07€ level: 3 - HandId: #4689212523172331521-6-1775579491 - Holdem no limit (20/40) - 2026/04/07 16:31:31 UTC
Table: 'Expresso Nitro(1091792370)#0' 3-max (real money) Seat #1 is the button
Seat 1: MathisKcr (615)
Seat 2: Lapin_431806 (180)
Seat 3: Pewis31 (105)
*** ANTE/BLINDS ***
Lapin_431806 posts small blind 20
Pewis31 posts big blind 40
Dealt to MathisKcr [4s 8s]
*** PRE-FLOP *** 
MathisKcr folds
Lapin_431806 raises 40 to 80
Pewis31 calls 40
*** FLOP *** [6s 8c Ac]
Lapin_431806 bets 40
Pewis31 calls 25 and is all-in
*** TURN *** [6s 8c Ac][5d]
*** RIVER *** [6s 8c Ac 5d][3d]
*** SHOW DOWN ***
Lapin_431806 shows [Kh 4c] (High card : Ace)
Pewis31 shows [Jh Jc] (One pair : Jacks)
Pewis31 collected 210 from main pot
Lapin_431806 collected 15 from side pot 1
*** SUMMARY ***
Total pot 225 | No rake
Board: [6s 8c Ac 5d 3d]
Seat 2: Lapin_431806 (small blind) showed [Kh 4c] and won 15 with High card : Ace
Seat 3: Pewis31 (big blind) showed [Jh Jc] and won 210 with One pair : Jacks


Winamax Poker - Tournament "Expresso Nitro" buyIn: 0.93€ + 0.07€ level: 3 - HandId: #4689212523172331521-7-1775579506 - Holdem no limit (20/40) - 2026/04/07 16:31:46 UTC
Table: 'Expresso Nitro(1091792370)#0' 3-max (real money) Seat #2 is the button
Seat 1: MathisKcr (615)
Seat 2: Lapin_431806 (75)
Seat 3: Pewis31 (210)
*** ANTE/BLINDS ***
Pewis31 posts small blind 20
MathisKcr posts big blind 40
Dealt to MathisKcr [4h Qh]
*** PRE-FLOP *** 
Lapin_431806 folds
Pewis31 calls 20
MathisKcr raises 575 to 615 and is all-in
Pewis31 folds
MathisKcr collected 655 from pot
*** SUMMARY ***
Total pot 655 | No rake
Seat 1: MathisKcr (big blind) won 655


Winamax Poker - Tournament "Expresso Nitro" buyIn: 0.93€ + 0.07€ level: 4 - HandId: #4689212523172331521-8-1775579529 - Holdem no limit (30/60) - 2026/04/07 16:32:09 UTC
Table: 'Expresso Nitro(1091792370)#0' 3-max (real money) Seat #3 is the button
Seat 1: MathisKcr (655)
Seat 2: Lapin_431806 (75)
Seat 3: Pewis31 (170)
*** ANTE/BLINDS ***
MathisKcr posts small blind 30
Lapin_431806 posts big blind 60
Dealt to MathisKcr [Qs 6s]
*** PRE-FLOP *** 
Pewis31 calls 60
MathisKcr raises 595 to 655 and is all-in
Lapin_431806 calls 15 and is all-in
Pewis31 calls 110 and is all-in
*** FLOP *** [Qd 8s 7c]
*** TURN *** [Qd 8s 7c][6h]
*** RIVER *** [Qd 8s 7c 6h][6d]
*** SHOW DOWN ***
Lapin_431806 shows [2s 9c] (One pair : 6)
Pewis31 shows [7h Jh] (Two pairs : 7 and 6)
MathisKcr shows [Qs 6s] (Full of 6 and Queens)
MathisKcr collected 900 from pot
*** SUMMARY ***
Total pot 900 | No rake
Board: [Qd 8s 7c 6h 6d]
Seat 1: MathisKcr (small blind) showed [Qs 6s] and won 900 with Full of 6 and Queens
Seat 2: Lapin_431806 (big blind) showed [2s 9c] and lost with One pair : 6
Seat 3: Pewis31 (button) showed [7h Jh] and lost with Two pairs : 7 and 6


