Winamax Poker - Tournament "Expresso Nitro" buyIn: 0.93€ + 0.07€ level: 1 - HandId: #4659506068336934913-1-1774431483 - Holdem no limit (10/20) - 2026/03/25 09:38:03 UTC
Table: 'Expresso Nitro(1084875797)#0' 3-max (real money) Seat #2 is the button
Seat 1: MathisKcr (300)
Seat 2: JoePesci63 (300)
Seat 3: Morgan13-5 (300)
*** ANTE/BLINDS ***
Morgan13-5 posts small blind 10
MathisKcr posts big blind 20
Dealt to MathisKcr [5d Qh]
*** PRE-FLOP *** 
JoePesci63 folds
Morgan13-5 folds
MathisKcr collected 30 from pot
*** SUMMARY ***
Total pot 30 | No rake
Seat 1: MathisKcr (big blind) won 30


Winamax Poker - Tournament "Expresso Nitro" buyIn: 0.93€ + 0.07€ level: 1 - HandId: #4659506068336934913-2-1774431489 - Holdem no limit (10/20) - 2026/03/25 09:38:09 UTC
Table: 'Expresso Nitro(1084875797)#0' 3-max (real money) Seat #3 is the button
Seat 1: MathisKcr (310)
Seat 2: JoePesci63 (300)
Seat 3: Morgan13-5 (290)
*** ANTE/BLINDS ***
MathisKcr posts small blind 10
JoePesci63 posts big blind 20
Dealt to MathisKcr [Qh 4d]
*** PRE-FLOP *** 
Morgan13-5 folds
MathisKcr calls 10
JoePesci63 checks
*** FLOP *** [Ks 8d 9h]
MathisKcr checks
JoePesci63 bets 20
MathisKcr folds
JoePesci63 collected 60 from pot
*** SUMMARY ***
Total pot 60 | No rake
Board: [Ks 8d 9h]
Seat 2: JoePesci63 (big blind) won 60


Winamax Poker - Tournament "Expresso Nitro" buyIn: 0.93€ + 0.07€ level: 1 - HandId: #4659506068336934913-3-1774431533 - Holdem no limit (10/20) - 2026/03/25 09:38:53 UTC
Table: 'Expresso Nitro(1084875797)#0' 3-max (real money) Seat #1 is the button
Seat 1: MathisKcr (290)
Seat 2: JoePesci63 (320)
Seat 3: Morgan13-5 (290)
*** ANTE/BLINDS ***
JoePesci63 posts small blind 10
Morgan13-5 posts big blind 20
Dealt to MathisKcr [9d 8s]
*** PRE-FLOP *** 
MathisKcr raises 40 to 60
JoePesci63 calls 50
Morgan13-5 folds
*** FLOP *** [5h 6s 5d]
JoePesci63 checks
MathisKcr bets 49
JoePesci63 folds
MathisKcr collected 189 from pot
*** SUMMARY ***
Total pot 189 | No rake
Board: [5h 6s 5d]
Seat 1: MathisKcr (button) won 189


Winamax Poker - Tournament "Expresso Nitro" buyIn: 0.93€ + 0.07€ level: 2 - HandId: #4659506068336934913-4-1774431558 - Holdem no limit (15/30) - 2026/03/25 09:39:18 UTC
Table: 'Expresso Nitro(1084875797)#0' 3-max (real money) Seat #2 is the button
Seat 1: MathisKcr (370)
Seat 2: JoePesci63 (260)
Seat 3: Morgan13-5 (270)
*** ANTE/BLINDS ***
Morgan13-5 posts small blind 15
MathisKcr posts big blind 30
Dealt to MathisKcr [8c 7c]
*** PRE-FLOP *** 
JoePesci63 folds
Morgan13-5 folds
MathisKcr collected 45 from pot
*** SUMMARY ***
Total pot 45 | No rake
Seat 1: MathisKcr (big blind) won 45


Winamax Poker - Tournament "Expresso Nitro" buyIn: 0.93€ + 0.07€ level: 2 - HandId: #4659506068336934913-5-1774431564 - Holdem no limit (15/30) - 2026/03/25 09:39:24 UTC
Table: 'Expresso Nitro(1084875797)#0' 3-max (real money) Seat #3 is the button
Seat 1: MathisKcr (385)
Seat 2: JoePesci63 (260)
Seat 3: Morgan13-5 (255)
*** ANTE/BLINDS ***
MathisKcr posts small blind 15
JoePesci63 posts big blind 30
Dealt to MathisKcr [Qh 3s]
*** PRE-FLOP *** 
Morgan13-5 raises 45 to 75
MathisKcr folds
JoePesci63 folds
Morgan13-5 collected 120 from pot
*** SUMMARY ***
Total pot 120 | No rake
Seat 3: Morgan13-5 (button) won 120


Winamax Poker - Tournament "Expresso Nitro" buyIn: 0.93€ + 0.07€ level: 2 - HandId: #4659506068336934913-6-1774431573 - Holdem no limit (15/30) - 2026/03/25 09:39:33 UTC
Table: 'Expresso Nitro(1084875797)#0' 3-max (real money) Seat #1 is the button
Seat 1: MathisKcr (370)
Seat 2: JoePesci63 (230)
Seat 3: Morgan13-5 (300)
*** ANTE/BLINDS ***
JoePesci63 posts small blind 15
Morgan13-5 posts big blind 30
Dealt to MathisKcr [6c 6h]
*** PRE-FLOP *** 
MathisKcr folds
JoePesci63 calls 15
Morgan13-5 checks
*** FLOP *** [3s 8h 2c]
JoePesci63 bets 30
Morgan13-5 calls 30
*** TURN *** [3s 8h 2c][Jh]
JoePesci63 checks
Morgan13-5 bets 42
JoePesci63 folds
Morgan13-5 collected 162 from pot
*** SUMMARY ***
Total pot 162 | No rake
Board: [3s 8h 2c Jh]
Seat 3: Morgan13-5 (big blind) won 162


Winamax Poker - Tournament "Expresso Nitro" buyIn: 0.93€ + 0.07€ level: 2 - HandId: #4659506068336934913-7-1774431598 - Holdem no limit (15/30) - 2026/03/25 09:39:58 UTC
Table: 'Expresso Nitro(1084875797)#0' 3-max (real money) Seat #2 is the button
Seat 1: MathisKcr (370)
Seat 2: JoePesci63 (170)
Seat 3: Morgan13-5 (360)
*** ANTE/BLINDS ***
Morgan13-5 posts small blind 15
MathisKcr posts big blind 30
Dealt to MathisKcr [8h Qh]
*** PRE-FLOP *** 
JoePesci63 calls 30
Morgan13-5 folds
MathisKcr checks
*** FLOP *** [2c 9h Ks]
MathisKcr bets 60
JoePesci63 folds
MathisKcr collected 135 from pot
*** SUMMARY ***
Total pot 135 | No rake
Board: [2c 9h Ks]
Seat 1: MathisKcr (big blind) won 135


Winamax Poker - Tournament "Expresso Nitro" buyIn: 0.93€ + 0.07€ level: 3 - HandId: #4659506068336934913-8-1774431627 - Holdem no limit (20/40) - 2026/03/25 09:40:27 UTC
Table: 'Expresso Nitro(1084875797)#0' 3-max (real money) Seat #3 is the button
Seat 1: MathisKcr (415)
Seat 2: JoePesci63 (140)
Seat 3: Morgan13-5 (345)
*** ANTE/BLINDS ***
MathisKcr posts small blind 20
JoePesci63 posts big blind 40
Dealt to MathisKcr [9c 7s]
*** PRE-FLOP *** 
Morgan13-5 raises 305 to 345 and is all-in
MathisKcr folds
JoePesci63 calls 100 and is all-in
*** FLOP *** [6h 4h 8h]
*** TURN *** [6h 4h 8h][Qc]
*** RIVER *** [6h 4h 8h Qc][3h]
*** SHOW DOWN ***
JoePesci63 shows [5s 5c] (One pair : 5)
Morgan13-5 shows [Js Ah] (Flush Ace high)
Morgan13-5 collected 505 from pot
*** SUMMARY ***
Total pot 505 | No rake
Board: [6h 4h 8h Qc 3h]
Seat 2: JoePesci63 (big blind) showed [5s 5c] and lost with One pair : 5
Seat 3: Morgan13-5 (button) showed [Js Ah] and won 505 with Flush Ace high


Winamax Poker - Tournament "Expresso Nitro" buyIn: 0.93€ + 0.07€ level: 3 - HandId: #4659506068336934913-9-1774431646 - Holdem no limit (20/40) - 2026/03/25 09:40:46 UTC
Table: 'Expresso Nitro(1084875797)#0' 3-max (real money) Seat #3 is the button
Seat 1: MathisKcr (395)
Seat 3: Morgan13-5 (505)
*** ANTE/BLINDS ***
Morgan13-5 posts small blind 20
MathisKcr posts big blind 40
Dealt to MathisKcr [6h Kh]
*** PRE-FLOP *** 
Morgan13-5 folds
MathisKcr collected 60 from pot
*** SUMMARY ***
Total pot 60 | No rake
Seat 1: MathisKcr (big blind) won 60


Winamax Poker - Tournament "Expresso Nitro" buyIn: 0.93€ + 0.07€ level: 3 - HandId: #4659506068336934913-10-1774431654 - Holdem no limit (20/40) - 2026/03/25 09:40:54 UTC
Table: 'Expresso Nitro(1084875797)#0' 3-max (real money) Seat #1 is the button
Seat 1: MathisKcr (415)
Seat 3: Morgan13-5 (485)
*** ANTE/BLINDS ***
MathisKcr posts small blind 20
Morgan13-5 posts big blind 40
Dealt to MathisKcr [Ac 6c]
*** PRE-FLOP *** 
MathisKcr raises 375 to 415 and is all-in
Morgan13-5 folds
MathisKcr collected 455 from pot
*** SUMMARY ***
Total pot 455 | No rake
Seat 1: MathisKcr (small blind) (button) won 455


Winamax Poker - Tournament "Expresso Nitro" buyIn: 0.93€ + 0.07€ level: 4 - HandId: #4659506068336934913-11-1774431665 - Holdem no limit (30/60) - 2026/03/25 09:41:05 UTC
Table: 'Expresso Nitro(1084875797)#0' 3-max (real money) Seat #3 is the button
Seat 1: MathisKcr (455)
Seat 3: Morgan13-5 (445)
*** ANTE/BLINDS ***
Morgan13-5 posts small blind 30
MathisKcr posts big blind 60
Dealt to MathisKcr [Kh 9s]
*** PRE-FLOP *** 
Morgan13-5 calls 30
MathisKcr raises 395 to 455 and is all-in
Morgan13-5 folds
MathisKcr collected 515 from pot
*** SUMMARY ***
Total pot 515 | No rake
Seat 1: MathisKcr (big blind) won 515


Winamax Poker - Tournament "Expresso Nitro" buyIn: 0.93€ + 0.07€ level: 4 - HandId: #4659506068336934913-12-1774431688 - Holdem no limit (30/60) - 2026/03/25 09:41:28 UTC
Table: 'Expresso Nitro(1084875797)#0' 3-max (real money) Seat #1 is the button
Seat 1: MathisKcr (515)
Seat 3: Morgan13-5 (385)
*** ANTE/BLINDS ***
MathisKcr posts small blind 30
Morgan13-5 posts big blind 60
Dealt to MathisKcr [3c Qh]
*** PRE-FLOP *** 
MathisKcr calls 30
Morgan13-5 checks
*** FLOP *** [Th 5d 4s]
Morgan13-5 checks
MathisKcr checks
*** TURN *** [Th 5d 4s][Ad]
Morgan13-5 checks
MathisKcr checks
*** RIVER *** [Th 5d 4s Ad][5h]
Morgan13-5 checks
MathisKcr checks
*** SHOW DOWN ***
Morgan13-5 shows [Jd 8h] (One pair : 5)
MathisKcr shows [3c Qh] (One pair : 5)
MathisKcr collected 120 from pot
*** SUMMARY ***
Total pot 120 | No rake
Board: [Th 5d 4s Ad 5h]
Seat 1: MathisKcr (small blind) (button) showed [3c Qh] and won 120 with One pair : 5
Seat 3: Morgan13-5 (big blind) showed [Jd 8h] and lost with One pair : 5


Winamax Poker - Tournament "Expresso Nitro" buyIn: 0.93€ + 0.07€ level: 5 - HandId: #4659506068336934913-13-1774431741 - Holdem no limit (40/80) - 2026/03/25 09:42:21 UTC
Table: 'Expresso Nitro(1084875797)#0' 3-max (real money) Seat #3 is the button
Seat 1: MathisKcr (575)
Seat 3: Morgan13-5 (325)
*** ANTE/BLINDS ***
Morgan13-5 posts small blind 40
MathisKcr posts big blind 80
Dealt to MathisKcr [4s Th]
*** PRE-FLOP *** 
Morgan13-5 raises 245 to 325 and is all-in
MathisKcr folds
Morgan13-5 collected 405 from pot
*** SUMMARY ***
Total pot 405 | No rake
Seat 3: Morgan13-5 (small blind) (button) won 405


Winamax Poker - Tournament "Expresso Nitro" buyIn: 0.93€ + 0.07€ level: 5 - HandId: #4659506068336934913-14-1774431754 - Holdem no limit (40/80) - 2026/03/25 09:42:34 UTC
Table: 'Expresso Nitro(1084875797)#0' 3-max (real money) Seat #1 is the button
Seat 1: MathisKcr (495)
Seat 3: Morgan13-5 (405)
*** ANTE/BLINDS ***
MathisKcr posts small blind 40
Morgan13-5 posts big blind 80
Dealt to MathisKcr [5h 3c]
*** PRE-FLOP *** 
MathisKcr folds
Morgan13-5 collected 120 from pot
*** SUMMARY ***
Total pot 120 | No rake
Seat 3: Morgan13-5 (big blind) won 120


Winamax Poker - Tournament "Expresso Nitro" buyIn: 0.93€ + 0.07€ level: 5 - HandId: #4659506068336934913-15-1774431765 - Holdem no limit (40/80) - 2026/03/25 09:42:45 UTC
Table: 'Expresso Nitro(1084875797)#0' 3-max (real money) Seat #3 is the button
Seat 1: MathisKcr (455)
Seat 3: Morgan13-5 (445)
*** ANTE/BLINDS ***
Morgan13-5 posts small blind 40
MathisKcr posts big blind 80
Dealt to MathisKcr [Js 7d]
*** PRE-FLOP *** 
Morgan13-5 raises 365 to 445 and is all-in
MathisKcr folds
Morgan13-5 collected 525 from pot
*** SUMMARY ***
Total pot 525 | No rake
Seat 3: Morgan13-5 (small blind) (button) won 525


Winamax Poker - Tournament "Expresso Nitro" buyIn: 0.93€ + 0.07€ level: 5 - HandId: #4659506068336934913-16-1774431775 - Holdem no limit (40/80) - 2026/03/25 09:42:55 UTC
Table: 'Expresso Nitro(1084875797)#0' 3-max (real money) Seat #1 is the button
Seat 1: MathisKcr (375)
Seat 3: Morgan13-5 (525)
*** ANTE/BLINDS ***
MathisKcr posts small blind 40
Morgan13-5 posts big blind 80
Dealt to MathisKcr [6c Qd]
*** PRE-FLOP *** 
MathisKcr raises 295 to 375 and is all-in
Morgan13-5 folds
MathisKcr collected 455 from pot
*** SUMMARY ***
Total pot 455 | No rake
Seat 1: MathisKcr (small blind) (button) won 455


Winamax Poker - Tournament "Expresso Nitro" buyIn: 0.93€ + 0.07€ level: 6 - HandId: #4659506068336934913-17-1774431783 - Holdem no limit (50/100) - 2026/03/25 09:43:03 UTC
Table: 'Expresso Nitro(1084875797)#0' 3-max (real money) Seat #3 is the button
Seat 1: MathisKcr (455)
Seat 3: Morgan13-5 (445)
*** ANTE/BLINDS ***
Morgan13-5 posts small blind 50
MathisKcr posts big blind 100
Dealt to MathisKcr [9h 7d]
*** PRE-FLOP *** 
Morgan13-5 folds
MathisKcr collected 150 from pot
*** SUMMARY ***
Total pot 150 | No rake
Seat 1: MathisKcr (big blind) won 150


Winamax Poker - Tournament "Expresso Nitro" buyIn: 0.93€ + 0.07€ level: 6 - HandId: #4659506068336934913-18-1774431790 - Holdem no limit (50/100) - 2026/03/25 09:43:10 UTC
Table: 'Expresso Nitro(1084875797)#0' 3-max (real money) Seat #1 is the button
Seat 1: MathisKcr (505)
Seat 3: Morgan13-5 (395)
*** ANTE/BLINDS ***
MathisKcr posts small blind 50
Morgan13-5 posts big blind 100
Dealt to MathisKcr [5h Kc]
*** PRE-FLOP *** 
MathisKcr raises 405 to 505 and is all-in
Morgan13-5 folds
MathisKcr collected 605 from pot
*** SUMMARY ***
Total pot 605 | No rake
Seat 1: MathisKcr (small blind) (button) won 605


Winamax Poker - Tournament "Expresso Nitro" buyIn: 0.93€ + 0.07€ level: 6 - HandId: #4659506068336934913-19-1774431800 - Holdem no limit (50/100) - 2026/03/25 09:43:20 UTC
Table: 'Expresso Nitro(1084875797)#0' 3-max (real money) Seat #3 is the button
Seat 1: MathisKcr (605)
Seat 3: Morgan13-5 (295)
*** ANTE/BLINDS ***
Morgan13-5 posts small blind 50
MathisKcr posts big blind 100
Dealt to MathisKcr [2s Kd]
*** PRE-FLOP *** 
Morgan13-5 raises 195 to 295 and is all-in
MathisKcr calls 195
*** FLOP *** [3d 5d 7h]
*** TURN *** [3d 5d 7h][Js]
*** RIVER *** [3d 5d 7h Js][7c]
*** SHOW DOWN ***
MathisKcr shows [2s Kd] (One pair : 7)
Morgan13-5 shows [6c Ad] (One pair : 7)
Morgan13-5 collected 590 from pot
*** SUMMARY ***
Total pot 590 | No rake
Board: [3d 5d 7h Js 7c]
Seat 1: MathisKcr (big blind) showed [2s Kd] and lost with One pair : 7
Seat 3: Morgan13-5 (small blind) (button) showed [6c Ad] and won 590 with One pair : 7


Winamax Poker - Tournament "Expresso Nitro" buyIn: 0.93€ + 0.07€ level: 6 - HandId: #4659506068336934913-20-1774431814 - Holdem no limit (50/100) - 2026/03/25 09:43:34 UTC
Table: 'Expresso Nitro(1084875797)#0' 3-max (real money) Seat #1 is the button
Seat 1: MathisKcr (310)
Seat 3: Morgan13-5 (590)
*** ANTE/BLINDS ***
MathisKcr posts small blind 50
Morgan13-5 posts big blind 100
Dealt to MathisKcr [Qh 3s]
*** PRE-FLOP *** 
MathisKcr calls 50
Morgan13-5 checks
*** FLOP *** [9d Jd Jc]
Morgan13-5 checks
MathisKcr bets 210 and is all-in
Morgan13-5 folds
MathisKcr collected 410 from pot
*** SUMMARY ***
Total pot 410 | No rake
Board: [9d Jd Jc]
Seat 1: MathisKcr (small blind) (button) won 410


Winamax Poker - Tournament "Expresso Nitro" buyIn: 0.93€ + 0.07€ level: 6 - HandId: #4659506068336934913-21-1774431830 - Holdem no limit (50/100) - 2026/03/25 09:43:50 UTC
Table: 'Expresso Nitro(1084875797)#0' 3-max (real money) Seat #3 is the button
Seat 1: MathisKcr (410)
Seat 3: Morgan13-5 (490)
*** ANTE/BLINDS ***
Morgan13-5 posts small blind 50
MathisKcr posts big blind 100
Dealt to MathisKcr [3s Qd]
*** PRE-FLOP *** 
Morgan13-5 raises 390 to 490 and is all-in
MathisKcr folds
Morgan13-5 collected 590 from pot
*** SUMMARY ***
Total pot 590 | No rake
Seat 3: Morgan13-5 (small blind) (button) won 590


Winamax Poker - Tournament "Expresso Nitro" buyIn: 0.93€ + 0.07€ level: 6 - HandId: #4659506068336934913-22-1774431835 - Holdem no limit (50/100) - 2026/03/25 09:43:55 UTC
Table: 'Expresso Nitro(1084875797)#0' 3-max (real money) Seat #1 is the button
Seat 1: MathisKcr (310)
Seat 3: Morgan13-5 (590)
*** ANTE/BLINDS ***
MathisKcr posts small blind 50
Morgan13-5 posts big blind 100
Dealt to MathisKcr [Td Ks]
*** PRE-FLOP *** 
MathisKcr raises 210 to 310 and is all-in
Morgan13-5 folds
MathisKcr collected 410 from pot
*** SUMMARY ***
Total pot 410 | No rake
Seat 1: MathisKcr (small blind) (button) won 410


Winamax Poker - Tournament "Expresso Nitro" buyIn: 0.93€ + 0.07€ level: 7 - HandId: #4659506068336934913-23-1774431842 - Holdem no limit (60/120) - 2026/03/25 09:44:02 UTC
Table: 'Expresso Nitro(1084875797)#0' 3-max (real money) Seat #3 is the button
Seat 1: MathisKcr (410)
Seat 3: Morgan13-5 (490)
*** ANTE/BLINDS ***
Morgan13-5 posts small blind 60
MathisKcr posts big blind 120
Dealt to MathisKcr [2d 8d]
*** PRE-FLOP *** 
Morgan13-5 raises 370 to 490 and is all-in
MathisKcr folds
Morgan13-5 collected 610 from pot
*** SUMMARY ***
Total pot 610 | No rake
Seat 3: Morgan13-5 (small blind) (button) won 610


Winamax Poker - Tournament "Expresso Nitro" buyIn: 0.93€ + 0.07€ level: 7 - HandId: #4659506068336934913-24-1774431848 - Holdem no limit (60/120) - 2026/03/25 09:44:08 UTC
Table: 'Expresso Nitro(1084875797)#0' 3-max (real money) Seat #1 is the button
Seat 1: MathisKcr (290)
Seat 3: Morgan13-5 (610)
*** ANTE/BLINDS ***
MathisKcr posts small blind 60
Morgan13-5 posts big blind 120
Dealt to MathisKcr [9s Kc]
*** PRE-FLOP *** 
MathisKcr raises 170 to 290 and is all-in
Morgan13-5 calls 170
*** FLOP *** [Tc 7c 6c]
*** TURN *** [Tc 7c 6c][7s]
*** RIVER *** [Tc 7c 6c 7s][Kd]
*** SHOW DOWN ***
MathisKcr shows [9s Kc] (Two pairs : Kings and 7)
Morgan13-5 shows [7d Ac] (Trips of 7)
Morgan13-5 collected 580 from pot
*** SUMMARY ***
Total pot 580 | No rake
Board: [Tc 7c 6c 7s Kd]
Seat 1: MathisKcr (small blind) (button) showed [9s Kc] and lost with Two pairs : Kings and 7
Seat 3: Morgan13-5 (big blind) showed [7d Ac] and won 580 with Trips of 7


