Winamax Poker - Tournament "Expresso Nitro" buyIn: 0.93€ + 0.07€ level: 1 - HandId: #4601434979463856129-1-1772388681 - Holdem no limit (10/20) - 2026/03/01 18:11:21 UTC
Table: 'Expresso Nitro(1071355068)#0' 3-max (real money) Seat #2 is the button
Seat 1: MathisKcr (300)
Seat 2: Valhalla33 (300)
Seat 3: AlmaBakala (300)
*** ANTE/BLINDS ***
AlmaBakala posts small blind 10
MathisKcr posts big blind 20
Dealt to MathisKcr [6h 4s]
*** PRE-FLOP *** 
Valhalla33 folds
AlmaBakala raises 30 to 50
MathisKcr folds
AlmaBakala collected 70 from pot
*** SUMMARY ***
Total pot 70 | No rake
Seat 3: AlmaBakala (small blind) won 70


Winamax Poker - Tournament "Expresso Nitro" buyIn: 0.93€ + 0.07€ level: 1 - HandId: #4601434979463856129-2-1772388692 - Holdem no limit (10/20) - 2026/03/01 18:11:32 UTC
Table: 'Expresso Nitro(1071355068)#0' 3-max (real money) Seat #3 is the button
Seat 1: MathisKcr (280)
Seat 2: Valhalla33 (300)
Seat 3: AlmaBakala (320)
*** ANTE/BLINDS ***
MathisKcr posts small blind 10
Valhalla33 posts big blind 20
Dealt to MathisKcr [3h Jh]
*** PRE-FLOP *** 
AlmaBakala folds
MathisKcr raises 20 to 40
Valhalla33 folds
MathisKcr collected 60 from pot
*** SUMMARY ***
Total pot 60 | No rake
Seat 1: MathisKcr (small blind) won 60


Winamax Poker - Tournament "Expresso Nitro" buyIn: 0.93€ + 0.07€ level: 1 - HandId: #4601434979463856129-3-1772388707 - Holdem no limit (10/20) - 2026/03/01 18:11:47 UTC
Table: 'Expresso Nitro(1071355068)#0' 3-max (real money) Seat #1 is the button
Seat 1: MathisKcr (300)
Seat 2: Valhalla33 (280)
Seat 3: AlmaBakala (320)
*** ANTE/BLINDS ***
Valhalla33 posts small blind 10
AlmaBakala posts big blind 20
Dealt to MathisKcr [2s 9h]
*** PRE-FLOP *** 
MathisKcr folds
Valhalla33 folds
AlmaBakala collected 30 from pot
*** SUMMARY ***
Total pot 30 | No rake
Seat 3: AlmaBakala (big blind) won 30


Winamax Poker - Tournament "Expresso Nitro" buyIn: 0.93€ + 0.07€ level: 1 - HandId: #4601434979463856129-4-1772388716 - Holdem no limit (10/20) - 2026/03/01 18:11:56 UTC
Table: 'Expresso Nitro(1071355068)#0' 3-max (real money) Seat #2 is the button
Seat 1: MathisKcr (300)
Seat 2: Valhalla33 (270)
Seat 3: AlmaBakala (330)
*** ANTE/BLINDS ***
AlmaBakala posts small blind 10
MathisKcr posts big blind 20
Dealt to MathisKcr [9s Ad]
*** PRE-FLOP *** 
Valhalla33 folds
AlmaBakala calls 10
MathisKcr raises 280 to 300 and is all-in
AlmaBakala folds
MathisKcr collected 320 from pot
*** SUMMARY ***
Total pot 320 | No rake
Seat 1: MathisKcr (big blind) won 320


Winamax Poker - Tournament "Expresso Nitro" buyIn: 0.93€ + 0.07€ level: 1 - HandId: #4601434979463856129-5-1772388734 - Holdem no limit (10/20) - 2026/03/01 18:12:14 UTC
Table: 'Expresso Nitro(1071355068)#0' 3-max (real money) Seat #3 is the button
Seat 1: MathisKcr (320)
Seat 2: Valhalla33 (270)
Seat 3: AlmaBakala (310)
*** ANTE/BLINDS ***
MathisKcr posts small blind 10
Valhalla33 posts big blind 20
Dealt to MathisKcr [4d 9c]
*** PRE-FLOP *** 
AlmaBakala folds
MathisKcr folds
Valhalla33 collected 30 from pot
*** SUMMARY ***
Total pot 30 | No rake
Seat 2: Valhalla33 (big blind) won 30


Winamax Poker - Tournament "Expresso Nitro" buyIn: 0.93€ + 0.07€ level: 2 - HandId: #4601434979463856129-6-1772388744 - Holdem no limit (15/30) - 2026/03/01 18:12:24 UTC
Table: 'Expresso Nitro(1071355068)#0' 3-max (real money) Seat #1 is the button
Seat 1: MathisKcr (310)
Seat 2: Valhalla33 (280)
Seat 3: AlmaBakala (310)
*** ANTE/BLINDS ***
Valhalla33 posts small blind 15
AlmaBakala posts big blind 30
Dealt to MathisKcr [Ts 3h]
*** PRE-FLOP *** 
MathisKcr folds
Valhalla33 raises 60 to 90
AlmaBakala calls 60
*** FLOP *** [Js 2d 6s]
Valhalla33 bets 63
AlmaBakala calls 63
*** TURN *** [Js 2d 6s][7s]
Valhalla33 bets 107
AlmaBakala folds
Valhalla33 collected 413 from pot
*** SUMMARY ***
Total pot 413 | No rake
Board: [Js 2d 6s 7s]
Seat 2: Valhalla33 (small blind) won 413


Winamax Poker - Tournament "Expresso Nitro" buyIn: 0.93€ + 0.07€ level: 2 - HandId: #4601434979463856129-7-1772388775 - Holdem no limit (15/30) - 2026/03/01 18:12:55 UTC
Table: 'Expresso Nitro(1071355068)#0' 3-max (real money) Seat #2 is the button
Seat 1: MathisKcr (310)
Seat 2: Valhalla33 (433)
Seat 3: AlmaBakala (157)
*** ANTE/BLINDS ***
AlmaBakala posts small blind 15
MathisKcr posts big blind 30
Dealt to MathisKcr [3c 7d]
*** PRE-FLOP *** 
Valhalla33 folds
AlmaBakala raises 127 to 157 and is all-in
MathisKcr folds
AlmaBakala collected 187 from pot
*** SUMMARY ***
Total pot 187 | No rake
Seat 3: AlmaBakala (small blind) won 187


Winamax Poker - Tournament "Expresso Nitro" buyIn: 0.93€ + 0.07€ level: 2 - HandId: #4601434979463856129-8-1772388791 - Holdem no limit (15/30) - 2026/03/01 18:13:11 UTC
Table: 'Expresso Nitro(1071355068)#0' 3-max (real money) Seat #3 is the button
Seat 1: MathisKcr (280)
Seat 2: Valhalla33 (433)
Seat 3: AlmaBakala (187)
*** ANTE/BLINDS ***
MathisKcr posts small blind 15
Valhalla33 posts big blind 30
Dealt to MathisKcr [Js 4d]
*** PRE-FLOP *** 
AlmaBakala raises 157 to 187 and is all-in
MathisKcr folds
Valhalla33 folds
AlmaBakala collected 232 from pot
*** SUMMARY ***
Total pot 232 | No rake
Seat 3: AlmaBakala (button) won 232


Winamax Poker - Tournament "Expresso Nitro" buyIn: 0.93€ + 0.07€ level: 3 - HandId: #4601434979463856129-9-1772388813 - Holdem no limit (20/40) - 2026/03/01 18:13:33 UTC
Table: 'Expresso Nitro(1071355068)#0' 3-max (real money) Seat #1 is the button
Seat 1: MathisKcr (265)
Seat 2: Valhalla33 (403)
Seat 3: AlmaBakala (232)
*** ANTE/BLINDS ***
Valhalla33 posts small blind 20
AlmaBakala posts big blind 40
Dealt to MathisKcr [Ah Ks]
*** PRE-FLOP *** 
MathisKcr raises 225 to 265 and is all-in
Valhalla33 folds
AlmaBakala folds
MathisKcr collected 325 from pot
*** SUMMARY ***
Total pot 325 | No rake
Seat 1: MathisKcr (button) won 325


Winamax Poker - Tournament "Expresso Nitro" buyIn: 0.93€ + 0.07€ level: 3 - HandId: #4601434979463856129-10-1772388836 - Holdem no limit (20/40) - 2026/03/01 18:13:56 UTC
Table: 'Expresso Nitro(1071355068)#0' 3-max (real money) Seat #2 is the button
Seat 1: MathisKcr (325)
Seat 2: Valhalla33 (383)
Seat 3: AlmaBakala (192)
*** ANTE/BLINDS ***
AlmaBakala posts small blind 20
MathisKcr posts big blind 40
Dealt to MathisKcr [6s 3c]
*** PRE-FLOP *** 
Valhalla33 raises 100 to 140
AlmaBakala folds
MathisKcr folds
Valhalla33 collected 200 from pot
*** SUMMARY ***
Total pot 200 | No rake
Seat 2: Valhalla33 (button) won 200


Winamax Poker - Tournament "Expresso Nitro" buyIn: 0.93€ + 0.07€ level: 3 - HandId: #4601434979463856129-11-1772388844 - Holdem no limit (20/40) - 2026/03/01 18:14:04 UTC
Table: 'Expresso Nitro(1071355068)#0' 3-max (real money) Seat #3 is the button
Seat 1: MathisKcr (285)
Seat 2: Valhalla33 (443)
Seat 3: AlmaBakala (172)
*** ANTE/BLINDS ***
MathisKcr posts small blind 20
Valhalla33 posts big blind 40
Dealt to MathisKcr [4h 5c]
*** PRE-FLOP *** 
AlmaBakala folds
MathisKcr folds
Valhalla33 collected 60 from pot
*** SUMMARY ***
Total pot 60 | No rake
Seat 2: Valhalla33 (big blind) won 60


Winamax Poker - Tournament "Expresso Nitro" buyIn: 0.93€ + 0.07€ level: 3 - HandId: #4601434979463856129-12-1772388853 - Holdem no limit (20/40) - 2026/03/01 18:14:13 UTC
Table: 'Expresso Nitro(1071355068)#0' 3-max (real money) Seat #1 is the button
Seat 1: MathisKcr (265)
Seat 2: Valhalla33 (463)
Seat 3: AlmaBakala (172)
*** ANTE/BLINDS ***
Valhalla33 posts small blind 20
AlmaBakala posts big blind 40
Dealt to MathisKcr [8d As]
*** PRE-FLOP *** 
MathisKcr raises 225 to 265 and is all-in
Valhalla33 folds
AlmaBakala folds
MathisKcr collected 325 from pot
*** SUMMARY ***
Total pot 325 | No rake
Seat 1: MathisKcr (button) won 325


Winamax Poker - Tournament "Expresso Nitro" buyIn: 0.93€ + 0.07€ level: 4 - HandId: #4601434979463856129-13-1772388867 - Holdem no limit (30/60) - 2026/03/01 18:14:27 UTC
Table: 'Expresso Nitro(1071355068)#0' 3-max (real money) Seat #2 is the button
Seat 1: MathisKcr (325)
Seat 2: Valhalla33 (443)
Seat 3: AlmaBakala (132)
*** ANTE/BLINDS ***
AlmaBakala posts small blind 30
MathisKcr posts big blind 60
Dealt to MathisKcr [2s 3h]
*** PRE-FLOP *** 
Valhalla33 folds
AlmaBakala raises 72 to 132 and is all-in
MathisKcr calls 72
*** FLOP *** [8d 4c 9s]
*** TURN *** [8d 4c 9s][7d]
*** RIVER *** [8d 4c 9s 7d][5s]
*** SHOW DOWN ***
MathisKcr shows [2s 3h] (High card : 9)
AlmaBakala shows [3d Kh] (High card : King)
AlmaBakala collected 264 from pot
*** SUMMARY ***
Total pot 264 | No rake
Board: [8d 4c 9s 7d 5s]
Seat 1: MathisKcr (big blind) showed [2s 3h] and lost with High card : 9
Seat 3: AlmaBakala (small blind) showed [3d Kh] and won 264 with High card : King


Winamax Poker - Tournament "Expresso Nitro" buyIn: 0.93€ + 0.07€ level: 4 - HandId: #4601434979463856129-14-1772388895 - Holdem no limit (30/60) - 2026/03/01 18:14:55 UTC
Table: 'Expresso Nitro(1071355068)#0' 3-max (real money) Seat #3 is the button
Seat 1: MathisKcr (193)
Seat 2: Valhalla33 (443)
Seat 3: AlmaBakala (264)
*** ANTE/BLINDS ***
MathisKcr posts small blind 30
Valhalla33 posts big blind 60
Dealt to MathisKcr [Kh 9s]
*** PRE-FLOP *** 
AlmaBakala folds
MathisKcr raises 133 to 193 and is all-in
Valhalla33 raises 250 to 443 and is all-in
*** FLOP *** [2c Jc Qh]
*** TURN *** [2c Jc Qh][Kc]
*** RIVER *** [2c Jc Qh Kc][7d]
*** SHOW DOWN ***
MathisKcr shows [Kh 9s] (One pair : Kings)
Valhalla33 shows [3c As] (High card : Ace)
Valhalla33 collected 250 from side pot 1
MathisKcr collected 386 from main pot
*** SUMMARY ***
Total pot 636 | No rake
Board: [2c Jc Qh Kc 7d]
Seat 1: MathisKcr (small blind) showed [Kh 9s] and won 386 with One pair : Kings
Seat 2: Valhalla33 (big blind) showed [3c As] and won 250 with High card : Ace


Winamax Poker - Tournament "Expresso Nitro" buyIn: 0.93€ + 0.07€ level: 4 - HandId: #4601434979463856129-15-1772388917 - Holdem no limit (30/60) - 2026/03/01 18:15:17 UTC
Table: 'Expresso Nitro(1071355068)#0' 3-max (real money) Seat #1 is the button
Seat 1: MathisKcr (386)
Seat 2: Valhalla33 (250)
Seat 3: AlmaBakala (264)
*** ANTE/BLINDS ***
Valhalla33 posts small blind 30
AlmaBakala posts big blind 60
Dealt to MathisKcr [Jh 5h]
*** PRE-FLOP *** 
MathisKcr folds
Valhalla33 raises 190 to 250 and is all-in
AlmaBakala raises 14 to 264 and is all-in
*** FLOP *** [5s Qh 3c]
*** TURN *** [5s Qh 3c][8d]
*** RIVER *** [5s Qh 3c 8d][7d]
*** SHOW DOWN ***
Valhalla33 shows [Kh 2h] (High card : King)
AlmaBakala shows [Kd 3d] (One pair : 3)
AlmaBakala collected 514 from pot
*** SUMMARY ***
Total pot 514 | No rake
Board: [5s Qh 3c 8d 7d]
Seat 2: Valhalla33 (small blind) showed [Kh 2h] and lost with High card : King
Seat 3: AlmaBakala (big blind) showed [Kd 3d] and won 514 with One pair : 3


Winamax Poker - Tournament "Expresso Nitro" buyIn: 0.93€ + 0.07€ level: 5 - HandId: #4601434979463856129-16-1772388932 - Holdem no limit (40/80) - 2026/03/01 18:15:32 UTC
Table: 'Expresso Nitro(1071355068)#0' 3-max (real money) Seat #3 is the button
Seat 1: MathisKcr (386)
Seat 3: AlmaBakala (514)
*** ANTE/BLINDS ***
AlmaBakala posts small blind 40
MathisKcr posts big blind 80
Dealt to MathisKcr [7h 3h]
*** PRE-FLOP *** 
AlmaBakala folds
MathisKcr collected 120 from pot
*** SUMMARY ***
Total pot 120 | No rake
Seat 1: MathisKcr (big blind) won 120


Winamax Poker - Tournament "Expresso Nitro" buyIn: 0.93€ + 0.07€ level: 5 - HandId: #4601434979463856129-17-1772388940 - Holdem no limit (40/80) - 2026/03/01 18:15:40 UTC
Table: 'Expresso Nitro(1071355068)#0' 3-max (real money) Seat #1 is the button
Seat 1: MathisKcr (426)
Seat 3: AlmaBakala (474)
*** ANTE/BLINDS ***
MathisKcr posts small blind 40
AlmaBakala posts big blind 80
Dealt to MathisKcr [Jd Js]
*** PRE-FLOP *** 
MathisKcr raises 346 to 426 and is all-in
AlmaBakala folds
MathisKcr collected 506 from pot
*** SUMMARY ***
Total pot 506 | No rake
Seat 1: MathisKcr (small blind) (button) won 506


Winamax Poker - Tournament "Expresso Nitro" buyIn: 0.93€ + 0.07€ level: 5 - HandId: #4601434979463856129-18-1772388948 - Holdem no limit (40/80) - 2026/03/01 18:15:48 UTC
Table: 'Expresso Nitro(1071355068)#0' 3-max (real money) Seat #3 is the button
Seat 1: MathisKcr (506)
Seat 3: AlmaBakala (394)
*** ANTE/BLINDS ***
AlmaBakala posts small blind 40
MathisKcr posts big blind 80
Dealt to MathisKcr [Td 3h]
*** PRE-FLOP *** 
AlmaBakala raises 314 to 394 and is all-in
MathisKcr folds
AlmaBakala collected 474 from pot
*** SUMMARY ***
Total pot 474 | No rake
Seat 3: AlmaBakala (small blind) (button) won 474


Winamax Poker - Tournament "Expresso Nitro" buyIn: 0.93€ + 0.07€ level: 5 - HandId: #4601434979463856129-19-1772388956 - Holdem no limit (40/80) - 2026/03/01 18:15:56 UTC
Table: 'Expresso Nitro(1071355068)#0' 3-max (real money) Seat #1 is the button
Seat 1: MathisKcr (426)
Seat 3: AlmaBakala (474)
*** ANTE/BLINDS ***
MathisKcr posts small blind 40
AlmaBakala posts big blind 80
Dealt to MathisKcr [Jh As]
*** PRE-FLOP *** 
MathisKcr raises 346 to 426 and is all-in
AlmaBakala raises 48 to 474 and is all-in
*** FLOP *** [Ks Qc 2s]
*** TURN *** [Ks Qc 2s][6s]
*** RIVER *** [Ks Qc 2s 6s][Ts]
*** SHOW DOWN ***
MathisKcr shows [Jh As] (Flush Ace high)
AlmaBakala shows [Ac Kd] (One pair : Kings)
AlmaBakala collected 48 from side pot 1
MathisKcr collected 852 from main pot
*** SUMMARY ***
Total pot 900 | No rake
Board: [Ks Qc 2s 6s Ts]
Seat 1: MathisKcr (small blind) (button) showed [Jh As] and won 852 with Flush Ace high
Seat 3: AlmaBakala (big blind) showed [Ac Kd] and won 48 with One pair : Kings


Winamax Poker - Tournament "Expresso Nitro" buyIn: 0.93€ + 0.07€ level: 5 - HandId: #4601434979463856129-20-1772388972 - Holdem no limit (40/80) - 2026/03/01 18:16:12 UTC
Table: 'Expresso Nitro(1071355068)#0' 3-max (real money) Seat #3 is the button
Seat 1: MathisKcr (852)
Seat 3: AlmaBakala (48)
*** ANTE/BLINDS ***
AlmaBakala posts small blind 40
MathisKcr posts big blind 80
Dealt to MathisKcr [Tc Jh]
*** PRE-FLOP *** 
AlmaBakala calls 8 and is all-in
*** FLOP *** [8s Js 3c]
*** TURN *** [8s Js 3c][Qh]
*** RIVER *** [8s Js 3c Qh][5h]
*** SHOW DOWN ***
AlmaBakala shows [7h 8h] (One pair : 8)
MathisKcr shows [Tc Jh] (One pair : Jacks)
MathisKcr collected 128 from pot
*** SUMMARY ***
Total pot 128 | No rake
Board: [8s Js 3c Qh 5h]
Seat 1: MathisKcr (big blind) showed [Tc Jh] and won 128 with One pair : Jacks
Seat 3: AlmaBakala (small blind) (button) showed [7h 8h] and lost with One pair : 8


