Winamax Poker - Tournament "Expresso Nitro" buyIn: 0.93€ + 0.07€ level: 1 - HandId: #4675637720687575041-1-1775066578 - Holdem no limit (10/20) - 2026/04/01 18:02:58 UTC
Table: 'Expresso Nitro(1088631740)#0' 3-max (real money) Seat #1 is the button
Seat 1: MathisKcr (300)
Seat 2: Thomas78_ (300)
Seat 3: fernanditogd (300)
*** ANTE/BLINDS ***
Thomas78_ posts small blind 10
fernanditogd posts big blind 20
Dealt to MathisKcr [Kd Kh]
*** PRE-FLOP *** 
MathisKcr raises 20 to 40
Thomas78_ folds
fernanditogd calls 20
*** FLOP *** [5h 4d Jh]
fernanditogd checks
MathisKcr bets 32
fernanditogd folds
MathisKcr collected 122 from pot
*** SUMMARY ***
Total pot 122 | No rake
Board: [5h 4d Jh]
Seat 1: MathisKcr (button) won 122


Winamax Poker - Tournament "Expresso Nitro" buyIn: 0.93€ + 0.07€ level: 1 - HandId: #4675637720687575041-2-1775066608 - Holdem no limit (10/20) - 2026/04/01 18:03:28 UTC
Table: 'Expresso Nitro(1088631740)#0' 3-max (real money) Seat #2 is the button
Seat 1: MathisKcr (350)
Seat 2: Thomas78_ (290)
Seat 3: fernanditogd (260)
*** ANTE/BLINDS ***
fernanditogd posts small blind 10
MathisKcr posts big blind 20
Dealt to MathisKcr [Th 2c]
*** PRE-FLOP *** 
Thomas78_ folds
fernanditogd calls 10
MathisKcr checks
*** FLOP *** [Ad 9s Qc]
fernanditogd bets 20
MathisKcr folds
fernanditogd collected 60 from pot
*** SUMMARY ***
Total pot 60 | No rake
Board: [Ad 9s Qc]
Seat 3: fernanditogd (small blind) won 60


Winamax Poker - Tournament "Expresso Nitro" buyIn: 0.93€ + 0.07€ level: 1 - HandId: #4675637720687575041-3-1775066627 - Holdem no limit (10/20) - 2026/04/01 18:03:47 UTC
Table: 'Expresso Nitro(1088631740)#0' 3-max (real money) Seat #3 is the button
Seat 1: MathisKcr (330)
Seat 2: Thomas78_ (290)
Seat 3: fernanditogd (280)
*** ANTE/BLINDS ***
MathisKcr posts small blind 10
Thomas78_ posts big blind 20
Dealt to MathisKcr [6d 8c]
*** PRE-FLOP *** 
fernanditogd raises 20 to 40
MathisKcr folds
Thomas78_ folds
fernanditogd collected 70 from pot
*** SUMMARY ***
Total pot 70 | No rake
Seat 3: fernanditogd (button) won 70


Winamax Poker - Tournament "Expresso Nitro" buyIn: 0.93€ + 0.07€ level: 1 - HandId: #4675637720687575041-4-1775066635 - Holdem no limit (10/20) - 2026/04/01 18:03:55 UTC
Table: 'Expresso Nitro(1088631740)#0' 3-max (real money) Seat #1 is the button
Seat 1: MathisKcr (320)
Seat 2: Thomas78_ (270)
Seat 3: fernanditogd (310)
*** ANTE/BLINDS ***
Thomas78_ posts small blind 10
fernanditogd posts big blind 20
Dealt to MathisKcr [Qs Td]
*** PRE-FLOP *** 
MathisKcr raises 20 to 40
Thomas78_ folds
fernanditogd calls 20
*** FLOP *** [2d 8d 7h]
fernanditogd checks
MathisKcr bets 32
fernanditogd calls 32
*** TURN *** [2d 8d 7h][As]
fernanditogd checks
MathisKcr bets 100
fernanditogd raises 138 to 238 and is all-in
MathisKcr folds
fernanditogd collected 492 from pot
*** SUMMARY ***
Total pot 492 | No rake
Board: [2d 8d 7h As]
Seat 3: fernanditogd (big blind) won 492


Winamax Poker - Tournament "Expresso Nitro" buyIn: 0.93€ + 0.07€ level: 2 - HandId: #4675637720687575041-5-1775066672 - Holdem no limit (15/30) - 2026/04/01 18:04:32 UTC
Table: 'Expresso Nitro(1088631740)#0' 3-max (real money) Seat #2 is the button
Seat 1: MathisKcr (148)
Seat 2: Thomas78_ (260)
Seat 3: fernanditogd (492)
*** ANTE/BLINDS ***
fernanditogd posts small blind 15
MathisKcr posts big blind 30
Dealt to MathisKcr [7d 8d]
*** PRE-FLOP *** 
Thomas78_ folds
fernanditogd folds
MathisKcr collected 45 from pot
*** SUMMARY ***
Total pot 45 | No rake
Seat 1: MathisKcr (big blind) won 45


Winamax Poker - Tournament "Expresso Nitro" buyIn: 0.93€ + 0.07€ level: 2 - HandId: #4675637720687575041-6-1775066678 - Holdem no limit (15/30) - 2026/04/01 18:04:38 UTC
Table: 'Expresso Nitro(1088631740)#0' 3-max (real money) Seat #3 is the button
Seat 1: MathisKcr (163)
Seat 2: Thomas78_ (260)
Seat 3: fernanditogd (477)
*** ANTE/BLINDS ***
MathisKcr posts small blind 15
Thomas78_ posts big blind 30
Dealt to MathisKcr [Js As]
*** PRE-FLOP *** 
fernanditogd calls 30
MathisKcr raises 133 to 163 and is all-in
Thomas78_ folds
fernanditogd raises 314 to 477 and is all-in
*** FLOP *** [Ad 3c 2s]
*** TURN *** [Ad 3c 2s][2h]
*** RIVER *** [Ad 3c 2s 2h][Qh]
*** SHOW DOWN ***
MathisKcr shows [Js As] (Two pairs : Aces and 2)
fernanditogd shows [7s 3s] (Two pairs : 3 and 2)
fernanditogd collected 314 from side pot 1
MathisKcr collected 356 from main pot
*** SUMMARY ***
Total pot 670 | No rake
Board: [Ad 3c 2s 2h Qh]
Seat 1: MathisKcr (small blind) showed [Js As] and won 356 with Two pairs : Aces and 2
Seat 3: fernanditogd (button) showed [7s 3s] and won 314 with Two pairs : 3 and 2


Winamax Poker - Tournament "Expresso Nitro" buyIn: 0.93€ + 0.07€ level: 3 - HandId: #4675637720687575041-7-1775066699 - Holdem no limit (20/40) - 2026/04/01 18:04:59 UTC
Table: 'Expresso Nitro(1088631740)#0' 3-max (real money) Seat #1 is the button
Seat 1: MathisKcr (356)
Seat 2: Thomas78_ (230)
Seat 3: fernanditogd (314)
*** ANTE/BLINDS ***
Thomas78_ posts small blind 20
fernanditogd posts big blind 40
Dealt to MathisKcr [4s 3s]
*** PRE-FLOP *** 
MathisKcr folds
Thomas78_ folds
fernanditogd collected 60 from pot
*** SUMMARY ***
Total pot 60 | No rake
Seat 3: fernanditogd (big blind) won 60


Winamax Poker - Tournament "Expresso Nitro" buyIn: 0.93€ + 0.07€ level: 3 - HandId: #4675637720687575041-8-1775066706 - Holdem no limit (20/40) - 2026/04/01 18:05:06 UTC
Table: 'Expresso Nitro(1088631740)#0' 3-max (real money) Seat #2 is the button
Seat 1: MathisKcr (356)
Seat 2: Thomas78_ (210)
Seat 3: fernanditogd (334)
*** ANTE/BLINDS ***
fernanditogd posts small blind 20
MathisKcr posts big blind 40
Dealt to MathisKcr [3s 2c]
*** PRE-FLOP *** 
Thomas78_ folds
fernanditogd raises 60 to 100
MathisKcr folds
fernanditogd collected 140 from pot
*** SUMMARY ***
Total pot 140 | No rake
Seat 3: fernanditogd (small blind) won 140


Winamax Poker - Tournament "Expresso Nitro" buyIn: 0.93€ + 0.07€ level: 3 - HandId: #4675637720687575041-9-1775066725 - Holdem no limit (20/40) - 2026/04/01 18:05:25 UTC
Table: 'Expresso Nitro(1088631740)#0' 3-max (real money) Seat #3 is the button
Seat 1: MathisKcr (316)
Seat 2: Thomas78_ (210)
Seat 3: fernanditogd (374)
*** ANTE/BLINDS ***
MathisKcr posts small blind 20
Thomas78_ posts big blind 40
Dealt to MathisKcr [3d Ad]
*** PRE-FLOP *** 
fernanditogd calls 40
MathisKcr raises 276 to 316 and is all-in
Thomas78_ calls 170 and is all-in
fernanditogd calls 276
*** FLOP *** [2c 3s 8s]
*** TURN *** [2c 3s 8s][7c]
*** RIVER *** [2c 3s 8s 7c][Kd]
*** SHOW DOWN ***
MathisKcr shows [3d Ad] (One pair : 3)
Thomas78_ shows [Jh 8d] (One pair : 8)
fernanditogd shows [7d 7s] (Trips of 7)
fernanditogd collected 842 from pot
*** SUMMARY ***
Total pot 842 | No rake
Board: [2c 3s 8s 7c Kd]
Seat 1: MathisKcr (small blind) showed [3d Ad] and lost with One pair : 3
Seat 2: Thomas78_ (big blind) showed [Jh 8d] and lost with One pair : 8
Seat 3: fernanditogd (button) showed [7d 7s] and won 842 with Trips of 7


