Winamax Poker - Tournament "Expresso Nitro" buyIn: 0.93€ + 0.07€ level: 1 - HandId: #4696961816700387329-1-1775852318 - Holdem no limit (10/20) - 2026/04/10 20:18:38 UTC
Table: 'Expresso Nitro(1093596643)#0' 3-max (real money) Seat #1 is the button
Seat 1: B_Lynx34 (300)
Seat 2: lerory (300)
Seat 3: MathisKcr (300)
*** ANTE/BLINDS ***
lerory posts small blind 10
MathisKcr posts big blind 20
Dealt to MathisKcr [8d 4s]
*** PRE-FLOP *** 
B_Lynx34 raises 20 to 40
lerory calls 30
MathisKcr folds
*** FLOP *** [Tc 6c 3c]
lerory checks
B_Lynx34 checks
*** TURN *** [Tc 6c 3c][7h]
lerory checks
B_Lynx34 bets 35
lerory calls 35
*** RIVER *** [Tc 6c 3c 7h][Qd]
lerory checks
B_Lynx34 bets 111
lerory folds
B_Lynx34 collected 281 from pot
*** SUMMARY ***
Total pot 281 | No rake
Board: [Tc 6c 3c 7h Qd]
Seat 1: B_Lynx34 (button) won 281


Winamax Poker - Tournament "Expresso Nitro" buyIn: 0.93€ + 0.07€ level: 1 - HandId: #4696961816700387329-2-1775852338 - Holdem no limit (10/20) - 2026/04/10 20:18:58 UTC
Table: 'Expresso Nitro(1093596643)#0' 3-max (real money) Seat #2 is the button
Seat 1: B_Lynx34 (395)
Seat 2: lerory (225)
Seat 3: MathisKcr (280)
*** ANTE/BLINDS ***
MathisKcr posts small blind 10
B_Lynx34 posts big blind 20
Dealt to MathisKcr [As 6c]
*** PRE-FLOP *** 
lerory calls 20
MathisKcr raises 260 to 280 and is all-in
B_Lynx34 folds
lerory calls 205 and is all-in
*** FLOP *** [3h Kd 5c]
*** TURN *** [3h Kd 5c][6s]
*** RIVER *** [3h Kd 5c 6s][Qs]
*** SHOW DOWN ***
lerory shows [Ah Ad] (One pair : Aces)
MathisKcr shows [As 6c] (One pair : 6)
MathisKcr collected 55 from side pot 1
lerory collected 470 from main pot
*** SUMMARY ***
Total pot 525 | No rake
Board: [3h Kd 5c 6s Qs]
Seat 2: lerory (button) showed [Ah Ad] and won 470 with One pair : Aces
Seat 3: MathisKcr (small blind) showed [As 6c] and won 55 with One pair : 6


Winamax Poker - Tournament "Expresso Nitro" buyIn: 0.93€ + 0.07€ level: 1 - HandId: #4696961816700387329-3-1775852353 - Holdem no limit (10/20) - 2026/04/10 20:19:13 UTC
Table: 'Expresso Nitro(1093596643)#0' 3-max (real money) Seat #3 is the button
Seat 1: B_Lynx34 (375)
Seat 2: lerory (470)
Seat 3: MathisKcr (55)
*** ANTE/BLINDS ***
B_Lynx34 posts small blind 10
lerory posts big blind 20
Dealt to MathisKcr [4c Th]
*** PRE-FLOP *** 
MathisKcr folds
B_Lynx34 raises 20 to 40
lerory folds
B_Lynx34 collected 60 from pot
*** SUMMARY ***
Total pot 60 | No rake
Seat 1: B_Lynx34 (small blind) won 60


Winamax Poker - Tournament "Expresso Nitro" buyIn: 0.93€ + 0.07€ level: 1 - HandId: #4696961816700387329-4-1775852363 - Holdem no limit (10/20) - 2026/04/10 20:19:23 UTC
Table: 'Expresso Nitro(1093596643)#0' 3-max (real money) Seat #1 is the button
Seat 1: B_Lynx34 (395)
Seat 2: lerory (450)
Seat 3: MathisKcr (55)
*** ANTE/BLINDS ***
lerory posts small blind 10
MathisKcr posts big blind 20
Dealt to MathisKcr [9s 8c]
*** PRE-FLOP *** 
B_Lynx34 folds
lerory folds
MathisKcr collected 30 from pot
*** SUMMARY ***
Total pot 30 | No rake
Seat 3: MathisKcr (big blind) won 30


Winamax Poker - Tournament "Expresso Nitro" buyIn: 0.93€ + 0.07€ level: 1 - HandId: #4696961816700387329-5-1775852370 - Holdem no limit (10/20) - 2026/04/10 20:19:30 UTC
Table: 'Expresso Nitro(1093596643)#0' 3-max (real money) Seat #2 is the button
Seat 1: B_Lynx34 (395)
Seat 2: lerory (440)
Seat 3: MathisKcr (65)
*** ANTE/BLINDS ***
MathisKcr posts small blind 10
B_Lynx34 posts big blind 20
Dealt to MathisKcr [7c 6h]
*** PRE-FLOP *** 
lerory calls 20
MathisKcr folds
B_Lynx34 checks
*** FLOP *** [4s Qh 2c]
B_Lynx34 checks
lerory checks
*** TURN *** [4s Qh 2c][Th]
B_Lynx34 checks
lerory checks
*** RIVER *** [4s Qh 2c Th][9c]
B_Lynx34 checks
lerory bets 20
B_Lynx34 folds
lerory collected 70 from pot
*** SUMMARY ***
Total pot 70 | No rake
Board: [4s Qh 2c Th 9c]
Seat 2: lerory (button) won 70


Winamax Poker - Tournament "Expresso Nitro" buyIn: 0.93€ + 0.07€ level: 2 - HandId: #4696961816700387329-6-1775852396 - Holdem no limit (15/30) - 2026/04/10 20:19:56 UTC
Table: 'Expresso Nitro(1093596643)#0' 3-max (real money) Seat #3 is the button
Seat 1: B_Lynx34 (375)
Seat 2: lerory (470)
Seat 3: MathisKcr (55)
*** ANTE/BLINDS ***
B_Lynx34 posts small blind 15
lerory posts big blind 30
Dealt to MathisKcr [6d 8c]
*** PRE-FLOP *** 
MathisKcr folds
B_Lynx34 raises 30 to 60
lerory calls 30
*** FLOP *** [9c 2s Td]
B_Lynx34 bets 60
lerory folds
B_Lynx34 collected 180 from pot
*** SUMMARY ***
Total pot 180 | No rake
Board: [9c 2s Td]
Seat 1: B_Lynx34 (small blind) won 180


Winamax Poker - Tournament "Expresso Nitro" buyIn: 0.93€ + 0.07€ level: 2 - HandId: #4696961816700387329-7-1775852410 - Holdem no limit (15/30) - 2026/04/10 20:20:10 UTC
Table: 'Expresso Nitro(1093596643)#0' 3-max (real money) Seat #1 is the button
Seat 1: B_Lynx34 (435)
Seat 2: lerory (410)
Seat 3: MathisKcr (55)
*** ANTE/BLINDS ***
lerory posts small blind 15
MathisKcr posts big blind 30
Dealt to MathisKcr [3s Jh]
*** PRE-FLOP *** 
B_Lynx34 raises 30 to 60
lerory folds
MathisKcr calls 25 and is all-in
*** FLOP *** [2s 5d 3d]
*** TURN *** [2s 5d 3d][Jc]
*** RIVER *** [2s 5d 3d Jc][6s]
*** SHOW DOWN ***
B_Lynx34 shows [Kh Qh] (High card : King)
MathisKcr shows [3s Jh] (Two pairs : Jacks and 3)
MathisKcr collected 125 from main pot
B_Lynx34 collected 5 from side pot 1
*** SUMMARY ***
Total pot 130 | No rake
Board: [2s 5d 3d Jc 6s]
Seat 1: B_Lynx34 (button) showed [Kh Qh] and won 5 with High card : King
Seat 3: MathisKcr (big blind) showed [3s Jh] and won 125 with Two pairs : Jacks and 3


Winamax Poker - Tournament "Expresso Nitro" buyIn: 0.93€ + 0.07€ level: 2 - HandId: #4696961816700387329-8-1775852428 - Holdem no limit (15/30) - 2026/04/10 20:20:28 UTC
Table: 'Expresso Nitro(1093596643)#0' 3-max (real money) Seat #2 is the button
Seat 1: B_Lynx34 (380)
Seat 2: lerory (395)
Seat 3: MathisKcr (125)
*** ANTE/BLINDS ***
MathisKcr posts small blind 15
B_Lynx34 posts big blind 30
Dealt to MathisKcr [9c 3s]
*** PRE-FLOP *** 
lerory calls 30
MathisKcr folds
B_Lynx34 checks
*** FLOP *** [5d Qc Ad]
B_Lynx34 checks
lerory checks
*** TURN *** [5d Qc Ad][8s]
B_Lynx34 checks
lerory checks
*** RIVER *** [5d Qc Ad 8s][3d]
B_Lynx34 bets 30
lerory calls 30
*** SHOW DOWN ***
B_Lynx34 shows [4h 9d] (High card : Ace)
lerory shows [5c Tc] (One pair : 5)
lerory collected 135 from pot
*** SUMMARY ***
Total pot 135 | No rake
Board: [5d Qc Ad 8s 3d]
Seat 1: B_Lynx34 (big blind) showed [4h 9d] and lost with High card : Ace
Seat 2: lerory (button) showed [5c Tc] and won 135 with One pair : 5


Winamax Poker - Tournament "Expresso Nitro" buyIn: 0.93€ + 0.07€ level: 3 - HandId: #4696961816700387329-9-1775852447 - Holdem no limit (20/40) - 2026/04/10 20:20:47 UTC
Table: 'Expresso Nitro(1093596643)#0' 3-max (real money) Seat #3 is the button
Seat 1: B_Lynx34 (320)
Seat 2: lerory (470)
Seat 3: MathisKcr (110)
*** ANTE/BLINDS ***
B_Lynx34 posts small blind 20
lerory posts big blind 40
Dealt to MathisKcr [Jh As]
*** PRE-FLOP *** 
MathisKcr raises 70 to 110 and is all-in
B_Lynx34 raises 70 to 180
lerory folds
*** FLOP *** [4s Td 9s]
*** TURN *** [4s Td 9s][7c]
*** RIVER *** [4s Td 9s 7c][Qc]
*** SHOW DOWN ***
MathisKcr shows [Jh As] (High card : Ace)
B_Lynx34 shows [Kc Th] (One pair : Tens)
B_Lynx34 collected 330 from pot
*** SUMMARY ***
Total pot 330 | No rake
Board: [4s Td 9s 7c Qc]
Seat 1: B_Lynx34 (small blind) showed [Kc Th] and won 330 with One pair : Tens
Seat 3: MathisKcr (button) showed [Jh As] and lost with High card : Ace


