Winamax Poker - Tournament "Expresso Nitro" buyIn: 0.93€ + 0.07€ level: 1 - HandId: #4601108390150668289-1-1772377294 - Holdem no limit (10/20) - 2026/03/01 15:01:34 UTC
Table: 'Expresso Nitro(1071279028)#0' 3-max (real money) Seat #2 is the button
Seat 1: MathisKcr (300)
Seat 2: Donsalustre1 (300)
Seat 3: grisnardo09 (300)
*** ANTE/BLINDS ***
grisnardo09 posts small blind 10
MathisKcr posts big blind 20
Dealt to MathisKcr [Jd 3s]
*** PRE-FLOP *** 
Donsalustre1 folds
grisnardo09 calls 10
MathisKcr checks
*** FLOP *** [4h 3c Ac]
grisnardo09 checks
MathisKcr bets 20
grisnardo09 calls 20
*** TURN *** [4h 3c Ac][5d]
grisnardo09 bets 20
MathisKcr calls 20
*** RIVER *** [4h 3c Ac 5d][2d]
grisnardo09 checks
MathisKcr bets 240 and is all-in
grisnardo09 folds
MathisKcr collected 360 from pot
*** SUMMARY ***
Total pot 360 | No rake
Board: [4h 3c Ac 5d 2d]
Seat 1: MathisKcr (big blind) won 360


Winamax Poker - Tournament "Expresso Nitro" buyIn: 0.93€ + 0.07€ level: 1 - HandId: #4601108390150668289-2-1772377325 - Holdem no limit (10/20) - 2026/03/01 15:02:05 UTC
Table: 'Expresso Nitro(1071279028)#0' 3-max (real money) Seat #3 is the button
Seat 1: MathisKcr (360)
Seat 2: Donsalustre1 (300)
Seat 3: grisnardo09 (240)
*** ANTE/BLINDS ***
MathisKcr posts small blind 10
Donsalustre1 posts big blind 20
Dealt to MathisKcr [6d As]
*** PRE-FLOP *** 
grisnardo09 folds
MathisKcr raises 20 to 40
Donsalustre1 calls 20
*** FLOP *** [Qc Ah Qh]
MathisKcr bets 20
Donsalustre1 folds
MathisKcr collected 100 from pot
*** SUMMARY ***
Total pot 100 | No rake
Board: [Qc Ah Qh]
Seat 1: MathisKcr (small blind) won 100


Winamax Poker - Tournament "Expresso Nitro" buyIn: 0.93€ + 0.07€ level: 2 - HandId: #4601108390150668289-3-1772377368 - Holdem no limit (15/30) - 2026/03/01 15:02:48 UTC
Table: 'Expresso Nitro(1071279028)#0' 3-max (real money) Seat #1 is the button
Seat 1: MathisKcr (400)
Seat 2: Donsalustre1 (260)
Seat 3: grisnardo09 (240)
*** ANTE/BLINDS ***
Donsalustre1 posts small blind 15
grisnardo09 posts big blind 30
Dealt to MathisKcr [7h 6h]
*** PRE-FLOP *** 
MathisKcr raises 30 to 60
Donsalustre1 folds
grisnardo09 calls 30
*** FLOP *** [6c Ac 3h]
grisnardo09 bets 180 and is all-in
MathisKcr folds
grisnardo09 collected 315 from pot
*** SUMMARY ***
Total pot 315 | No rake
Board: [6c Ac 3h]
Seat 3: grisnardo09 (big blind) won 315


Winamax Poker - Tournament "Expresso Nitro" buyIn: 0.93€ + 0.07€ level: 2 - HandId: #4601108390150668289-4-1772377385 - Holdem no limit (15/30) - 2026/03/01 15:03:05 UTC
Table: 'Expresso Nitro(1071279028)#0' 3-max (real money) Seat #2 is the button
Seat 1: MathisKcr (340)
Seat 2: Donsalustre1 (245)
Seat 3: grisnardo09 (315)
*** ANTE/BLINDS ***
grisnardo09 posts small blind 15
MathisKcr posts big blind 30
Dealt to MathisKcr [4d 2d]
*** PRE-FLOP *** 
Donsalustre1 calls 30
grisnardo09 calls 15
MathisKcr checks
*** FLOP *** [5s Th 7c]
grisnardo09 checks
MathisKcr checks
Donsalustre1 checks
*** TURN *** [5s Th 7c][Kh]
grisnardo09 checks
MathisKcr bets 60
Donsalustre1 folds
grisnardo09 folds
MathisKcr collected 150 from pot
*** SUMMARY ***
Total pot 150 | No rake
Board: [5s Th 7c Kh]
Seat 1: MathisKcr (big blind) won 150


Winamax Poker - Tournament "Expresso Nitro" buyIn: 0.93€ + 0.07€ level: 3 - HandId: #4601108390150668289-5-1772377436 - Holdem no limit (20/40) - 2026/03/01 15:03:56 UTC
Table: 'Expresso Nitro(1071279028)#0' 3-max (real money) Seat #3 is the button
Seat 1: MathisKcr (400)
Seat 2: Donsalustre1 (215)
Seat 3: grisnardo09 (285)
*** ANTE/BLINDS ***
MathisKcr posts small blind 20
Donsalustre1 posts big blind 40
Dealt to MathisKcr [3d 3h]
*** PRE-FLOP *** 
grisnardo09 calls 40
MathisKcr raises 360 to 400 and is all-in
Donsalustre1 calls 175 and is all-in
grisnardo09 calls 245 and is all-in
*** FLOP *** [8c 7d 5h]
*** TURN *** [8c 7d 5h][3s]
*** RIVER *** [8c 7d 5h 3s][Jc]
*** SHOW DOWN ***
Donsalustre1 shows [Ts Js] (One pair : Jacks)
grisnardo09 shows [Ac 7c] (One pair : 7)
MathisKcr shows [3d 3h] (Trips of 3)
MathisKcr collected 900 from pot
*** SUMMARY ***
Total pot 900 | No rake
Board: [8c 7d 5h 3s Jc]
Seat 1: MathisKcr (small blind) showed [3d 3h] and won 900 with Trips of 3
Seat 2: Donsalustre1 (big blind) showed [Ts Js] and lost with One pair : Jacks
Seat 3: grisnardo09 (button) showed [Ac 7c] and lost with One pair : 7


