Winamax Poker - Tournament "Expresso Nitro" buyIn: 0.93€ + 0.07€ level: 1 - HandId: #4672427743734923265-1-1774950679 - Holdem no limit (10/20) - 2026/03/31 09:51:19 UTC
Table: 'Expresso Nitro(1087884359)#0' 3-max (real money) Seat #1 is the button
Seat 1: zeubi pronos (300)
Seat 2: CaleDonKing (300)
Seat 3: MathisKcr (300)
*** ANTE/BLINDS ***
CaleDonKing posts small blind 10
MathisKcr posts big blind 20
Dealt to MathisKcr [Jh 9d]
*** PRE-FLOP *** 
zeubi pronos raises 280 to 300 and is all-in
CaleDonKing calls 290 and is all-in
MathisKcr folds
*** FLOP *** [6d As 4s]
*** TURN *** [6d As 4s][Jc]
*** RIVER *** [6d As 4s Jc][Td]
*** SHOW DOWN ***
CaleDonKing shows [Ad 3s] (One pair : Aces)
zeubi pronos shows [Th Tc] (Trips of Tens)
zeubi pronos collected 620 from pot
*** SUMMARY ***
Total pot 620 | No rake
Board: [6d As 4s Jc Td]
Seat 1: zeubi pronos (button) showed [Th Tc] and won 620 with Trips of Tens
Seat 2: CaleDonKing (small blind) showed [Ad 3s] and lost with One pair : Aces


Winamax Poker - Tournament "Expresso Nitro" buyIn: 0.93€ + 0.07€ level: 1 - HandId: #4672427743734923265-2-1774950693 - Holdem no limit (10/20) - 2026/03/31 09:51:33 UTC
Table: 'Expresso Nitro(1087884359)#0' 3-max (real money) Seat #3 is the button
Seat 1: zeubi pronos (620)
Seat 3: MathisKcr (280)
*** ANTE/BLINDS ***
MathisKcr posts small blind 10
zeubi pronos posts big blind 20
Dealt to MathisKcr [Kh Ac]
*** PRE-FLOP *** 
MathisKcr raises 260 to 280 and is all-in
zeubi pronos folds
MathisKcr collected 300 from pot
*** SUMMARY ***
Total pot 300 | No rake
Seat 3: MathisKcr (small blind) (button) won 300


Winamax Poker - Tournament "Expresso Nitro" buyIn: 0.93€ + 0.07€ level: 1 - HandId: #4672427743734923265-3-1774950700 - Holdem no limit (10/20) - 2026/03/31 09:51:40 UTC
Table: 'Expresso Nitro(1087884359)#0' 3-max (real money) Seat #1 is the button
Seat 1: zeubi pronos (600)
Seat 3: MathisKcr (300)
*** ANTE/BLINDS ***
zeubi pronos posts small blind 10
MathisKcr posts big blind 20
Dealt to MathisKcr [3s Ks]
*** PRE-FLOP *** 
zeubi pronos folds
MathisKcr collected 30 from pot
*** SUMMARY ***
Total pot 30 | No rake
Seat 3: MathisKcr (big blind) won 30


Winamax Poker - Tournament "Expresso Nitro" buyIn: 0.93€ + 0.07€ level: 1 - HandId: #4672427743734923265-4-1774950704 - Holdem no limit (10/20) - 2026/03/31 09:51:44 UTC
Table: 'Expresso Nitro(1087884359)#0' 3-max (real money) Seat #3 is the button
Seat 1: zeubi pronos (590)
Seat 3: MathisKcr (310)
*** ANTE/BLINDS ***
MathisKcr posts small blind 10
zeubi pronos posts big blind 20
Dealt to MathisKcr [Ad Qd]
*** PRE-FLOP *** 
MathisKcr calls 10
zeubi pronos checks
*** FLOP *** [Js 6c Td]
zeubi pronos checks
MathisKcr bets 26
zeubi pronos folds
MathisKcr collected 66 from pot
*** SUMMARY ***
Total pot 66 | No rake
Board: [Js 6c Td]
Seat 3: MathisKcr (small blind) (button) won 66


Winamax Poker - Tournament "Expresso Nitro" buyIn: 0.93€ + 0.07€ level: 1 - HandId: #4672427743734923265-5-1774950730 - Holdem no limit (10/20) - 2026/03/31 09:52:10 UTC
Table: 'Expresso Nitro(1087884359)#0' 3-max (real money) Seat #1 is the button
Seat 1: zeubi pronos (570)
Seat 3: MathisKcr (330)
*** ANTE/BLINDS ***
zeubi pronos posts small blind 10
MathisKcr posts big blind 20
Dealt to MathisKcr [Kh 5c]
*** PRE-FLOP *** 
zeubi pronos raises 550 to 570 and is all-in
MathisKcr calls 310 and is all-in
*** FLOP *** [6s 7h Qs]
*** TURN *** [6s 7h Qs][2s]
*** RIVER *** [6s 7h Qs 2s][3s]
*** SHOW DOWN ***
MathisKcr shows [Kh 5c] (High card : King)
zeubi pronos shows [7d Kc] (One pair : 7)
zeubi pronos collected 900 from pot
*** SUMMARY ***
Total pot 900 | No rake
Board: [6s 7h Qs 2s 3s]
Seat 1: zeubi pronos (small blind) (button) showed [7d Kc] and won 900 with One pair : 7
Seat 3: MathisKcr (big blind) showed [Kh 5c] and lost with High card : King


