Winamax Poker - Tournament "Expresso Nitro" buyIn: 0.93€ + 0.07€ level: 1 - HandId: #4666765563794554881-1-1774721223 - Holdem no limit (10/20) - 2026/03/28 18:07:03 UTC
Table: 'Expresso Nitro(1086566030)#0' 3-max (real money) Seat #2 is the button
Seat 1: branka30132 (300)
Seat 2: SLF38 (300)
Seat 3: MathisKcr (300)
*** ANTE/BLINDS ***
MathisKcr posts small blind 10
branka30132 posts big blind 20
Dealt to MathisKcr [Kd Qh]
*** PRE-FLOP *** 
SLF38 calls 20
MathisKcr raises 280 to 300 and is all-in
branka30132 folds
SLF38 calls 280 and is all-in
*** FLOP *** [2s Qd 9d]
*** TURN *** [2s Qd 9d][5s]
*** RIVER *** [2s Qd 9d 5s][5d]
*** SHOW DOWN ***
SLF38 shows [Jh Td] (One pair : 5)
MathisKcr shows [Kd Qh] (Two pairs : Queens and 5)
MathisKcr collected 620 from pot
*** SUMMARY ***
Total pot 620 | No rake
Board: [2s Qd 9d 5s 5d]
Seat 2: SLF38 (button) showed [Jh Td] and lost with One pair : 5
Seat 3: MathisKcr (small blind) showed [Kd Qh] and won 620 with Two pairs : Queens and 5


Winamax Poker - Tournament "Expresso Nitro" buyIn: 0.93€ + 0.07€ level: 1 - HandId: #4666765563794554881-2-1774721246 - Holdem no limit (10/20) - 2026/03/28 18:07:26 UTC
Table: 'Expresso Nitro(1086566030)#0' 3-max (real money) Seat #1 is the button
Seat 1: branka30132 (280)
Seat 3: MathisKcr (620)
*** ANTE/BLINDS ***
branka30132 posts small blind 10
MathisKcr posts big blind 20
Dealt to MathisKcr [6c 2h]
*** PRE-FLOP *** 
branka30132 folds
MathisKcr collected 30 from pot
*** SUMMARY ***
Total pot 30 | No rake
Seat 3: MathisKcr (big blind) won 30


Winamax Poker - Tournament "Expresso Nitro" buyIn: 0.93€ + 0.07€ level: 1 - HandId: #4666765563794554881-3-1774721250 - Holdem no limit (10/20) - 2026/03/28 18:07:30 UTC
Table: 'Expresso Nitro(1086566030)#0' 3-max (real money) Seat #3 is the button
Seat 1: branka30132 (270)
Seat 3: MathisKcr (630)
*** ANTE/BLINDS ***
MathisKcr posts small blind 10
branka30132 posts big blind 20
Dealt to MathisKcr [2s 2c]
*** PRE-FLOP *** 
MathisKcr raises 610 to 630 and is all-in
branka30132 calls 250 and is all-in
*** FLOP *** [Ad 4d Qs]
*** TURN *** [Ad 4d Qs][9s]
*** RIVER *** [Ad 4d Qs 9s][5d]
*** SHOW DOWN ***
branka30132 shows [7c 6c] (High card : Ace)
MathisKcr shows [2s 2c] (One pair : 2)
MathisKcr collected 900 from pot
*** SUMMARY ***
Total pot 900 | No rake
Board: [Ad 4d Qs 9s 5d]
Seat 1: branka30132 (big blind) showed [7c 6c] and lost with High card : Ace
Seat 3: MathisKcr (small blind) (button) showed [2s 2c] and won 900 with One pair : 2


