Winamax Poker - Tournament "Expresso Nitro" buyIn: 0.46€ + 0.04€ level: 1 - HandId: #4528723266201714689-1-1769770212 - Holdem no limit (10/20) - 2026/01/30 10:50:12 UTC
Table: 'Expresso Nitro(1054425553)#0' 3-max (real money) Seat #1 is the button
Seat 1: julitrebu81 (300)
Seat 2: MathisKcr (300)
Seat 3: chriis23 (300)
*** ANTE/BLINDS ***
MathisKcr posts small blind 10
chriis23 posts big blind 20
Dealt to MathisKcr [2s 9h]
*** PRE-FLOP *** 
julitrebu81 folds
MathisKcr calls 10
chriis23 checks
*** FLOP *** [Tc 9s 7c]
MathisKcr bets 40
chriis23 calls 40
*** TURN *** [Tc 9s 7c][8h]
MathisKcr bets 78
chriis23 folds
MathisKcr collected 198 from pot
*** SUMMARY ***
Total pot 198 | No rake
Board: [Tc 9s 7c 8h]
Seat 2: MathisKcr (small blind) won 198


Winamax Poker - Tournament "Expresso Nitro" buyIn: 0.46€ + 0.04€ level: 1 - HandId: #4528723266201714689-2-1769770236 - Holdem no limit (10/20) - 2026/01/30 10:50:36 UTC
Table: 'Expresso Nitro(1054425553)#0' 3-max (real money) Seat #2 is the button
Seat 1: julitrebu81 (300)
Seat 2: MathisKcr (360)
Seat 3: chriis23 (240)
*** ANTE/BLINDS ***
chriis23 posts small blind 10
julitrebu81 posts big blind 20
Dealt to MathisKcr [Js 2c]
*** PRE-FLOP *** 
MathisKcr raises 20 to 40
chriis23 raises 200 to 240 and is all-in
julitrebu81 raises 60 to 300 and is all-in
MathisKcr folds
*** FLOP *** [4d 7c 6c]
*** TURN *** [4d 7c 6c][5d]
*** RIVER *** [4d 7c 6c 5d][6d]
*** SHOW DOWN ***
julitrebu81 shows [Qd Qs] (Two pairs : Queens and 6)
chriis23 shows [7s 7h] (Full of 7 and 6)
chriis23 collected 520 from main pot
julitrebu81 collected 60 from side pot 1
*** SUMMARY ***
Total pot 580 | No rake
Board: [4d 7c 6c 5d 6d]
Seat 1: julitrebu81 (big blind) showed [Qd Qs] and won 60 with Two pairs : Queens and 6
Seat 3: chriis23 (small blind) showed [7s 7h] and won 520 with Full of 7 and 6


Winamax Poker - Tournament "Expresso Nitro" buyIn: 0.46€ + 0.04€ level: 1 - HandId: #4528723266201714689-3-1769770250 - Holdem no limit (10/20) - 2026/01/30 10:50:50 UTC
Table: 'Expresso Nitro(1054425553)#0' 3-max (real money) Seat #3 is the button
Seat 1: julitrebu81 (60)
Seat 2: MathisKcr (320)
Seat 3: chriis23 (520)
*** ANTE/BLINDS ***
julitrebu81 posts small blind 10
MathisKcr posts big blind 20
Dealt to MathisKcr [9c 6d]
*** PRE-FLOP *** 
chriis23 raises 500 to 520 and is all-in
julitrebu81 folds
MathisKcr folds
chriis23 collected 550 from pot
*** SUMMARY ***
Total pot 550 | No rake
Seat 3: chriis23 (button) won 550


Winamax Poker - Tournament "Expresso Nitro" buyIn: 0.46€ + 0.04€ level: 1 - HandId: #4528723266201714689-4-1769770256 - Holdem no limit (10/20) - 2026/01/30 10:50:56 UTC
Table: 'Expresso Nitro(1054425553)#0' 3-max (real money) Seat #1 is the button
Seat 1: julitrebu81 (50)
Seat 2: MathisKcr (300)
Seat 3: chriis23 (550)
*** ANTE/BLINDS ***
MathisKcr posts small blind 10
chriis23 posts big blind 20
Dealt to MathisKcr [Ad Qc]
*** PRE-FLOP *** 
julitrebu81 raises 30 to 50 and is all-in
MathisKcr calls 40
chriis23 folds
*** FLOP *** [4d Td Jh]
*** TURN *** [4d Td Jh][Kc]
*** RIVER *** [4d Td Jh Kc][Js]
*** SHOW DOWN ***
MathisKcr shows [Ad Qc] (Straight Ace high)
julitrebu81 shows [Th Tc] (Full of Tens and Jacks)
julitrebu81 collected 120 from pot
*** SUMMARY ***
Total pot 120 | No rake
Board: [4d Td Jh Kc Js]
Seat 1: julitrebu81 (button) showed [Th Tc] and won 120 with Full of Tens and Jacks
Seat 2: MathisKcr (small blind) showed [Ad Qc] and lost with Straight Ace high


Winamax Poker - Tournament "Expresso Nitro" buyIn: 0.46€ + 0.04€ level: 2 - HandId: #4528723266201714689-5-1769770269 - Holdem no limit (15/30) - 2026/01/30 10:51:09 UTC
Table: 'Expresso Nitro(1054425553)#0' 3-max (real money) Seat #2 is the button
Seat 1: julitrebu81 (120)
Seat 2: MathisKcr (250)
Seat 3: chriis23 (530)
*** ANTE/BLINDS ***
chriis23 posts small blind 15
julitrebu81 posts big blind 30
Dealt to MathisKcr [5d 2d]
*** PRE-FLOP *** 
MathisKcr folds
chriis23 folds
julitrebu81 collected 45 from pot
*** SUMMARY ***
Total pot 45 | No rake
Seat 1: julitrebu81 (big blind) won 45


Winamax Poker - Tournament "Expresso Nitro" buyIn: 0.46€ + 0.04€ level: 2 - HandId: #4528723266201714689-6-1769770277 - Holdem no limit (15/30) - 2026/01/30 10:51:17 UTC
Table: 'Expresso Nitro(1054425553)#0' 3-max (real money) Seat #3 is the button
Seat 1: julitrebu81 (135)
Seat 2: MathisKcr (250)
Seat 3: chriis23 (515)
*** ANTE/BLINDS ***
julitrebu81 posts small blind 15
MathisKcr posts big blind 30
Dealt to MathisKcr [8c 2d]
*** PRE-FLOP *** 
chriis23 calls 30
julitrebu81 folds
MathisKcr checks
*** FLOP *** [3h Th As]
MathisKcr bets 60
chriis23 calls 60
*** TURN *** [3h Th As][7h]
MathisKcr checks
chriis23 bets 425 and is all-in
MathisKcr folds
chriis23 collected 620 from pot
*** SUMMARY ***
Total pot 620 | No rake
Board: [3h Th As 7h]
Seat 3: chriis23 (button) won 620


Winamax Poker - Tournament "Expresso Nitro" buyIn: 0.46€ + 0.04€ level: 2 - HandId: #4528723266201714689-7-1769770311 - Holdem no limit (15/30) - 2026/01/30 10:51:51 UTC
Table: 'Expresso Nitro(1054425553)#0' 3-max (real money) Seat #1 is the button
Seat 1: julitrebu81 (120)
Seat 2: MathisKcr (160)
Seat 3: chriis23 (620)
*** ANTE/BLINDS ***
MathisKcr posts small blind 15
chriis23 posts big blind 30
Dealt to MathisKcr [5h Td]
*** PRE-FLOP *** 
julitrebu81 raises 90 to 120 and is all-in
MathisKcr folds
chriis23 raises 500 to 620 and is all-in
*** FLOP *** [2c Ks 6s]
*** TURN *** [2c Ks 6s][7h]
*** RIVER *** [2c Ks 6s 7h][Ah]
*** SHOW DOWN ***
julitrebu81 shows [Kc Qc] (One pair : Kings)
chriis23 shows [Ac 9s] (One pair : Aces)
chriis23 collected 755 from pot
*** SUMMARY ***
Total pot 755 | No rake
Board: [2c Ks 6s 7h Ah]
Seat 1: julitrebu81 (button) showed [Kc Qc] and lost with One pair : Kings
Seat 3: chriis23 (big blind) showed [Ac 9s] and won 755 with One pair : Aces


Winamax Poker - Tournament "Expresso Nitro" buyIn: 0.46€ + 0.04€ level: 2 - HandId: #4528723266201714689-8-1769770329 - Holdem no limit (15/30) - 2026/01/30 10:52:09 UTC
Table: 'Expresso Nitro(1054425553)#0' 3-max (real money) Seat #3 is the button
Seat 2: MathisKcr (145)
Seat 3: chriis23 (755)
*** ANTE/BLINDS ***
chriis23 posts small blind 15
MathisKcr posts big blind 30
Dealt to MathisKcr [Ks 3d]
*** PRE-FLOP *** 
chriis23 calls 15
MathisKcr raises 30 to 60
chriis23 calls 30
*** FLOP *** [Ad Th Ac]
MathisKcr checks
chriis23 bets 42
MathisKcr folds
chriis23 collected 162 from pot
*** SUMMARY ***
Total pot 162 | No rake
Board: [Ad Th Ac]
Seat 3: chriis23 (small blind) (button) won 162


Winamax Poker - Tournament "Expresso Nitro" buyIn: 0.46€ + 0.04€ level: 3 - HandId: #4528723266201714689-9-1769770362 - Holdem no limit (20/40) - 2026/01/30 10:52:42 UTC
Table: 'Expresso Nitro(1054425553)#0' 3-max (real money) Seat #2 is the button
Seat 2: MathisKcr (85)
Seat 3: chriis23 (815)
*** ANTE/BLINDS ***
MathisKcr posts small blind 20
chriis23 posts big blind 40
Dealt to MathisKcr [4d 9d]
*** PRE-FLOP *** 
MathisKcr folds
chriis23 collected 60 from pot
*** SUMMARY ***
Total pot 60 | No rake
Seat 3: chriis23 (big blind) won 60


Winamax Poker - Tournament "Expresso Nitro" buyIn: 0.46€ + 0.04€ level: 3 - HandId: #4528723266201714689-10-1769770366 - Holdem no limit (20/40) - 2026/01/30 10:52:46 UTC
Table: 'Expresso Nitro(1054425553)#0' 3-max (real money) Seat #3 is the button
Seat 2: MathisKcr (65)
Seat 3: chriis23 (835)
*** ANTE/BLINDS ***
chriis23 posts small blind 20
MathisKcr posts big blind 40
Dealt to MathisKcr [5c 4h]
*** PRE-FLOP *** 
chriis23 folds
MathisKcr collected 60 from pot
*** SUMMARY ***
Total pot 60 | No rake
Seat 2: MathisKcr (big blind) won 60


Winamax Poker - Tournament "Expresso Nitro" buyIn: 0.46€ + 0.04€ level: 3 - HandId: #4528723266201714689-11-1769770375 - Holdem no limit (20/40) - 2026/01/30 10:52:55 UTC
Table: 'Expresso Nitro(1054425553)#0' 3-max (real money) Seat #2 is the button
Seat 2: MathisKcr (85)
Seat 3: chriis23 (815)
*** ANTE/BLINDS ***
MathisKcr posts small blind 20
chriis23 posts big blind 40
Dealt to MathisKcr [4h 9s]
*** PRE-FLOP *** 
MathisKcr folds
chriis23 collected 60 from pot
*** SUMMARY ***
Total pot 60 | No rake
Seat 3: chriis23 (big blind) won 60


Winamax Poker - Tournament "Expresso Nitro" buyIn: 0.46€ + 0.04€ level: 4 - HandId: #4528723266201714689-12-1769770390 - Holdem no limit (30/60) - 2026/01/30 10:53:10 UTC
Table: 'Expresso Nitro(1054425553)#0' 3-max (real money) Seat #3 is the button
Seat 2: MathisKcr (65)
Seat 3: chriis23 (835)
*** ANTE/BLINDS ***
chriis23 posts small blind 30
MathisKcr posts big blind 60
Dealt to MathisKcr [2c 6h]
*** PRE-FLOP *** 
chriis23 raises 775 to 835 and is all-in
MathisKcr folds
chriis23 collected 895 from pot
*** SUMMARY ***
Total pot 895 | No rake
Seat 3: chriis23 (small blind) (button) won 895


Winamax Poker - Tournament "Expresso Nitro" buyIn: 0.46€ + 0.04€ level: 4 - HandId: #4528723266201714689-13-1769770401 - Holdem no limit (30/60) - 2026/01/30 10:53:21 UTC
Table: 'Expresso Nitro(1054425553)#0' 3-max (real money) Seat #2 is the button
Seat 2: MathisKcr (5)
Seat 3: chriis23 (895)
*** ANTE/BLINDS ***
MathisKcr posts small blind 5 and is all-in
chriis23 posts big blind 60
Dealt to MathisKcr [Ks 2c]
*** PRE-FLOP *** 
*** FLOP *** [6s 8h 8s]
*** TURN *** [6s 8h 8s][5h]
*** RIVER *** [6s 8h 8s 5h][2h]
*** SHOW DOWN ***
MathisKcr shows [Ks 2c] (Two pairs : 8 and 2)
chriis23 shows [7c 7h] (Two pairs : 8 and 7)
chriis23 collected 65 from pot
*** SUMMARY ***
Total pot 65 | No rake
Board: [6s 8h 8s 5h 2h]
Seat 2: MathisKcr (small blind) (button) showed [Ks 2c] and lost with Two pairs : 8 and 2
Seat 3: chriis23 (big blind) showed [7c 7h] and won 65 with Two pairs : 8 and 7


