Winamax Poker - Tournament "Expresso Nitro" buyIn: 0.93€ + 0.07€ level: 1 - HandId: #4583076146052071425-1-1771613503 - Holdem no limit (10/20) - 2026/02/20 18:51:43 UTC
Table: 'Expresso Nitro(1067080569)#0' 3-max (real money) Seat #2 is the button
Seat 1: Labicrave07 (300)
Seat 2: OsoActivo499 (300)
Seat 3: MathisKcr (300)
*** ANTE/BLINDS ***
MathisKcr posts small blind 10
Labicrave07 posts big blind 20
Dealt to MathisKcr [5d 5c]
*** PRE-FLOP *** 
OsoActivo499 calls 20
MathisKcr raises 280 to 300 and is all-in
Labicrave07 folds
OsoActivo499 folds
MathisKcr collected 340 from pot
*** SUMMARY ***
Total pot 340 | No rake
Seat 3: MathisKcr (small blind) won 340


Winamax Poker - Tournament "Expresso Nitro" buyIn: 0.93€ + 0.07€ level: 1 - HandId: #4583076146052071425-2-1771613515 - Holdem no limit (10/20) - 2026/02/20 18:51:55 UTC
Table: 'Expresso Nitro(1067080569)#0' 3-max (real money) Seat #3 is the button
Seat 1: Labicrave07 (280)
Seat 2: OsoActivo499 (280)
Seat 3: MathisKcr (340)
*** ANTE/BLINDS ***
Labicrave07 posts small blind 10
OsoActivo499 posts big blind 20
Dealt to MathisKcr [Qs 4c]
*** PRE-FLOP *** 
MathisKcr raises 20 to 40
Labicrave07 folds
OsoActivo499 calls 20
*** FLOP *** [Tc 5h 8c]
OsoActivo499 checks
MathisKcr bets 32
OsoActivo499 calls 32
*** TURN *** [Tc 5h 8c][6s]
OsoActivo499 checks
MathisKcr bets 100
OsoActivo499 folds
MathisKcr collected 254 from pot
*** SUMMARY ***
Total pot 254 | No rake
Board: [Tc 5h 8c 6s]
Seat 3: MathisKcr (button) won 254


Winamax Poker - Tournament "Expresso Nitro" buyIn: 0.93€ + 0.07€ level: 1 - HandId: #4583076146052071425-3-1771613542 - Holdem no limit (10/20) - 2026/02/20 18:52:22 UTC
Table: 'Expresso Nitro(1067080569)#0' 3-max (real money) Seat #1 is the button
Seat 1: Labicrave07 (270)
Seat 2: OsoActivo499 (208)
Seat 3: MathisKcr (422)
*** ANTE/BLINDS ***
OsoActivo499 posts small blind 10
MathisKcr posts big blind 20
Dealt to MathisKcr [2h Kd]
*** PRE-FLOP *** 
Labicrave07 raises 250 to 270 and is all-in
OsoActivo499 folds
MathisKcr folds
Labicrave07 collected 300 from pot
*** SUMMARY ***
Total pot 300 | No rake
Seat 1: Labicrave07 (button) won 300


Winamax Poker - Tournament "Expresso Nitro" buyIn: 0.93€ + 0.07€ level: 1 - HandId: #4583076146052071425-4-1771613549 - Holdem no limit (10/20) - 2026/02/20 18:52:29 UTC
Table: 'Expresso Nitro(1067080569)#0' 3-max (real money) Seat #2 is the button
Seat 1: Labicrave07 (300)
Seat 2: OsoActivo499 (198)
Seat 3: MathisKcr (402)
*** ANTE/BLINDS ***
MathisKcr posts small blind 10
Labicrave07 posts big blind 20
Dealt to MathisKcr [9c 8s]
*** PRE-FLOP *** 
OsoActivo499 calls 20
MathisKcr raises 20 to 40
Labicrave07 folds
OsoActivo499 calls 20
*** FLOP *** [Qs Td 9h]
MathisKcr checks
OsoActivo499 checks
*** TURN *** [Qs Td 9h][9s]
MathisKcr bets 25
OsoActivo499 folds
MathisKcr collected 125 from pot
*** SUMMARY ***
Total pot 125 | No rake
Board: [Qs Td 9h 9s]
Seat 3: MathisKcr (small blind) won 125


Winamax Poker - Tournament "Expresso Nitro" buyIn: 0.93€ + 0.07€ level: 2 - HandId: #4583076146052071425-5-1771613576 - Holdem no limit (15/30) - 2026/02/20 18:52:56 UTC
Table: 'Expresso Nitro(1067080569)#0' 3-max (real money) Seat #3 is the button
Seat 1: Labicrave07 (280)
Seat 2: OsoActivo499 (158)
Seat 3: MathisKcr (462)
*** ANTE/BLINDS ***
Labicrave07 posts small blind 15
OsoActivo499 posts big blind 30
Dealt to MathisKcr [3d 8s]
*** PRE-FLOP *** 
MathisKcr folds
Labicrave07 raises 250 to 280 and is all-in
OsoActivo499 folds
Labicrave07 collected 310 from pot
*** SUMMARY ***
Total pot 310 | No rake
Seat 1: Labicrave07 (small blind) won 310


Winamax Poker - Tournament "Expresso Nitro" buyIn: 0.93€ + 0.07€ level: 2 - HandId: #4583076146052071425-6-1771613583 - Holdem no limit (15/30) - 2026/02/20 18:53:03 UTC
Table: 'Expresso Nitro(1067080569)#0' 3-max (real money) Seat #1 is the button
Seat 1: Labicrave07 (310)
Seat 2: OsoActivo499 (128)
Seat 3: MathisKcr (462)
*** ANTE/BLINDS ***
OsoActivo499 posts small blind 15
MathisKcr posts big blind 30
Dealt to MathisKcr [9s Jd]
*** PRE-FLOP *** 
Labicrave07 raises 280 to 310 and is all-in
OsoActivo499 calls 113 and is all-in
MathisKcr folds
*** FLOP *** [Ks 8h 6c]
*** TURN *** [Ks 8h 6c][9d]
*** RIVER *** [Ks 8h 6c 9d][7c]
*** SHOW DOWN ***
OsoActivo499 shows [Jh 9h] (One pair : 9)
Labicrave07 shows [Ts Ac] (Straight Ten high)
Labicrave07 collected 468 from pot
*** SUMMARY ***
Total pot 468 | No rake
Board: [Ks 8h 6c 9d 7c]
Seat 1: Labicrave07 (button) showed [Ts Ac] and won 468 with Straight Ten high
Seat 2: OsoActivo499 (small blind) showed [Jh 9h] and lost with One pair : 9


Winamax Poker - Tournament "Expresso Nitro" buyIn: 0.93€ + 0.07€ level: 2 - HandId: #4583076146052071425-7-1771613600 - Holdem no limit (15/30) - 2026/02/20 18:53:20 UTC
Table: 'Expresso Nitro(1067080569)#0' 3-max (real money) Seat #3 is the button
Seat 1: Labicrave07 (468)
Seat 3: MathisKcr (432)
*** ANTE/BLINDS ***
MathisKcr posts small blind 15
Labicrave07 posts big blind 30
Dealt to MathisKcr [Qd 7c]
*** PRE-FLOP *** 
MathisKcr raises 30 to 60
Labicrave07 folds
MathisKcr collected 90 from pot
*** SUMMARY ***
Total pot 90 | No rake
Seat 3: MathisKcr (small blind) (button) won 90


Winamax Poker - Tournament "Expresso Nitro" buyIn: 0.93€ + 0.07€ level: 2 - HandId: #4583076146052071425-8-1771613607 - Holdem no limit (15/30) - 2026/02/20 18:53:27 UTC
Table: 'Expresso Nitro(1067080569)#0' 3-max (real money) Seat #1 is the button
Seat 1: Labicrave07 (438)
Seat 3: MathisKcr (462)
*** ANTE/BLINDS ***
Labicrave07 posts small blind 15
MathisKcr posts big blind 30
Dealt to MathisKcr [Ah 6s]
*** PRE-FLOP *** 
Labicrave07 raises 408 to 438 and is all-in
MathisKcr calls 408
*** FLOP *** [Th Qs 6d]
*** TURN *** [Th Qs 6d][3c]
*** RIVER *** [Th Qs 6d 3c][Ad]
*** SHOW DOWN ***
Labicrave07 shows [9d Jd] (High card : Ace)
MathisKcr shows [Ah 6s] (Two pairs : Aces and 6)
MathisKcr collected 876 from pot
*** SUMMARY ***
Total pot 876 | No rake
Board: [Th Qs 6d 3c Ad]
Seat 1: Labicrave07 (small blind) (button) showed [9d Jd] and lost with High card : Ace
Seat 3: MathisKcr (big blind) showed [Ah 6s] and won 876 with Two pairs : Aces and 6


