Winamax Poker - Tournament "Expresso Nitro" buyIn: 0.46€ + 0.04€ level: 1 - HandId: #4547742450835259393-1-1770381214 - Holdem no limit (10/20) - 2026/02/06 12:33:34 UTC
Table: 'Expresso Nitro(1058853802)#0' 3-max (real money) Seat #1 is the button
Seat 1: zouille78 (300)
Seat 2: Theo Boss543 (300)
Seat 3: MathisKcr (300)
*** ANTE/BLINDS ***
Theo Boss543 posts small blind 10
MathisKcr posts big blind 20
Dealt to MathisKcr [7d Jh]
*** PRE-FLOP *** 
zouille78 calls 20
Theo Boss543 folds
MathisKcr checks
*** FLOP *** [Qc Qh 5s]
MathisKcr checks
zouille78 checks
*** TURN *** [Qc Qh 5s][Qd]
MathisKcr checks
zouille78 checks
*** RIVER *** [Qc Qh 5s Qd][Tc]
MathisKcr bets 50
zouille78 folds
MathisKcr collected 100 from pot
*** SUMMARY ***
Total pot 100 | No rake
Board: [Qc Qh 5s Qd Tc]
Seat 3: MathisKcr (big blind) won 100


Winamax Poker - Tournament "Expresso Nitro" buyIn: 0.46€ + 0.04€ level: 1 - HandId: #4547742450835259393-2-1770381245 - Holdem no limit (10/20) - 2026/02/06 12:34:05 UTC
Table: 'Expresso Nitro(1058853802)#0' 3-max (real money) Seat #2 is the button
Seat 1: zouille78 (280)
Seat 2: Theo Boss543 (290)
Seat 3: MathisKcr (330)
*** ANTE/BLINDS ***
MathisKcr posts small blind 10
zouille78 posts big blind 20
Dealt to MathisKcr [5h 5d]
*** PRE-FLOP *** 
Theo Boss543 calls 20
MathisKcr raises 310 to 330 and is all-in
zouille78 calls 260 and is all-in
Theo Boss543 folds
*** FLOP *** [5c 9h Jd]
*** TURN *** [5c 9h Jd][2h]
*** RIVER *** [5c 9h Jd 2h][Th]
*** SHOW DOWN ***
zouille78 shows [Ad Jc] (One pair : Jacks)
MathisKcr shows [5h 5d] (Trips of 5)
MathisKcr collected 630 from pot
*** SUMMARY ***
Total pot 630 | No rake
Board: [5c 9h Jd 2h Th]
Seat 1: zouille78 (big blind) showed [Ad Jc] and lost with One pair : Jacks
Seat 3: MathisKcr (small blind) showed [5h 5d] and won 630 with Trips of 5


Winamax Poker - Tournament "Expresso Nitro" buyIn: 0.46€ + 0.04€ level: 1 - HandId: #4547742450835259393-3-1770381262 - Holdem no limit (10/20) - 2026/02/06 12:34:22 UTC
Table: 'Expresso Nitro(1058853802)#0' 3-max (real money) Seat #2 is the button
Seat 2: Theo Boss543 (270)
Seat 3: MathisKcr (630)
*** ANTE/BLINDS ***
Theo Boss543 posts small blind 10
MathisKcr posts big blind 20
Dealt to MathisKcr [Kh 7c]
*** PRE-FLOP *** 
Theo Boss543 folds
MathisKcr collected 30 from pot
*** SUMMARY ***
Total pot 30 | No rake
Seat 3: MathisKcr (big blind) won 30


Winamax Poker - Tournament "Expresso Nitro" buyIn: 0.46€ + 0.04€ level: 1 - HandId: #4547742450835259393-4-1770381267 - Holdem no limit (10/20) - 2026/02/06 12:34:27 UTC
Table: 'Expresso Nitro(1058853802)#0' 3-max (real money) Seat #3 is the button
Seat 2: Theo Boss543 (260)
Seat 3: MathisKcr (640)
*** ANTE/BLINDS ***
MathisKcr posts small blind 10
Theo Boss543 posts big blind 20
Dealt to MathisKcr [Kd Ah]
*** PRE-FLOP *** 
MathisKcr raises 40 to 60
Theo Boss543 folds
MathisKcr collected 80 from pot
*** SUMMARY ***
Total pot 80 | No rake
Seat 3: MathisKcr (small blind) (button) won 80


Winamax Poker - Tournament "Expresso Nitro" buyIn: 0.46€ + 0.04€ level: 2 - HandId: #4547742450835259393-5-1770381274 - Holdem no limit (15/30) - 2026/02/06 12:34:34 UTC
Table: 'Expresso Nitro(1058853802)#0' 3-max (real money) Seat #2 is the button
Seat 2: Theo Boss543 (240)
Seat 3: MathisKcr (660)
*** ANTE/BLINDS ***
Theo Boss543 posts small blind 15
MathisKcr posts big blind 30
Dealt to MathisKcr [Kh Jd]
*** PRE-FLOP *** 
Theo Boss543 folds
MathisKcr collected 45 from pot
*** SUMMARY ***
Total pot 45 | No rake
Seat 3: MathisKcr (big blind) won 45


Winamax Poker - Tournament "Expresso Nitro" buyIn: 0.46€ + 0.04€ level: 2 - HandId: #4547742450835259393-6-1770381279 - Holdem no limit (15/30) - 2026/02/06 12:34:39 UTC
Table: 'Expresso Nitro(1058853802)#0' 3-max (real money) Seat #3 is the button
Seat 2: Theo Boss543 (225)
Seat 3: MathisKcr (675)
*** ANTE/BLINDS ***
MathisKcr posts small blind 15
Theo Boss543 posts big blind 30
Dealt to MathisKcr [8c Th]
*** PRE-FLOP *** 
MathisKcr raises 30 to 60
Theo Boss543 raises 165 to 225 and is all-in
MathisKcr folds
Theo Boss543 collected 285 from pot
*** SUMMARY ***
Total pot 285 | No rake
Seat 2: Theo Boss543 (big blind) won 285


Winamax Poker - Tournament "Expresso Nitro" buyIn: 0.46€ + 0.04€ level: 2 - HandId: #4547742450835259393-7-1770381289 - Holdem no limit (15/30) - 2026/02/06 12:34:49 UTC
Table: 'Expresso Nitro(1058853802)#0' 3-max (real money) Seat #2 is the button
Seat 2: Theo Boss543 (285)
Seat 3: MathisKcr (615)
*** ANTE/BLINDS ***
Theo Boss543 posts small blind 15
MathisKcr posts big blind 30
Dealt to MathisKcr [Qh 4s]
*** PRE-FLOP *** 
Theo Boss543 calls 15
MathisKcr checks
*** FLOP *** [2d 9c Ts]
MathisKcr bets 60
Theo Boss543 folds
MathisKcr collected 120 from pot
*** SUMMARY ***
Total pot 120 | No rake
Board: [2d 9c Ts]
Seat 3: MathisKcr (big blind) won 120


Winamax Poker - Tournament "Expresso Nitro" buyIn: 0.46€ + 0.04€ level: 2 - HandId: #4547742450835259393-8-1770381300 - Holdem no limit (15/30) - 2026/02/06 12:35:00 UTC
Table: 'Expresso Nitro(1058853802)#0' 3-max (real money) Seat #3 is the button
Seat 2: Theo Boss543 (255)
Seat 3: MathisKcr (645)
*** ANTE/BLINDS ***
MathisKcr posts small blind 15
Theo Boss543 posts big blind 30
Dealt to MathisKcr [6c Jh]
*** PRE-FLOP *** 
MathisKcr raises 60 to 90
Theo Boss543 folds
MathisKcr collected 120 from pot
*** SUMMARY ***
Total pot 120 | No rake
Seat 3: MathisKcr (small blind) (button) won 120


Winamax Poker - Tournament "Expresso Nitro" buyIn: 0.46€ + 0.04€ level: 2 - HandId: #4547742450835259393-9-1770381306 - Holdem no limit (15/30) - 2026/02/06 12:35:06 UTC
Table: 'Expresso Nitro(1058853802)#0' 3-max (real money) Seat #2 is the button
Seat 2: Theo Boss543 (225)
Seat 3: MathisKcr (675)
*** ANTE/BLINDS ***
Theo Boss543 posts small blind 15
MathisKcr posts big blind 30
Dealt to MathisKcr [Kh 2c]
*** PRE-FLOP *** 
Theo Boss543 folds
MathisKcr collected 45 from pot
*** SUMMARY ***
Total pot 45 | No rake
Seat 3: MathisKcr (big blind) won 45


Winamax Poker - Tournament "Expresso Nitro" buyIn: 0.46€ + 0.04€ level: 2 - HandId: #4547742450835259393-10-1770381312 - Holdem no limit (15/30) - 2026/02/06 12:35:12 UTC
Table: 'Expresso Nitro(1058853802)#0' 3-max (real money) Seat #3 is the button
Seat 2: Theo Boss543 (210)
Seat 3: MathisKcr (690)
*** ANTE/BLINDS ***
MathisKcr posts small blind 15
Theo Boss543 posts big blind 30
Dealt to MathisKcr [3c 2s]
*** PRE-FLOP *** 
MathisKcr raises 60 to 90
Theo Boss543 raises 120 to 210 and is all-in
MathisKcr folds
Theo Boss543 collected 300 from pot
*** SUMMARY ***
Total pot 300 | No rake
Seat 2: Theo Boss543 (big blind) won 300


Winamax Poker - Tournament "Expresso Nitro" buyIn: 0.46€ + 0.04€ level: 2 - HandId: #4547742450835259393-11-1770381320 - Holdem no limit (15/30) - 2026/02/06 12:35:20 UTC
Table: 'Expresso Nitro(1058853802)#0' 3-max (real money) Seat #2 is the button
Seat 2: Theo Boss543 (300)
Seat 3: MathisKcr (600)
*** ANTE/BLINDS ***
Theo Boss543 posts small blind 15
MathisKcr posts big blind 30
Dealt to MathisKcr [7d Ah]
*** PRE-FLOP *** 
Theo Boss543 calls 15
MathisKcr raises 60 to 90
Theo Boss543 folds
MathisKcr collected 120 from pot
*** SUMMARY ***
Total pot 120 | No rake
Seat 3: MathisKcr (big blind) won 120


Winamax Poker - Tournament "Expresso Nitro" buyIn: 0.46€ + 0.04€ level: 3 - HandId: #4547742450835259393-12-1770381333 - Holdem no limit (20/40) - 2026/02/06 12:35:33 UTC
Table: 'Expresso Nitro(1058853802)#0' 3-max (real money) Seat #3 is the button
Seat 2: Theo Boss543 (270)
Seat 3: MathisKcr (630)
*** ANTE/BLINDS ***
MathisKcr posts small blind 20
Theo Boss543 posts big blind 40
Dealt to MathisKcr [Ks 9s]
*** PRE-FLOP *** 
MathisKcr raises 80 to 120
Theo Boss543 folds
MathisKcr collected 160 from pot
*** SUMMARY ***
Total pot 160 | No rake
Seat 3: MathisKcr (small blind) (button) won 160


Winamax Poker - Tournament "Expresso Nitro" buyIn: 0.46€ + 0.04€ level: 3 - HandId: #4547742450835259393-13-1770381340 - Holdem no limit (20/40) - 2026/02/06 12:35:40 UTC
Table: 'Expresso Nitro(1058853802)#0' 3-max (real money) Seat #2 is the button
Seat 2: Theo Boss543 (230)
Seat 3: MathisKcr (670)
*** ANTE/BLINDS ***
Theo Boss543 posts small blind 20
MathisKcr posts big blind 40
Dealt to MathisKcr [5h 7d]
*** PRE-FLOP *** 
Theo Boss543 folds
MathisKcr collected 60 from pot
*** SUMMARY ***
Total pot 60 | No rake
Seat 3: MathisKcr (big blind) won 60


Winamax Poker - Tournament "Expresso Nitro" buyIn: 0.46€ + 0.04€ level: 3 - HandId: #4547742450835259393-14-1770381346 - Holdem no limit (20/40) - 2026/02/06 12:35:46 UTC
Table: 'Expresso Nitro(1058853802)#0' 3-max (real money) Seat #3 is the button
Seat 2: Theo Boss543 (210)
Seat 3: MathisKcr (690)
*** ANTE/BLINDS ***
MathisKcr posts small blind 20
Theo Boss543 posts big blind 40
Dealt to MathisKcr [4d Ad]
*** PRE-FLOP *** 
MathisKcr raises 80 to 120
Theo Boss543 raises 90 to 210 and is all-in
MathisKcr calls 90
*** FLOP *** [3h 9d 5s]
*** TURN *** [3h 9d 5s][7d]
*** RIVER *** [3h 9d 5s 7d][Js]
*** SHOW DOWN ***
Theo Boss543 shows [Kc Td] (High card : King)
MathisKcr shows [4d Ad] (High card : Ace)
MathisKcr collected 420 from pot
*** SUMMARY ***
Total pot 420 | No rake
Board: [3h 9d 5s 7d Js]
Seat 2: Theo Boss543 (big blind) showed [Kc Td] and lost with High card : King
Seat 3: MathisKcr (small blind) (button) showed [4d Ad] and won 420 with High card : Ace


