Winamax Poker - Tournament "Expresso Nitro" buyIn: 0.93€ + 0.07€ level: 1 - HandId: #4614053189652578305-1-1772887745 - Holdem no limit (10/20) - 2026/03/07 12:49:05 UTC
Table: 'Expresso Nitro(1074292974)#0' 3-max (real money) Seat #2 is the button
Seat 1: GigaErection (300)
Seat 2: MathisKcr (300)
Seat 3: Hornet.14 (300)
*** ANTE/BLINDS ***
Hornet.14 posts small blind 10
GigaErection posts big blind 20
Dealt to MathisKcr [3d Ts]
*** PRE-FLOP *** 
MathisKcr folds
Hornet.14 folds
GigaErection collected 30 from pot
*** SUMMARY ***
Total pot 30 | No rake
Seat 1: GigaErection (big blind) won 30


Winamax Poker - Tournament "Expresso Nitro" buyIn: 0.93€ + 0.07€ level: 1 - HandId: #4614053189652578305-2-1772887755 - Holdem no limit (10/20) - 2026/03/07 12:49:15 UTC
Table: 'Expresso Nitro(1074292974)#0' 3-max (real money) Seat #3 is the button
Seat 1: GigaErection (310)
Seat 2: MathisKcr (300)
Seat 3: Hornet.14 (290)
*** ANTE/BLINDS ***
GigaErection posts small blind 10
MathisKcr posts big blind 20
Dealt to MathisKcr [Jh 3c]
*** PRE-FLOP *** 
Hornet.14 folds
GigaErection calls 10
MathisKcr checks
*** FLOP *** [5s Td Jc]
GigaErection checks
MathisKcr bets 40
GigaErection calls 40
*** TURN *** [5s Td Jc][4h]
GigaErection checks
MathisKcr bets 42
GigaErection calls 42
*** RIVER *** [5s Td Jc 4h][Ks]
GigaErection checks
MathisKcr checks
*** SHOW DOWN ***
GigaErection shows [9h 8h] (High card : King)
MathisKcr shows [Jh 3c] (One pair : Jacks)
MathisKcr collected 204 from pot
*** SUMMARY ***
Total pot 204 | No rake
Board: [5s Td Jc 4h Ks]
Seat 1: GigaErection (small blind) showed [9h 8h] and lost with High card : King
Seat 2: MathisKcr (big blind) showed [Jh 3c] and won 204 with One pair : Jacks


Winamax Poker - Tournament "Expresso Nitro" buyIn: 0.93€ + 0.07€ level: 1 - HandId: #4614053189652578305-3-1772887785 - Holdem no limit (10/20) - 2026/03/07 12:49:45 UTC
Table: 'Expresso Nitro(1074292974)#0' 3-max (real money) Seat #1 is the button
Seat 1: GigaErection (208)
Seat 2: MathisKcr (402)
Seat 3: Hornet.14 (290)
*** ANTE/BLINDS ***
MathisKcr posts small blind 10
Hornet.14 posts big blind 20
Dealt to MathisKcr [4d Ts]
*** PRE-FLOP *** 
GigaErection calls 20
MathisKcr calls 10
Hornet.14 checks
*** FLOP *** [9s 4s 8d]
MathisKcr checks
Hornet.14 checks
GigaErection checks
*** TURN *** [9s 4s 8d][As]
MathisKcr checks
Hornet.14 checks
GigaErection checks
*** RIVER *** [9s 4s 8d As][Ad]
MathisKcr checks
Hornet.14 checks
GigaErection bets 188 and is all-in
MathisKcr calls 188
Hornet.14 folds
*** SHOW DOWN ***
GigaErection shows [6c Kc] (One pair : Aces)
MathisKcr shows [4d Ts] (Two pairs : Aces and 4)
MathisKcr collected 436 from pot
*** SUMMARY ***
Total pot 436 | No rake
Board: [9s 4s 8d As Ad]
Seat 1: GigaErection (button) showed [6c Kc] and lost with One pair : Aces
Seat 2: MathisKcr (small blind) showed [4d Ts] and won 436 with Two pairs : Aces and 4


Winamax Poker - Tournament "Expresso Nitro" buyIn: 0.93€ + 0.07€ level: 2 - HandId: #4614053189652578305-4-1772887818 - Holdem no limit (15/30) - 2026/03/07 12:50:18 UTC
Table: 'Expresso Nitro(1074292974)#0' 3-max (real money) Seat #3 is the button
Seat 2: MathisKcr (630)
Seat 3: Hornet.14 (270)
*** ANTE/BLINDS ***
Hornet.14 posts small blind 15
MathisKcr posts big blind 30
Dealt to MathisKcr [Jd 4d]
*** PRE-FLOP *** 
Hornet.14 calls 15
MathisKcr checks
*** FLOP *** [7c Qc 9s]
MathisKcr checks
Hornet.14 checks
*** TURN *** [7c Qc 9s][Qd]
MathisKcr checks
Hornet.14 checks
*** RIVER *** [7c Qc 9s Qd][7h]
MathisKcr checks
Hornet.14 checks
*** SHOW DOWN ***
Hornet.14 shows [4h 6h] (Two pairs : Queens and 7)
MathisKcr shows [Jd 4d] (Two pairs : Queens and 7)
MathisKcr collected 60 from pot
*** SUMMARY ***
Total pot 60 | No rake
Board: [7c Qc 9s Qd 7h]
Seat 2: MathisKcr (big blind) showed [Jd 4d] and won 60 with Two pairs : Queens and 7
Seat 3: Hornet.14 (small blind) (button) showed [4h 6h] and lost with Two pairs : Queens and 7


Winamax Poker - Tournament "Expresso Nitro" buyIn: 0.93€ + 0.07€ level: 2 - HandId: #4614053189652578305-5-1772887854 - Holdem no limit (15/30) - 2026/03/07 12:50:54 UTC
Table: 'Expresso Nitro(1074292974)#0' 3-max (real money) Seat #2 is the button
Seat 2: MathisKcr (660)
Seat 3: Hornet.14 (240)
*** ANTE/BLINDS ***
MathisKcr posts small blind 15
Hornet.14 posts big blind 30
Dealt to MathisKcr [Th Qs]
*** PRE-FLOP *** 
MathisKcr raises 60 to 90
Hornet.14 calls 60
*** FLOP *** [Qc Ac Jd]
Hornet.14 checks
MathisKcr bets 63
Hornet.14 calls 63
*** TURN *** [Qc Ac Jd][9s]
Hornet.14 checks
MathisKcr bets 153
Hornet.14 calls 87 and is all-in
*** RIVER *** [Qc Ac Jd 9s][Qd]
*** SHOW DOWN ***
Hornet.14 shows [9d Ts] (Two pairs : Queens and 9)
MathisKcr shows [Th Qs] (Trips of Queens)
MathisKcr collected 546 from pot
*** SUMMARY ***
Total pot 546 | No rake
Board: [Qc Ac Jd 9s Qd]
Seat 2: MathisKcr (small blind) (button) showed [Th Qs] and won 546 with Trips of Queens
Seat 3: Hornet.14 (big blind) showed [9d Ts] and lost with Two pairs : Queens and 9


