Winamax Poker - Tournament "Expresso Nitro" buyIn: 0.93€ + 0.07€ level: 1 - HandId: #4667928606578573313-1-1774772952 - Holdem no limit (10/20) - 2026/03/29 08:29:12 UTC
Table: 'Expresso Nitro(1086836822)#0' 3-max (real money) Seat #3 is the button
Seat 1: MathisKcr (300)
Seat 2: c-rebral (300)
Seat 3: wendy92 (300)
*** ANTE/BLINDS ***
MathisKcr posts small blind 10
c-rebral posts big blind 20
Dealt to MathisKcr [2c 8d]
*** PRE-FLOP *** 
wendy92 calls 20
MathisKcr folds
c-rebral checks
*** FLOP *** [6s 3c 4d]
c-rebral checks
wendy92 checks
*** TURN *** [6s 3c 4d][As]
c-rebral checks
wendy92 checks
*** RIVER *** [6s 3c 4d As][8s]
c-rebral checks
wendy92 bets 20
c-rebral folds
wendy92 collected 70 from pot
*** SUMMARY ***
Total pot 70 | No rake
Board: [6s 3c 4d As 8s]
Seat 3: wendy92 (button) won 70


Winamax Poker - Tournament "Expresso Nitro" buyIn: 0.93€ + 0.07€ level: 1 - HandId: #4667928606578573313-2-1774773004 - Holdem no limit (10/20) - 2026/03/29 08:30:04 UTC
Table: 'Expresso Nitro(1086836822)#0' 3-max (real money) Seat #1 is the button
Seat 1: MathisKcr (290)
Seat 2: c-rebral (280)
Seat 3: wendy92 (330)
*** ANTE/BLINDS ***
c-rebral posts small blind 10
wendy92 posts big blind 20
Dealt to MathisKcr [2h Kc]
*** PRE-FLOP *** 
MathisKcr raises 20 to 40
c-rebral folds
wendy92 calls 20
*** FLOP *** [6c Qh 4s]
wendy92 checks
MathisKcr checks
*** TURN *** [6c Qh 4s][Jh]
wendy92 checks
MathisKcr checks
*** RIVER *** [6c Qh 4s Jh][Jd]
wendy92 checks
MathisKcr checks
*** SHOW DOWN ***
wendy92 shows [Tc 3s] (One pair : Jacks)
MathisKcr shows [2h Kc] (One pair : Jacks)
MathisKcr collected 90 from pot
*** SUMMARY ***
Total pot 90 | No rake
Board: [6c Qh 4s Jh Jd]
Seat 1: MathisKcr (button) showed [2h Kc] and won 90 with One pair : Jacks
Seat 3: wendy92 (big blind) showed [Tc 3s] and lost with One pair : Jacks


Winamax Poker - Tournament "Expresso Nitro" buyIn: 0.93€ + 0.07€ level: 2 - HandId: #4667928606578573313-3-1774773025 - Holdem no limit (15/30) - 2026/03/29 08:30:25 UTC
Table: 'Expresso Nitro(1086836822)#0' 3-max (real money) Seat #2 is the button
Seat 1: MathisKcr (340)
Seat 2: c-rebral (270)
Seat 3: wendy92 (290)
*** ANTE/BLINDS ***
wendy92 posts small blind 15
MathisKcr posts big blind 30
Dealt to MathisKcr [3d 5s]
*** PRE-FLOP *** 
c-rebral folds
wendy92 calls 15
MathisKcr checks
*** FLOP *** [Kd 2s 9c]
wendy92 checks
MathisKcr checks
*** TURN *** [Kd 2s 9c][6c]
wendy92 checks
MathisKcr checks
*** RIVER *** [Kd 2s 9c 6c][Qs]
wendy92 bets 30
MathisKcr folds
wendy92 collected 90 from pot
*** SUMMARY ***
Total pot 90 | No rake
Board: [Kd 2s 9c 6c Qs]
Seat 3: wendy92 (small blind) won 90


Winamax Poker - Tournament "Expresso Nitro" buyIn: 0.93€ + 0.07€ level: 2 - HandId: #4667928606578573313-4-1774773046 - Holdem no limit (15/30) - 2026/03/29 08:30:46 UTC
Table: 'Expresso Nitro(1086836822)#0' 3-max (real money) Seat #3 is the button
Seat 1: MathisKcr (310)
Seat 2: c-rebral (270)
Seat 3: wendy92 (320)
*** ANTE/BLINDS ***
MathisKcr posts small blind 15
c-rebral posts big blind 30
Dealt to MathisKcr [3s 3d]
*** PRE-FLOP *** 
wendy92 calls 30
MathisKcr raises 280 to 310 and is all-in
c-rebral folds
wendy92 folds
MathisKcr collected 370 from pot
*** SUMMARY ***
Total pot 370 | No rake
Seat 1: MathisKcr (small blind) won 370


Winamax Poker - Tournament "Expresso Nitro" buyIn: 0.93€ + 0.07€ level: 2 - HandId: #4667928606578573313-5-1774773057 - Holdem no limit (15/30) - 2026/03/29 08:30:57 UTC
Table: 'Expresso Nitro(1086836822)#0' 3-max (real money) Seat #1 is the button
Seat 1: MathisKcr (370)
Seat 2: c-rebral (240)
Seat 3: wendy92 (290)
*** ANTE/BLINDS ***
c-rebral posts small blind 15
wendy92 posts big blind 30
Dealt to MathisKcr [Ks 3d]
*** PRE-FLOP *** 
MathisKcr folds
c-rebral folds
wendy92 collected 45 from pot
*** SUMMARY ***
Total pot 45 | No rake
Seat 3: wendy92 (big blind) won 45


Winamax Poker - Tournament "Expresso Nitro" buyIn: 0.93€ + 0.07€ level: 3 - HandId: #4667928606578573313-6-1774773072 - Holdem no limit (20/40) - 2026/03/29 08:31:12 UTC
Table: 'Expresso Nitro(1086836822)#0' 3-max (real money) Seat #2 is the button
Seat 1: MathisKcr (370)
Seat 2: c-rebral (225)
Seat 3: wendy92 (305)
*** ANTE/BLINDS ***
wendy92 posts small blind 20
MathisKcr posts big blind 40
Dealt to MathisKcr [Jh 3h]
*** PRE-FLOP *** 
c-rebral raises 185 to 225 and is all-in
wendy92 folds
MathisKcr folds
c-rebral collected 285 from pot
*** SUMMARY ***
Total pot 285 | No rake
Seat 2: c-rebral (button) won 285


Winamax Poker - Tournament "Expresso Nitro" buyIn: 0.93€ + 0.07€ level: 3 - HandId: #4667928606578573313-7-1774773093 - Holdem no limit (20/40) - 2026/03/29 08:31:33 UTC
Table: 'Expresso Nitro(1086836822)#0' 3-max (real money) Seat #3 is the button
Seat 1: MathisKcr (330)
Seat 2: c-rebral (285)
Seat 3: wendy92 (285)
*** ANTE/BLINDS ***
MathisKcr posts small blind 20
c-rebral posts big blind 40
Dealt to MathisKcr [Qs 6h]
*** PRE-FLOP *** 
wendy92 calls 40
MathisKcr raises 290 to 330 and is all-in
c-rebral folds
wendy92 calls 245 and is all-in
*** FLOP *** [As Ts Ac]
*** TURN *** [As Ts Ac][5c]
*** RIVER *** [As Ts Ac 5c][4s]
*** SHOW DOWN ***
wendy92 shows [3d Js] (One pair : Aces)
MathisKcr shows [Qs 6h] (One pair : Aces)
MathisKcr collected 655 from pot
*** SUMMARY ***
Total pot 655 | No rake
Board: [As Ts Ac 5c 4s]
Seat 1: MathisKcr (small blind) showed [Qs 6h] and won 655 with One pair : Aces
Seat 3: wendy92 (button) showed [3d Js] and lost with One pair : Aces


Winamax Poker - Tournament "Expresso Nitro" buyIn: 0.93€ + 0.07€ level: 3 - HandId: #4667928606578573313-8-1774773126 - Holdem no limit (20/40) - 2026/03/29 08:32:06 UTC
Table: 'Expresso Nitro(1086836822)#0' 3-max (real money) Seat #2 is the button
Seat 1: MathisKcr (655)
Seat 2: c-rebral (245)
*** ANTE/BLINDS ***
c-rebral posts small blind 20
MathisKcr posts big blind 40
Dealt to MathisKcr [Ad Qc]
*** PRE-FLOP *** 
c-rebral raises 205 to 245 and is all-in
MathisKcr calls 205
*** FLOP *** [9h Jd 4d]
*** TURN *** [9h Jd 4d][2d]
*** RIVER *** [9h Jd 4d 2d][Jh]
*** SHOW DOWN ***
MathisKcr shows [Ad Qc] (One pair : Jacks)
c-rebral shows [Qs 4c] (Two pairs : Jacks and 4)
c-rebral collected 490 from pot
*** SUMMARY ***
Total pot 490 | No rake
Board: [9h Jd 4d 2d Jh]
Seat 1: MathisKcr (big blind) showed [Ad Qc] and lost with One pair : Jacks
Seat 2: c-rebral (small blind) (button) showed [Qs 4c] and won 490 with Two pairs : Jacks and 4


Winamax Poker - Tournament "Expresso Nitro" buyIn: 0.93€ + 0.07€ level: 4 - HandId: #4667928606578573313-9-1774773143 - Holdem no limit (30/60) - 2026/03/29 08:32:23 UTC
Table: 'Expresso Nitro(1086836822)#0' 3-max (real money) Seat #1 is the button
Seat 1: MathisKcr (410)
Seat 2: c-rebral (490)
*** ANTE/BLINDS ***
MathisKcr posts small blind 30
c-rebral posts big blind 60
Dealt to MathisKcr [4c Ah]
*** PRE-FLOP *** 
MathisKcr raises 350 to 410 and is all-in
c-rebral folds
MathisKcr collected 470 from pot
*** SUMMARY ***
Total pot 470 | No rake
Seat 1: MathisKcr (small blind) (button) won 470


Winamax Poker - Tournament "Expresso Nitro" buyIn: 0.93€ + 0.07€ level: 4 - HandId: #4667928606578573313-10-1774773153 - Holdem no limit (30/60) - 2026/03/29 08:32:33 UTC
Table: 'Expresso Nitro(1086836822)#0' 3-max (real money) Seat #2 is the button
Seat 1: MathisKcr (470)
Seat 2: c-rebral (430)
*** ANTE/BLINDS ***
c-rebral posts small blind 30
MathisKcr posts big blind 60
Dealt to MathisKcr [Kc Jd]
*** PRE-FLOP *** 
c-rebral raises 370 to 430 and is all-in
MathisKcr calls 370
*** FLOP *** [2d 9c 7d]
*** TURN *** [2d 9c 7d][Kh]
*** RIVER *** [2d 9c 7d Kh][Kd]
*** SHOW DOWN ***
c-rebral shows [2c Ac] (Two pairs : Kings and 2)
MathisKcr shows [Kc Jd] (Trips of Kings)
MathisKcr collected 860 from pot
*** SUMMARY ***
Total pot 860 | No rake
Board: [2d 9c 7d Kh Kd]
Seat 1: MathisKcr (big blind) showed [Kc Jd] and won 860 with Trips of Kings
Seat 2: c-rebral (small blind) (button) showed [2c Ac] and lost with Two pairs : Kings and 2


