Winamax Poker - Tournament "Expresso Nitro" buyIn: 0.93€ + 0.07€ level: 1 - HandId: #4696952621175406593-1-1775852067 - Holdem no limit (10/20) - 2026/04/10 20:14:27 UTC
Table: 'Expresso Nitro(1093594502)#0' 3-max (real money) Seat #3 is the button
Seat 1: MathisKcr (300)
Seat 2: JAMES64250 (300)
Seat 3: AKwet31 (300)
*** ANTE/BLINDS ***
MathisKcr posts small blind 10
JAMES64250 posts big blind 20
Dealt to MathisKcr [5d 8c]
*** PRE-FLOP *** 
AKwet31 calls 20
MathisKcr folds
JAMES64250 checks
*** FLOP *** [6d Ks 2c]
JAMES64250 checks
AKwet31 checks
*** TURN *** [6d Ks 2c][6h]
JAMES64250 checks
AKwet31 bets 20
JAMES64250 folds
AKwet31 collected 70 from pot
*** SUMMARY ***
Total pot 70 | No rake
Board: [6d Ks 2c 6h]
Seat 3: AKwet31 (button) won 70


Winamax Poker - Tournament "Expresso Nitro" buyIn: 0.93€ + 0.07€ level: 1 - HandId: #4696952621175406593-2-1775852085 - Holdem no limit (10/20) - 2026/04/10 20:14:45 UTC
Table: 'Expresso Nitro(1093594502)#0' 3-max (real money) Seat #1 is the button
Seat 1: MathisKcr (290)
Seat 2: JAMES64250 (280)
Seat 3: AKwet31 (330)
*** ANTE/BLINDS ***
JAMES64250 posts small blind 10
AKwet31 posts big blind 20
Dealt to MathisKcr [4s 7c]
*** PRE-FLOP *** 
MathisKcr folds
JAMES64250 raises 260 to 280 and is all-in
AKwet31 folds
JAMES64250 collected 300 from pot
*** SUMMARY ***
Total pot 300 | No rake
Seat 2: JAMES64250 (small blind) won 300


Winamax Poker - Tournament "Expresso Nitro" buyIn: 0.93€ + 0.07€ level: 1 - HandId: #4696952621175406593-3-1775852093 - Holdem no limit (10/20) - 2026/04/10 20:14:53 UTC
Table: 'Expresso Nitro(1093594502)#0' 3-max (real money) Seat #2 is the button
Seat 1: MathisKcr (290)
Seat 2: JAMES64250 (300)
Seat 3: AKwet31 (310)
*** ANTE/BLINDS ***
AKwet31 posts small blind 10
MathisKcr posts big blind 20
Dealt to MathisKcr [Qc 7c]
*** PRE-FLOP *** 
JAMES64250 folds
AKwet31 calls 10
MathisKcr raises 270 to 290 and is all-in
AKwet31 folds
MathisKcr collected 310 from pot
*** SUMMARY ***
Total pot 310 | No rake
Seat 1: MathisKcr (big blind) won 310


Winamax Poker - Tournament "Expresso Nitro" buyIn: 0.93€ + 0.07€ level: 1 - HandId: #4696952621175406593-4-1775852122 - Holdem no limit (10/20) - 2026/04/10 20:15:22 UTC
Table: 'Expresso Nitro(1093594502)#0' 3-max (real money) Seat #3 is the button
Seat 1: MathisKcr (310)
Seat 2: JAMES64250 (300)
Seat 3: AKwet31 (290)
*** ANTE/BLINDS ***
MathisKcr posts small blind 10
JAMES64250 posts big blind 20
Dealt to MathisKcr [4s 8s]
*** PRE-FLOP *** 
AKwet31 calls 20
MathisKcr folds
JAMES64250 checks
*** FLOP *** [5d Qd 4c]
JAMES64250 bets 20
AKwet31 calls 20
*** TURN *** [5d Qd 4c][8h]
JAMES64250 checks
AKwet31 checks
*** RIVER *** [5d Qd 4c 8h][As]
JAMES64250 checks
AKwet31 bets 31
JAMES64250 folds
AKwet31 collected 121 from pot
*** SUMMARY ***
Total pot 121 | No rake
Board: [5d Qd 4c 8h As]
Seat 3: AKwet31 (button) won 121


Winamax Poker - Tournament "Expresso Nitro" buyIn: 0.93€ + 0.07€ level: 2 - HandId: #4696952621175406593-5-1775852141 - Holdem no limit (15/30) - 2026/04/10 20:15:41 UTC
Table: 'Expresso Nitro(1093594502)#0' 3-max (real money) Seat #1 is the button
Seat 1: MathisKcr (300)
Seat 2: JAMES64250 (260)
Seat 3: AKwet31 (340)
*** ANTE/BLINDS ***
JAMES64250 posts small blind 15
AKwet31 posts big blind 30
Dealt to MathisKcr [9s Ah]
*** PRE-FLOP *** 
MathisKcr raises 30 to 60
JAMES64250 folds
AKwet31 calls 30
*** FLOP *** [Js Tc 3c]
AKwet31 checks
MathisKcr bets 47
AKwet31 folds
MathisKcr collected 182 from pot
*** SUMMARY ***
Total pot 182 | No rake
Board: [Js Tc 3c]
Seat 1: MathisKcr (button) won 182


Winamax Poker - Tournament "Expresso Nitro" buyIn: 0.93€ + 0.07€ level: 2 - HandId: #4696952621175406593-6-1775852163 - Holdem no limit (15/30) - 2026/04/10 20:16:03 UTC
Table: 'Expresso Nitro(1093594502)#0' 3-max (real money) Seat #2 is the button
Seat 1: MathisKcr (375)
Seat 2: JAMES64250 (245)
Seat 3: AKwet31 (280)
*** ANTE/BLINDS ***
AKwet31 posts small blind 15
MathisKcr posts big blind 30
Dealt to MathisKcr [6h 9s]
*** PRE-FLOP *** 
JAMES64250 folds
AKwet31 calls 15
MathisKcr checks
*** FLOP *** [6d Th Tc]
AKwet31 checks
MathisKcr bets 60
AKwet31 folds
MathisKcr collected 120 from pot
*** SUMMARY ***
Total pot 120 | No rake
Board: [6d Th Tc]
Seat 1: MathisKcr (big blind) won 120


Winamax Poker - Tournament "Expresso Nitro" buyIn: 0.93€ + 0.07€ level: 2 - HandId: #4696952621175406593-7-1775852181 - Holdem no limit (15/30) - 2026/04/10 20:16:21 UTC
Table: 'Expresso Nitro(1093594502)#0' 3-max (real money) Seat #3 is the button
Seat 1: MathisKcr (405)
Seat 2: JAMES64250 (245)
Seat 3: AKwet31 (250)
*** ANTE/BLINDS ***
MathisKcr posts small blind 15
JAMES64250 posts big blind 30
Dealt to MathisKcr [Qh 8h]
*** PRE-FLOP *** 
AKwet31 folds
MathisKcr raises 375 to 405 and is all-in
JAMES64250 folds
MathisKcr collected 435 from pot
*** SUMMARY ***
Total pot 435 | No rake
Seat 1: MathisKcr (small blind) won 435


Winamax Poker - Tournament "Expresso Nitro" buyIn: 0.93€ + 0.07€ level: 3 - HandId: #4696952621175406593-8-1775852192 - Holdem no limit (20/40) - 2026/04/10 20:16:32 UTC
Table: 'Expresso Nitro(1093594502)#0' 3-max (real money) Seat #1 is the button
Seat 1: MathisKcr (435)
Seat 2: JAMES64250 (215)
Seat 3: AKwet31 (250)
*** ANTE/BLINDS ***
JAMES64250 posts small blind 20
AKwet31 posts big blind 40
Dealt to MathisKcr [2h 4h]
*** PRE-FLOP *** 
MathisKcr folds
JAMES64250 raises 175 to 215 and is all-in
AKwet31 folds
JAMES64250 collected 255 from pot
*** SUMMARY ***
Total pot 255 | No rake
Seat 2: JAMES64250 (small blind) won 255


Winamax Poker - Tournament "Expresso Nitro" buyIn: 0.93€ + 0.07€ level: 3 - HandId: #4696952621175406593-9-1775852208 - Holdem no limit (20/40) - 2026/04/10 20:16:48 UTC
Table: 'Expresso Nitro(1093594502)#0' 3-max (real money) Seat #2 is the button
Seat 1: MathisKcr (435)
Seat 2: JAMES64250 (255)
Seat 3: AKwet31 (210)
*** ANTE/BLINDS ***
AKwet31 posts small blind 20
MathisKcr posts big blind 40
Dealt to MathisKcr [9c 9s]
*** PRE-FLOP *** 
JAMES64250 folds
AKwet31 raises 170 to 210 and is all-in
MathisKcr calls 170
*** FLOP *** [Kc 2c 8d]
*** TURN *** [Kc 2c 8d][Qs]
*** RIVER *** [Kc 2c 8d Qs][3c]
*** SHOW DOWN ***
AKwet31 shows [As 5c] (High card : Ace)
MathisKcr shows [9c 9s] (One pair : 9)
MathisKcr collected 420 from pot
*** SUMMARY ***
Total pot 420 | No rake
Board: [Kc 2c 8d Qs 3c]
Seat 1: MathisKcr (big blind) showed [9c 9s] and won 420 with One pair : 9
Seat 3: AKwet31 (small blind) showed [As 5c] and lost with High card : Ace


Winamax Poker - Tournament "Expresso Nitro" buyIn: 0.93€ + 0.07€ level: 3 - HandId: #4696952621175406593-10-1775852231 - Holdem no limit (20/40) - 2026/04/10 20:17:11 UTC
Table: 'Expresso Nitro(1093594502)#0' 3-max (real money) Seat #1 is the button
Seat 1: MathisKcr (645)
Seat 2: JAMES64250 (255)
*** ANTE/BLINDS ***
MathisKcr posts small blind 20
JAMES64250 posts big blind 40
Dealt to MathisKcr [Ts 3c]
*** PRE-FLOP *** 
MathisKcr folds
JAMES64250 collected 60 from pot
*** SUMMARY ***
Total pot 60 | No rake
Seat 2: JAMES64250 (big blind) won 60


Winamax Poker - Tournament "Expresso Nitro" buyIn: 0.93€ + 0.07€ level: 3 - HandId: #4696952621175406593-11-1775852236 - Holdem no limit (20/40) - 2026/04/10 20:17:16 UTC
Table: 'Expresso Nitro(1093594502)#0' 3-max (real money) Seat #2 is the button
Seat 1: MathisKcr (625)
Seat 2: JAMES64250 (275)
*** ANTE/BLINDS ***
JAMES64250 posts small blind 20
MathisKcr posts big blind 40
Dealt to MathisKcr [5c 3c]
*** PRE-FLOP *** 
JAMES64250 raises 235 to 275 and is all-in
MathisKcr folds
JAMES64250 collected 315 from pot
*** SUMMARY ***
Total pot 315 | No rake
Seat 2: JAMES64250 (small blind) (button) won 315


Winamax Poker - Tournament "Expresso Nitro" buyIn: 0.93€ + 0.07€ level: 3 - HandId: #4696952621175406593-12-1775852242 - Holdem no limit (20/40) - 2026/04/10 20:17:22 UTC
Table: 'Expresso Nitro(1093594502)#0' 3-max (real money) Seat #1 is the button
Seat 1: MathisKcr (585)
Seat 2: JAMES64250 (315)
*** ANTE/BLINDS ***
MathisKcr posts small blind 20
JAMES64250 posts big blind 40
Dealt to MathisKcr [9h 7h]
*** PRE-FLOP *** 
MathisKcr folds
JAMES64250 collected 60 from pot
*** SUMMARY ***
Total pot 60 | No rake
Seat 2: JAMES64250 (big blind) won 60


Winamax Poker - Tournament "Expresso Nitro" buyIn: 0.93€ + 0.07€ level: 4 - HandId: #4696952621175406593-13-1775852251 - Holdem no limit (30/60) - 2026/04/10 20:17:31 UTC
Table: 'Expresso Nitro(1093594502)#0' 3-max (real money) Seat #2 is the button
Seat 1: MathisKcr (565)
Seat 2: JAMES64250 (335)
*** ANTE/BLINDS ***
JAMES64250 posts small blind 30
MathisKcr posts big blind 60
Dealt to MathisKcr [6c As]
*** PRE-FLOP *** 
JAMES64250 folds
MathisKcr collected 90 from pot
*** SUMMARY ***
Total pot 90 | No rake
Seat 1: MathisKcr (big blind) won 90


Winamax Poker - Tournament "Expresso Nitro" buyIn: 0.93€ + 0.07€ level: 4 - HandId: #4696952621175406593-14-1775852255 - Holdem no limit (30/60) - 2026/04/10 20:17:35 UTC
Table: 'Expresso Nitro(1093594502)#0' 3-max (real money) Seat #1 is the button
Seat 1: MathisKcr (595)
Seat 2: JAMES64250 (305)
*** ANTE/BLINDS ***
MathisKcr posts small blind 30
JAMES64250 posts big blind 60
Dealt to MathisKcr [Th 8s]
*** PRE-FLOP *** 
MathisKcr folds
JAMES64250 collected 90 from pot
*** SUMMARY ***
Total pot 90 | No rake
Seat 2: JAMES64250 (big blind) won 90


Winamax Poker - Tournament "Expresso Nitro" buyIn: 0.93€ + 0.07€ level: 4 - HandId: #4696952621175406593-15-1775852259 - Holdem no limit (30/60) - 2026/04/10 20:17:39 UTC
Table: 'Expresso Nitro(1093594502)#0' 3-max (real money) Seat #2 is the button
Seat 1: MathisKcr (565)
Seat 2: JAMES64250 (335)
*** ANTE/BLINDS ***
JAMES64250 posts small blind 30
MathisKcr posts big blind 60
Dealt to MathisKcr [Kh Kc]
*** PRE-FLOP *** 
JAMES64250 folds
MathisKcr collected 90 from pot
*** SUMMARY ***
Total pot 90 | No rake
Seat 1: MathisKcr (big blind) won 90


Winamax Poker - Tournament "Expresso Nitro" buyIn: 0.93€ + 0.07€ level: 4 - HandId: #4696952621175406593-16-1775852263 - Holdem no limit (30/60) - 2026/04/10 20:17:43 UTC
Table: 'Expresso Nitro(1093594502)#0' 3-max (real money) Seat #1 is the button
Seat 1: MathisKcr (595)
Seat 2: JAMES64250 (305)
*** ANTE/BLINDS ***
MathisKcr posts small blind 30
JAMES64250 posts big blind 60
Dealt to MathisKcr [3s 9h]
*** PRE-FLOP *** 
MathisKcr folds
JAMES64250 collected 90 from pot
*** SUMMARY ***
Total pot 90 | No rake
Seat 2: JAMES64250 (big blind) won 90


Winamax Poker - Tournament "Expresso Nitro" buyIn: 0.93€ + 0.07€ level: 4 - HandId: #4696952621175406593-17-1775852267 - Holdem no limit (30/60) - 2026/04/10 20:17:47 UTC
Table: 'Expresso Nitro(1093594502)#0' 3-max (real money) Seat #2 is the button
Seat 1: MathisKcr (565)
Seat 2: JAMES64250 (335)
*** ANTE/BLINDS ***
JAMES64250 posts small blind 30
MathisKcr posts big blind 60
Dealt to MathisKcr [6d 5d]
*** PRE-FLOP *** 
JAMES64250 raises 275 to 335 and is all-in
MathisKcr folds
JAMES64250 collected 395 from pot
*** SUMMARY ***
Total pot 395 | No rake
Seat 2: JAMES64250 (small blind) (button) won 395


Winamax Poker - Tournament "Expresso Nitro" buyIn: 0.93€ + 0.07€ level: 4 - HandId: #4696952621175406593-18-1775852274 - Holdem no limit (30/60) - 2026/04/10 20:17:54 UTC
Table: 'Expresso Nitro(1093594502)#0' 3-max (real money) Seat #1 is the button
Seat 1: MathisKcr (505)
Seat 2: JAMES64250 (395)
*** ANTE/BLINDS ***
MathisKcr posts small blind 30
JAMES64250 posts big blind 60
Dealt to MathisKcr [Qc 4d]
*** PRE-FLOP *** 
MathisKcr raises 445 to 505 and is all-in
JAMES64250 folds
MathisKcr collected 565 from pot
*** SUMMARY ***
Total pot 565 | No rake
Seat 1: MathisKcr (small blind) (button) won 565


Winamax Poker - Tournament "Expresso Nitro" buyIn: 0.93€ + 0.07€ level: 4 - HandId: #4696952621175406593-19-1775852279 - Holdem no limit (30/60) - 2026/04/10 20:17:59 UTC
Table: 'Expresso Nitro(1093594502)#0' 3-max (real money) Seat #2 is the button
Seat 1: MathisKcr (565)
Seat 2: JAMES64250 (335)
*** ANTE/BLINDS ***
JAMES64250 posts small blind 30
MathisKcr posts big blind 60
Dealt to MathisKcr [2h Qc]
*** PRE-FLOP *** 
JAMES64250 folds
MathisKcr collected 90 from pot
*** SUMMARY ***
Total pot 90 | No rake
Seat 1: MathisKcr (big blind) won 90


Winamax Poker - Tournament "Expresso Nitro" buyIn: 0.93€ + 0.07€ level: 4 - HandId: #4696952621175406593-20-1775852284 - Holdem no limit (30/60) - 2026/04/10 20:18:04 UTC
Table: 'Expresso Nitro(1093594502)#0' 3-max (real money) Seat #1 is the button
Seat 1: MathisKcr (595)
Seat 2: JAMES64250 (305)
*** ANTE/BLINDS ***
MathisKcr posts small blind 30
JAMES64250 posts big blind 60
Dealt to MathisKcr [Td Ts]
*** PRE-FLOP *** 
MathisKcr raises 535 to 595 and is all-in
JAMES64250 folds
MathisKcr collected 655 from pot
*** SUMMARY ***
Total pot 655 | No rake
Seat 1: MathisKcr (small blind) (button) won 655


Winamax Poker - Tournament "Expresso Nitro" buyIn: 0.93€ + 0.07€ level: 4 - HandId: #4696952621175406593-21-1775852293 - Holdem no limit (30/60) - 2026/04/10 20:18:13 UTC
Table: 'Expresso Nitro(1093594502)#0' 3-max (real money) Seat #2 is the button
Seat 1: MathisKcr (655)
Seat 2: JAMES64250 (245)
*** ANTE/BLINDS ***
JAMES64250 posts small blind 30
MathisKcr posts big blind 60
Dealt to MathisKcr [9h As]
*** PRE-FLOP *** 
JAMES64250 raises 185 to 245 and is all-in
MathisKcr calls 185
*** FLOP *** [6c 6s 5h]
*** TURN *** [6c 6s 5h][Ah]
*** RIVER *** [6c 6s 5h Ah][6d]
*** SHOW DOWN ***
JAMES64250 shows [Kh Qc] (Trips of 6)
MathisKcr shows [9h As] (Full of 6 and Aces)
MathisKcr collected 490 from pot
*** SUMMARY ***
Total pot 490 | No rake
Board: [6c 6s 5h Ah 6d]
Seat 1: MathisKcr (big blind) showed [9h As] and won 490 with Full of 6 and Aces
Seat 2: JAMES64250 (small blind) (button) showed [Kh Qc] and lost with Trips of 6


