Winamax Poker - Tournament "Expresso Nitro" buyIn: 0.93€ + 0.07€ level: 1 - HandId: #4601468742201769985-1-1772389739 - Holdem no limit (10/20) - 2026/03/01 18:28:59 UTC
Table: 'Expresso Nitro(1071362929)#0' 3-max (real money) Seat #2 is the button
Seat 1: Iska88 (300)
Seat 2: MathisKcr (300)
Seat 3: Isacito93 (300)
*** ANTE/BLINDS ***
Isacito93 posts small blind 10
Iska88 posts big blind 20
Dealt to MathisKcr [6d 8c]
*** PRE-FLOP *** 
MathisKcr folds
Isacito93 folds
Iska88 collected 30 from pot
*** SUMMARY ***
Total pot 30 | No rake
Seat 1: Iska88 (big blind) won 30


Winamax Poker - Tournament "Expresso Nitro" buyIn: 0.93€ + 0.07€ level: 1 - HandId: #4601468742201769985-2-1772389744 - Holdem no limit (10/20) - 2026/03/01 18:29:04 UTC
Table: 'Expresso Nitro(1071362929)#0' 3-max (real money) Seat #3 is the button
Seat 1: Iska88 (310)
Seat 2: MathisKcr (300)
Seat 3: Isacito93 (290)
*** ANTE/BLINDS ***
Iska88 posts small blind 10
MathisKcr posts big blind 20
Dealt to MathisKcr [9c 3s]
*** PRE-FLOP *** 
Isacito93 folds
Iska88 folds
MathisKcr collected 30 from pot
*** SUMMARY ***
Total pot 30 | No rake
Seat 2: MathisKcr (big blind) won 30


Winamax Poker - Tournament "Expresso Nitro" buyIn: 0.93€ + 0.07€ level: 1 - HandId: #4601468742201769985-3-1772389752 - Holdem no limit (10/20) - 2026/03/01 18:29:12 UTC
Table: 'Expresso Nitro(1071362929)#0' 3-max (real money) Seat #1 is the button
Seat 1: Iska88 (300)
Seat 2: MathisKcr (310)
Seat 3: Isacito93 (290)
*** ANTE/BLINDS ***
MathisKcr posts small blind 10
Isacito93 posts big blind 20
Dealt to MathisKcr [Ac 7d]
*** PRE-FLOP *** 
Iska88 folds
MathisKcr raises 20 to 40
Isacito93 raises 250 to 290 and is all-in
MathisKcr calls 250
*** FLOP *** [Qc 2h 2c]
*** TURN *** [Qc 2h 2c][3s]
*** RIVER *** [Qc 2h 2c 3s][4h]
*** SHOW DOWN ***
Isacito93 shows [6s Ad] (One pair : 2)
MathisKcr shows [Ac 7d] (One pair : 2)
MathisKcr collected 580 from pot
*** SUMMARY ***
Total pot 580 | No rake
Board: [Qc 2h 2c 3s 4h]
Seat 2: MathisKcr (small blind) showed [Ac 7d] and won 580 with One pair : 2
Seat 3: Isacito93 (big blind) showed [6s Ad] and lost with One pair : 2


Winamax Poker - Tournament "Expresso Nitro" buyIn: 0.93€ + 0.07€ level: 1 - HandId: #4601468742201769985-4-1772389769 - Holdem no limit (10/20) - 2026/03/01 18:29:29 UTC
Table: 'Expresso Nitro(1071362929)#0' 3-max (real money) Seat #1 is the button
Seat 1: Iska88 (300)
Seat 2: MathisKcr (600)
*** ANTE/BLINDS ***
Iska88 posts small blind 10
MathisKcr posts big blind 20
Dealt to MathisKcr [5c Kc]
*** PRE-FLOP *** 
Iska88 raises 40 to 60
MathisKcr calls 40
*** FLOP *** [9c 5d Js]
MathisKcr bets 50
Iska88 calls 50
*** TURN *** [9c 5d Js][4s]
MathisKcr checks
Iska88 bets 190 and is all-in
MathisKcr folds
Iska88 collected 410 from pot
*** SUMMARY ***
Total pot 410 | No rake
Board: [9c 5d Js 4s]
Seat 1: Iska88 (small blind) (button) won 410


Winamax Poker - Tournament "Expresso Nitro" buyIn: 0.93€ + 0.07€ level: 1 - HandId: #4601468742201769985-5-1772389789 - Holdem no limit (10/20) - 2026/03/01 18:29:49 UTC
Table: 'Expresso Nitro(1071362929)#0' 3-max (real money) Seat #2 is the button
Seat 1: Iska88 (410)
Seat 2: MathisKcr (490)
*** ANTE/BLINDS ***
MathisKcr posts small blind 10
Iska88 posts big blind 20
Dealt to MathisKcr [3s Ah]
*** PRE-FLOP *** 
MathisKcr raises 470 to 490 and is all-in
Iska88 folds
MathisKcr collected 510 from pot
*** SUMMARY ***
Total pot 510 | No rake
Seat 2: MathisKcr (small blind) (button) won 510


Winamax Poker - Tournament "Expresso Nitro" buyIn: 0.93€ + 0.07€ level: 2 - HandId: #4601468742201769985-6-1772389806 - Holdem no limit (15/30) - 2026/03/01 18:30:06 UTC
Table: 'Expresso Nitro(1071362929)#0' 3-max (real money) Seat #1 is the button
Seat 1: Iska88 (390)
Seat 2: MathisKcr (510)
*** ANTE/BLINDS ***
Iska88 posts small blind 15
MathisKcr posts big blind 30
Dealt to MathisKcr [Jh Ks]
*** PRE-FLOP *** 
Iska88 calls 15
MathisKcr raises 60 to 90
Iska88 calls 60
*** FLOP *** [Js Ah Td]
MathisKcr bets 90
Iska88 calls 90
*** TURN *** [Js Ah Td][8h]
MathisKcr checks
Iska88 checks
*** RIVER *** [Js Ah Td 8h][9c]
MathisKcr checks
Iska88 bets 210 and is all-in
MathisKcr calls 210
*** SHOW DOWN ***
MathisKcr shows [Jh Ks] (One pair : Jacks)
Iska88 shows [Qc 6h] (Straight Queen high)
Iska88 collected 780 from pot
*** SUMMARY ***
Total pot 780 | No rake
Board: [Js Ah Td 8h 9c]
Seat 1: Iska88 (small blind) (button) showed [Qc 6h] and won 780 with Straight Queen high
Seat 2: MathisKcr (big blind) showed [Jh Ks] and lost with One pair : Jacks


Winamax Poker - Tournament "Expresso Nitro" buyIn: 0.93€ + 0.07€ level: 2 - HandId: #4601468742201769985-7-1772389836 - Holdem no limit (15/30) - 2026/03/01 18:30:36 UTC
Table: 'Expresso Nitro(1071362929)#0' 3-max (real money) Seat #2 is the button
Seat 1: Iska88 (780)
Seat 2: MathisKcr (120)
*** ANTE/BLINDS ***
MathisKcr posts small blind 15
Iska88 posts big blind 30
Dealt to MathisKcr [Ts Js]
*** PRE-FLOP *** 
MathisKcr raises 90 to 120 and is all-in
Iska88 calls 90
*** FLOP *** [8s 8c 9s]
*** TURN *** [8s 8c 9s][Kc]
*** RIVER *** [8s 8c 9s Kc][5c]
*** SHOW DOWN ***
MathisKcr shows [Ts Js] (One pair : 8)
Iska88 shows [Kh Th] (Two pairs : Kings and 8)
Iska88 collected 240 from pot
*** SUMMARY ***
Total pot 240 | No rake
Board: [8s 8c 9s Kc 5c]
Seat 1: Iska88 (big blind) showed [Kh Th] and won 240 with Two pairs : Kings and 8
Seat 2: MathisKcr (small blind) (button) showed [Ts Js] and lost with One pair : 8


