Winamax Poker - Tournament "Expresso Nitro" buyIn: 0.46€ + 0.04€ level: 1 - HandId: #4541584747633049601-1-1770212785 - Holdem no limit (10/20) - 2026/02/04 13:46:25 UTC
Table: 'Expresso Nitro(1057420100)#0' 3-max (real money) Seat #3 is the button
Seat 1: MathisKcr (300)
Seat 2: Benitezvirus (300)
Seat 3: hout 69 (300)
*** ANTE/BLINDS ***
MathisKcr posts small blind 10
Benitezvirus posts big blind 20
Dealt to MathisKcr [3c Qd]
*** PRE-FLOP *** 
hout 69 folds
MathisKcr raises 20 to 40
Benitezvirus raises 260 to 300 and is all-in
MathisKcr calls 260 and is all-in
*** FLOP *** [5c 8s 7d]
*** TURN *** [5c 8s 7d][2d]
*** RIVER *** [5c 8s 7d 2d][6d]
*** SHOW DOWN ***
MathisKcr shows [3c Qd] (High card : Queen)
Benitezvirus shows [Ac 9d] (Straight 9 high)
Benitezvirus collected 600 from pot
*** SUMMARY ***
Total pot 600 | No rake
Board: [5c 8s 7d 2d 6d]
Seat 1: MathisKcr (small blind) showed [3c Qd] and lost with High card : Queen
Seat 2: Benitezvirus (big blind) showed [Ac 9d] and won 600 with Straight 9 high


