Winamax Poker - Tournament "Expresso Nitro" buyIn: 0.93€ + 0.07€ level: 1 - HandId: #4676975023179694081-1-1775116896 - Holdem no limit (10/20) - 2026/04/02 08:01:36 UTC
Table: 'Expresso Nitro(1088943105)#0' 3-max (real money) Seat #2 is the button
Seat 1: Merrenwenn (300)
Seat 2: MathisKcr (300)
Seat 3: Enfin...Bref (300)
*** ANTE/BLINDS ***
Enfin...Bref posts small blind 10
Merrenwenn posts big blind 20
Dealt to MathisKcr [Qc 3d]
*** PRE-FLOP *** 
MathisKcr folds
Enfin...Bref raises 40 to 60
Merrenwenn folds
Enfin...Bref collected 80 from pot
*** SUMMARY ***
Total pot 80 | No rake
Seat 3: Enfin...Bref (small blind) won 80


Winamax Poker - Tournament "Expresso Nitro" buyIn: 0.93€ + 0.07€ level: 1 - HandId: #4676975023179694081-2-1775116905 - Holdem no limit (10/20) - 2026/04/02 08:01:45 UTC
Table: 'Expresso Nitro(1088943105)#0' 3-max (real money) Seat #3 is the button
Seat 1: Merrenwenn (280)
Seat 2: MathisKcr (300)
Seat 3: Enfin...Bref (320)
*** ANTE/BLINDS ***
Merrenwenn posts small blind 10
MathisKcr posts big blind 20
Dealt to MathisKcr [7c 6h]
*** PRE-FLOP *** 
Enfin...Bref folds
Merrenwenn calls 10
MathisKcr checks
*** FLOP *** [4d 7s Qs]
Merrenwenn bets 40
MathisKcr calls 40
*** TURN *** [4d 7s Qs][7h]
Merrenwenn checks
MathisKcr bets 60
Merrenwenn raises 160 to 220 and is all-in
MathisKcr calls 160
*** RIVER *** [4d 7s Qs 7h][Jh]
*** SHOW DOWN ***
Merrenwenn shows [5s 8c] (One pair : 7)
MathisKcr shows [7c 6h] (Trips of 7)
MathisKcr collected 560 from pot
*** SUMMARY ***
Total pot 560 | No rake
Board: [4d 7s Qs 7h Jh]
Seat 1: Merrenwenn (small blind) showed [5s 8c] and lost with One pair : 7
Seat 2: MathisKcr (big blind) showed [7c 6h] and won 560 with Trips of 7


Winamax Poker - Tournament "Expresso Nitro" buyIn: 0.93€ + 0.07€ level: 2 - HandId: #4676975023179694081-3-1775116955 - Holdem no limit (15/30) - 2026/04/02 08:02:35 UTC
Table: 'Expresso Nitro(1088943105)#0' 3-max (real money) Seat #2 is the button
Seat 2: MathisKcr (580)
Seat 3: Enfin...Bref (320)
*** ANTE/BLINDS ***
MathisKcr posts small blind 15
Enfin...Bref posts big blind 30
Dealt to MathisKcr [Ks 9s]
*** PRE-FLOP *** 
MathisKcr raises 550 to 580 and is all-in
Enfin...Bref folds
MathisKcr collected 610 from pot
*** SUMMARY ***
Total pot 610 | No rake
Seat 2: MathisKcr (small blind) (button) won 610


Winamax Poker - Tournament "Expresso Nitro" buyIn: 0.93€ + 0.07€ level: 2 - HandId: #4676975023179694081-4-1775116962 - Holdem no limit (15/30) - 2026/04/02 08:02:42 UTC
Table: 'Expresso Nitro(1088943105)#0' 3-max (real money) Seat #3 is the button
Seat 2: MathisKcr (610)
Seat 3: Enfin...Bref (290)
*** ANTE/BLINDS ***
Enfin...Bref posts small blind 15
MathisKcr posts big blind 30
Dealt to MathisKcr [Ah 8s]
*** PRE-FLOP *** 
Enfin...Bref folds
MathisKcr collected 45 from pot
*** SUMMARY ***
Total pot 45 | No rake
Seat 2: MathisKcr (big blind) won 45


Winamax Poker - Tournament "Expresso Nitro" buyIn: 0.93€ + 0.07€ level: 2 - HandId: #4676975023179694081-5-1775116966 - Holdem no limit (15/30) - 2026/04/02 08:02:46 UTC
Table: 'Expresso Nitro(1088943105)#0' 3-max (real money) Seat #2 is the button
Seat 2: MathisKcr (625)
Seat 3: Enfin...Bref (275)
*** ANTE/BLINDS ***
MathisKcr posts small blind 15
Enfin...Bref posts big blind 30
Dealt to MathisKcr [5s Td]
*** PRE-FLOP *** 
MathisKcr folds
Enfin...Bref collected 45 from pot
*** SUMMARY ***
Total pot 45 | No rake
Seat 3: Enfin...Bref (big blind) won 45


Winamax Poker - Tournament "Expresso Nitro" buyIn: 0.93€ + 0.07€ level: 2 - HandId: #4676975023179694081-6-1775116971 - Holdem no limit (15/30) - 2026/04/02 08:02:51 UTC
Table: 'Expresso Nitro(1088943105)#0' 3-max (real money) Seat #3 is the button
Seat 2: MathisKcr (610)
Seat 3: Enfin...Bref (290)
*** ANTE/BLINDS ***
Enfin...Bref posts small blind 15
MathisKcr posts big blind 30
Dealt to MathisKcr [3h 6c]
*** PRE-FLOP *** 
Enfin...Bref raises 45 to 75
MathisKcr folds
Enfin...Bref collected 105 from pot
*** SUMMARY ***
Total pot 105 | No rake
Seat 3: Enfin...Bref (small blind) (button) won 105


Winamax Poker - Tournament "Expresso Nitro" buyIn: 0.93€ + 0.07€ level: 2 - HandId: #4676975023179694081-7-1775116979 - Holdem no limit (15/30) - 2026/04/02 08:02:59 UTC
Table: 'Expresso Nitro(1088943105)#0' 3-max (real money) Seat #2 is the button
Seat 2: MathisKcr (580)
Seat 3: Enfin...Bref (320)
*** ANTE/BLINDS ***
MathisKcr posts small blind 15
Enfin...Bref posts big blind 30
Dealt to MathisKcr [8h 7h]
*** PRE-FLOP *** 
MathisKcr raises 550 to 580 and is all-in
Enfin...Bref folds
MathisKcr collected 610 from pot
*** SUMMARY ***
Total pot 610 | No rake
Seat 2: MathisKcr (small blind) (button) won 610


Winamax Poker - Tournament "Expresso Nitro" buyIn: 0.93€ + 0.07€ level: 2 - HandId: #4676975023179694081-8-1775116986 - Holdem no limit (15/30) - 2026/04/02 08:03:06 UTC
Table: 'Expresso Nitro(1088943105)#0' 3-max (real money) Seat #3 is the button
Seat 2: MathisKcr (610)
Seat 3: Enfin...Bref (290)
*** ANTE/BLINDS ***
Enfin...Bref posts small blind 15
MathisKcr posts big blind 30
Dealt to MathisKcr [3h 2c]
*** PRE-FLOP *** 
Enfin...Bref folds
MathisKcr collected 45 from pot
*** SUMMARY ***
Total pot 45 | No rake
Seat 2: MathisKcr (big blind) won 45


Winamax Poker - Tournament "Expresso Nitro" buyIn: 0.93€ + 0.07€ level: 2 - HandId: #4676975023179694081-9-1775116990 - Holdem no limit (15/30) - 2026/04/02 08:03:10 UTC
Table: 'Expresso Nitro(1088943105)#0' 3-max (real money) Seat #2 is the button
Seat 2: MathisKcr (625)
Seat 3: Enfin...Bref (275)
*** ANTE/BLINDS ***
MathisKcr posts small blind 15
Enfin...Bref posts big blind 30
Dealt to MathisKcr [Js 2s]
*** PRE-FLOP *** 
MathisKcr raises 595 to 625 and is all-in
Enfin...Bref calls 245 and is all-in
*** FLOP *** [7s 4c 4s]
*** TURN *** [7s 4c 4s][Kd]
*** RIVER *** [7s 4c 4s Kd][9s]
*** SHOW DOWN ***
Enfin...Bref shows [Ac 5h] (One pair : 4)
MathisKcr shows [Js 2s] (Flush Jack high)
MathisKcr collected 900 from pot
*** SUMMARY ***
Total pot 900 | No rake
Board: [7s 4c 4s Kd 9s]
Seat 2: MathisKcr (small blind) (button) showed [Js 2s] and won 900 with Flush Jack high
Seat 3: Enfin...Bref (big blind) showed [Ac 5h] and lost with One pair : 4


