Winamax Poker - Tournament "#3 - W SERIES - INFINITY - DAY 1" buyIn: 0.90€ + 0.10€ level: 1 - HandId: #4639932003993518201-2-1775845491 - Holdem no limit (25/100/200) - 2026/04/10 18:24:51 UTC
Table: '#3 - W SERIES - INFINITY - DAY 1(1080318355)#0120' 6-max (real money) Seat #5 is the button
Seat 1: MathisKcr (20000, 0.50€ bounty)
Seat 2: Frame_X (20350, 0.50€ bounty)
Seat 3: Saiyanji (8926, 0.50€ bounty)
Seat 4: drovisimo (33629, 0.50€ bounty)
Seat 5: AArtilleur (20813, 0.50€ bounty)
Seat 6: zz_greg_zz (38487, 0.50€ bounty)
*** ANTE/BLINDS ***
zz_greg_zz posts ante 25
MathisKcr posts ante 25
Frame_X posts ante 25
Saiyanji posts ante 25
drovisimo posts ante 25
AArtilleur posts ante 25
zz_greg_zz posts small blind 100
MathisKcr posts big blind 200
Dealt to MathisKcr [Ad 6d]
*** PRE-FLOP *** 
Frame_X folds
Saiyanji calls 200
drovisimo folds
AArtilleur folds
zz_greg_zz folds
MathisKcr checks
*** FLOP *** [3d Ac 5c]
MathisKcr checks
Saiyanji checks
*** TURN *** [3d Ac 5c][2h]
MathisKcr bets 228
Saiyanji folds
MathisKcr collected 878 from pot
*** SUMMARY ***
Total pot 878 | No rake
Board: [3d Ac 5c 2h]
Seat 1: MathisKcr (big blind) won 878


Winamax Poker - Tournament "#3 - W SERIES - INFINITY - DAY 1" buyIn: 0.90€ + 0.10€ level: 1 - HandId: #4639932003993518201-3-1775845530 - Holdem no limit (25/100/200) - 2026/04/10 18:25:30 UTC
Table: '#3 - W SERIES - INFINITY - DAY 1(1080318355)#0120' 6-max (real money) Seat #6 is the button
Seat 1: MathisKcr (20425, 0.50€ bounty)
Seat 2: Frame_X (20325, 0.50€ bounty)
Seat 3: Saiyanji (8701, 0.50€ bounty)
Seat 4: drovisimo (33604, 0.50€ bounty)
Seat 5: AArtilleur (20788, 0.50€ bounty)
Seat 6: zz_greg_zz (38362, 0.50€ bounty)
*** ANTE/BLINDS ***
MathisKcr posts ante 25
Frame_X posts ante 25
Saiyanji posts ante 25
drovisimo posts ante 25
AArtilleur posts ante 25
zz_greg_zz posts ante 25
MathisKcr posts small blind 100
Frame_X posts big blind 200
Dealt to MathisKcr [Ts Kc]
*** PRE-FLOP *** 
Saiyanji folds
drovisimo folds
AArtilleur folds
zz_greg_zz folds
MathisKcr raises 200 to 400
Frame_X calls 200
*** FLOP *** [8c 9s 5s]
MathisKcr bets 333
Frame_X folds
MathisKcr collected 1283 from pot
*** SUMMARY ***
Total pot 1283 | No rake
Board: [8c 9s 5s]
Seat 1: MathisKcr (small blind) won 1283


Winamax Poker - Tournament "#3 - W SERIES - INFINITY - DAY 1" buyIn: 0.90€ + 0.10€ level: 1 - HandId: #4639932003993518201-4-1775845570 - Holdem no limit (25/100/200) - 2026/04/10 18:26:10 UTC
Table: '#3 - W SERIES - INFINITY - DAY 1(1080318355)#0120' 6-max (real money) Seat #1 is the button
Seat 1: MathisKcr (20950, 0.50€ bounty)
Seat 2: Frame_X (19900, 0.50€ bounty)
Seat 3: Saiyanji (8676, 0.50€ bounty)
Seat 5: AArtilleur (20763, 0.50€ bounty)
Seat 6: zz_greg_zz (38337, 0.50€ bounty)
*** ANTE/BLINDS ***
Frame_X posts ante 25
Saiyanji posts ante 25
MathisKcr posts ante 25
AArtilleur posts ante 25
zz_greg_zz posts ante 25
Frame_X posts small blind 100
Saiyanji posts big blind 200
Dealt to MathisKcr [2s 9h]
*** PRE-FLOP *** 
AArtilleur folds
zz_greg_zz folds
MathisKcr folds
Frame_X calls 100
Saiyanji checks
*** FLOP *** [Jh 8d Kd]
Frame_X checks
Saiyanji checks
*** TURN *** [Jh 8d Kd][4c]
Frame_X bets 700
Saiyanji folds
Frame_X collected 1225 from pot
*** SUMMARY ***
Total pot 1225 | No rake
Board: [Jh 8d Kd 4c]
Seat 2: Frame_X (small blind) won 1225


Winamax Poker - Tournament "#3 - W SERIES - INFINITY - DAY 1" buyIn: 0.90€ + 0.10€ level: 1 - HandId: #4639932003993518201-5-1775845599 - Holdem no limit (25/100/200) - 2026/04/10 18:26:39 UTC
Table: '#3 - W SERIES - INFINITY - DAY 1(1080318355)#0120' 6-max (real money) Seat #2 is the button
Seat 1: MathisKcr (20925, 0.50€ bounty)
Seat 2: Frame_X (20200, 0.50€ bounty)
Seat 3: Saiyanji (8451, 0.50€ bounty)
Seat 5: AArtilleur (20738, 0.50€ bounty)
Seat 6: zz_greg_zz (38312, 0.50€ bounty)
*** ANTE/BLINDS ***
Saiyanji posts ante 25
AArtilleur posts ante 25
MathisKcr posts ante 25
Frame_X posts ante 25
zz_greg_zz posts ante 25
Saiyanji posts small blind 100
AArtilleur posts big blind 200
Dealt to MathisKcr [5d Qc]
*** PRE-FLOP *** 
zz_greg_zz raises 300 to 500
MathisKcr folds
Frame_X folds
Saiyanji folds
AArtilleur calls 300
*** FLOP *** [8c Ad 8h]
AArtilleur checks
zz_greg_zz checks
*** TURN *** [8c Ad 8h][Qd]
AArtilleur checks
zz_greg_zz checks
*** RIVER *** [8c Ad 8h Qd][7d]
AArtilleur checks
zz_greg_zz bets 796
AArtilleur folds
zz_greg_zz collected 2021 from pot
*** SUMMARY ***
Total pot 2021 | No rake
Board: [8c Ad 8h Qd 7d]
Seat 6: zz_greg_zz won 2021


Winamax Poker - Tournament "#3 - W SERIES - INFINITY - DAY 1" buyIn: 0.90€ + 0.10€ level: 1 - HandId: #4639932003993518201-6-1775845626 - Holdem no limit (25/100/200) - 2026/04/10 18:27:06 UTC
Table: '#3 - W SERIES - INFINITY - DAY 1(1080318355)#0120' 6-max (real money) Seat #3 is the button
Seat 1: MathisKcr (20900, 0.50€ bounty)
Seat 2: Frame_X (20175, 0.50€ bounty)
Seat 3: Saiyanji (8326, 0.50€ bounty)
Seat 4: Fonz_ (20000, 0.50€ bounty)
Seat 5: AArtilleur (20213, 0.50€ bounty)
Seat 6: zz_greg_zz (39012, 0.50€ bounty)
*** ANTE/BLINDS ***
AArtilleur posts ante 25
zz_greg_zz posts ante 25
MathisKcr posts ante 25
Frame_X posts ante 25
Saiyanji posts ante 25
AArtilleur posts small blind 100
zz_greg_zz posts big blind 200
Dealt to MathisKcr [Ac Qh]
*** PRE-FLOP *** 
MathisKcr raises 200 to 400
Frame_X calls 400
Saiyanji folds
AArtilleur folds
zz_greg_zz calls 200
*** FLOP *** [2c 5d 5c]
zz_greg_zz checks
MathisKcr checks
Frame_X checks
*** TURN *** [2c 5d 5c][3c]
zz_greg_zz bets 499
MathisKcr calls 499
Frame_X folds
*** RIVER *** [2c 5d 5c 3c][Ad]
zz_greg_zz bets 848
MathisKcr calls 848
*** SHOW DOWN ***
MathisKcr shows [Ac Qh] (Two pairs : Aces and 5)
zz_greg_zz shows [7s 5s] (Trips of 5)
zz_greg_zz collected 4119 from pot
*** SUMMARY ***
Total pot 4119 | No rake
Board: [2c 5d 5c 3c Ad]
Seat 1: MathisKcr showed [Ac Qh] and lost with Two pairs : Aces and 5
Seat 6: zz_greg_zz (big blind) showed [7s 5s] and won 4119 with Trips of 5


Winamax Poker - Tournament "#3 - W SERIES - INFINITY - DAY 1" buyIn: 0.90€ + 0.10€ level: 1 - HandId: #4639932003993518201-7-1775845704 - Holdem no limit (25/100/200) - 2026/04/10 18:28:24 UTC
Table: '#3 - W SERIES - INFINITY - DAY 1(1080318355)#0120' 6-max (real money) Seat #5 is the button
Seat 1: MathisKcr (19128, 0.50€ bounty)
Seat 2: Frame_X (19750, 0.50€ bounty)
Seat 3: Saiyanji (8301, 0.50€ bounty)
Seat 4: Fonz_ (20000, 0.50€ bounty)
Seat 5: AArtilleur (20088, 0.50€ bounty)
Seat 6: zz_greg_zz (41359, 0.50€ bounty)
*** ANTE/BLINDS ***
zz_greg_zz posts ante 25
MathisKcr posts ante 25
Frame_X posts ante 25
Saiyanji posts ante 25
Fonz_ posts ante 25
AArtilleur posts ante 25
zz_greg_zz posts small blind 100
MathisKcr posts big blind 200
Dealt to MathisKcr [2c 4s]
*** PRE-FLOP *** 
Frame_X raises 300 to 500
Saiyanji calls 500
Fonz_ folds
AArtilleur folds
zz_greg_zz folds
MathisKcr folds
*** FLOP *** [2d 2h Js]
Frame_X checks
Saiyanji checks
*** TURN *** [2d 2h Js][Qs]
Frame_X checks
Saiyanji bets 725
Frame_X folds
Saiyanji collected 2175 from pot
*** SUMMARY ***
Total pot 2175 | No rake
Board: [2d 2h Js Qs]
Seat 3: Saiyanji won 2175


Winamax Poker - Tournament "#3 - W SERIES - INFINITY - DAY 1" buyIn: 0.90€ + 0.10€ level: 1 - HandId: #4639932003993518201-8-1775845758 - Holdem no limit (25/100/200) - 2026/04/10 18:29:18 UTC
Table: '#3 - W SERIES - INFINITY - DAY 1(1080318355)#0120' 6-max (real money) Seat #6 is the button
Seat 1: MathisKcr (18903, 0.50€ bounty)
Seat 2: Frame_X (19225, 0.50€ bounty)
Seat 3: Saiyanji (9226, 0.50€ bounty)
Seat 4: Fonz_ (19975, 0.50€ bounty)
Seat 5: AArtilleur (20063, 0.50€ bounty)
Seat 6: zz_greg_zz (41234, 0.50€ bounty)
*** ANTE/BLINDS ***
MathisKcr posts ante 25
Frame_X posts ante 25
Saiyanji posts ante 25
Fonz_ posts ante 25
AArtilleur posts ante 25
zz_greg_zz posts ante 25
MathisKcr posts small blind 100
Frame_X posts big blind 200
Dealt to MathisKcr [8d Jd]
*** PRE-FLOP *** 
Saiyanji folds
Fonz_ folds
AArtilleur folds
zz_greg_zz raises 300 to 500
MathisKcr calls 400
Frame_X folds
*** FLOP *** [Qs 8s Ah]
MathisKcr checks
zz_greg_zz bets 473
MathisKcr folds
zz_greg_zz collected 1823 from pot
*** SUMMARY ***
Total pot 1823 | No rake
Board: [Qs 8s Ah]
Seat 6: zz_greg_zz (button) won 1823


Winamax Poker - Tournament "#3 - W SERIES - INFINITY - DAY 1" buyIn: 0.90€ + 0.10€ level: 1 - HandId: #4639932003993518201-9-1775845810 - Holdem no limit (25/100/200) - 2026/04/10 18:30:10 UTC
Table: '#3 - W SERIES - INFINITY - DAY 1(1080318355)#0120' 6-max (real money) Seat #1 is the button
Seat 1: MathisKcr (18378, 0.50€ bounty)
Seat 2: Frame_X (19000, 0.50€ bounty)
Seat 3: Saiyanji (9201, 0.50€ bounty)
Seat 4: Fonz_ (19950, 0.50€ bounty)
Seat 5: AArtilleur (20038, 0.50€ bounty)
Seat 6: zz_greg_zz (42059, 0.50€ bounty)
*** ANTE/BLINDS ***
Frame_X posts ante 25
Saiyanji posts ante 25
MathisKcr posts ante 25
Fonz_ posts ante 25
AArtilleur posts ante 25
zz_greg_zz posts ante 25
Frame_X posts small blind 100
Saiyanji posts big blind 200
Dealt to MathisKcr [5d 3s]
*** PRE-FLOP *** 
Fonz_ folds
AArtilleur folds
zz_greg_zz folds
MathisKcr folds
Frame_X raises 400 to 600
Saiyanji folds
Frame_X collected 950 from pot
*** SUMMARY ***
Total pot 950 | No rake
Seat 2: Frame_X (small blind) won 950


Winamax Poker - Tournament "#3 - W SERIES - INFINITY - DAY 1" buyIn: 0.90€ + 0.10€ level: 1 - HandId: #4639932003993518201-10-1775845855 - Holdem no limit (25/100/200) - 2026/04/10 18:30:55 UTC
Table: '#3 - W SERIES - INFINITY - DAY 1(1080318355)#0120' 6-max (real money) Seat #2 is the button
Seat 1: MathisKcr (18353, 0.50€ bounty)
Seat 2: Frame_X (19325, 0.50€ bounty)
Seat 3: Saiyanji (8976, 0.50€ bounty)
Seat 4: Fonz_ (19925, 0.50€ bounty)
Seat 5: AArtilleur (20013, 0.50€ bounty)
Seat 6: zz_greg_zz (42034, 0.50€ bounty)
*** ANTE/BLINDS ***
Saiyanji posts ante 25
Fonz_ posts ante 25
MathisKcr posts ante 25
Frame_X posts ante 25
AArtilleur posts ante 25
zz_greg_zz posts ante 25
Saiyanji posts small blind 100
Fonz_ posts big blind 200
Dealt to MathisKcr [7d 9d]
*** PRE-FLOP *** 
AArtilleur folds
zz_greg_zz raises 300 to 500
MathisKcr folds
Frame_X raises 1300 to 1800
Saiyanji folds
Fonz_ folds
zz_greg_zz folds
Frame_X collected 2750 from pot
*** SUMMARY ***
Total pot 2750 | No rake
Seat 2: Frame_X (button) won 2750


Winamax Poker - Tournament "#3 - W SERIES - INFINITY - DAY 1" buyIn: 0.90€ + 0.10€ level: 1 - HandId: #4639932003993518201-11-1775845942 - Holdem no limit (25/100/200) - 2026/04/10 18:32:22 UTC
Table: '#3 - W SERIES - INFINITY - DAY 1(1080318355)#0120' 6-max (real money) Seat #3 is the button
Seat 1: MathisKcr (18328, 0.50€ bounty)
Seat 2: Frame_X (20250, 0.50€ bounty)
Seat 3: Saiyanji (8851, 0.50€ bounty)
Seat 4: Fonz_ (19700, 0.50€ bounty)
Seat 5: AArtilleur (19988, 0.50€ bounty)
*** ANTE/BLINDS ***
Fonz_ posts ante 25
AArtilleur posts ante 25
MathisKcr posts ante 25
Frame_X posts ante 25
Saiyanji posts ante 25
Fonz_ posts small blind 100
AArtilleur posts big blind 200
Dealt to MathisKcr [9s Ts]
*** PRE-FLOP *** 
MathisKcr raises 200 to 400
Frame_X folds
Saiyanji folds
Fonz_ folds
AArtilleur calls 200
*** FLOP *** [5d 6h Qd]
AArtilleur bets 356
MathisKcr calls 356
*** TURN *** [5d 6h Qd][Kh]
AArtilleur bets 708
MathisKcr folds
AArtilleur collected 2445 from pot
*** SUMMARY ***
Total pot 2445 | No rake
Board: [5d 6h Qd Kh]
Seat 5: AArtilleur (big blind) won 2445


Winamax Poker - Tournament "#3 - W SERIES - INFINITY - DAY 1" buyIn: 0.90€ + 0.10€ level: 1 - HandId: #4639932003993518201-12-1775845992 - Holdem no limit (25/100/200) - 2026/04/10 18:33:12 UTC
Table: '#3 - W SERIES - INFINITY - DAY 1(1080318355)#0120' 6-max (real money) Seat #4 is the button
Seat 1: MathisKcr (17547, 0.50€ bounty)
Seat 2: Frame_X (20225, 0.50€ bounty)
Seat 3: Saiyanji (8826, 0.50€ bounty)
Seat 4: Fonz_ (19575, 0.50€ bounty)
Seat 5: AArtilleur (20944, 0.50€ bounty)
Seat 6: Riverouff (20000, 0.50€ bounty)
*** ANTE/BLINDS ***
AArtilleur posts ante 25
Riverouff posts ante 25
MathisKcr posts ante 25
Frame_X posts ante 25
Saiyanji posts ante 25
Fonz_ posts ante 25
AArtilleur posts small blind 100
Riverouff posts big blind 200
Dealt to MathisKcr [9c 2c]
*** PRE-FLOP *** 
MathisKcr folds
Frame_X folds
Saiyanji folds
Fonz_ folds
AArtilleur raises 400 to 600
Riverouff raises 19375 to 19975 and is all-in
AArtilleur folds
Riverouff collected 20725 from pot
*** SUMMARY ***
Total pot 20725 | No rake
Seat 6: Riverouff (big blind) won 20725


Winamax Poker - Tournament "#3 - W SERIES - INFINITY - DAY 1" buyIn: 0.90€ + 0.10€ level: 1 - HandId: #4639932003993518201-13-1775846030 - Holdem no limit (25/100/200) - 2026/04/10 18:33:50 UTC
Table: '#3 - W SERIES - INFINITY - DAY 1(1080318355)#0120' 6-max (real money) Seat #5 is the button
Seat 1: MathisKcr (17522, 0.50€ bounty)
Seat 2: Frame_X (20200, 0.50€ bounty)
Seat 3: Saiyanji (8801, 0.50€ bounty)
Seat 4: Fonz_ (19550, 0.50€ bounty)
Seat 5: AArtilleur (20319, 0.50€ bounty)
Seat 6: Riverouff (20725, 0.50€ bounty)
*** ANTE/BLINDS ***
Riverouff posts ante 25
MathisKcr posts ante 25
Frame_X posts ante 25
Saiyanji posts ante 25
Fonz_ posts ante 25
AArtilleur posts ante 25
Riverouff posts small blind 100
MathisKcr posts big blind 200
Dealt to MathisKcr [3s 9d]
*** PRE-FLOP *** 
Frame_X folds
Saiyanji folds
Fonz_ raises 400 to 600
AArtilleur folds
Riverouff calls 500
MathisKcr folds
*** FLOP *** [5s Ks Ac]
Riverouff checks
Fonz_ bets 543
Riverouff folds
Fonz_ collected 2093 from pot
*** SUMMARY ***
Total pot 2093 | No rake
Board: [5s Ks Ac]
Seat 4: Fonz_ won 2093


Winamax Poker - Tournament "#3 - W SERIES - INFINITY - DAY 1" buyIn: 0.90€ + 0.10€ level: 1 - HandId: #4639932003993518201-14-1775846071 - Holdem no limit (25/100/200) - 2026/04/10 18:34:31 UTC
Table: '#3 - W SERIES - INFINITY - DAY 1(1080318355)#0120' 6-max (real money) Seat #6 is the button
Seat 1: MathisKcr (17297, 0.50€ bounty)
Seat 2: Frame_X (20175, 0.50€ bounty)
Seat 3: Saiyanji (8776, 0.50€ bounty)
Seat 4: Fonz_ (20475, 0.50€ bounty)
Seat 5: AArtilleur (20294, 0.50€ bounty)
Seat 6: Riverouff (20100, 0.50€ bounty)
*** ANTE/BLINDS ***
MathisKcr posts ante 25
Frame_X posts ante 25
Saiyanji posts ante 25
Fonz_ posts ante 25
AArtilleur posts ante 25
Riverouff posts ante 25
MathisKcr posts small blind 100
Frame_X posts big blind 200
Dealt to MathisKcr [2c Kc]
*** PRE-FLOP *** 
Saiyanji calls 200
Fonz_ folds
AArtilleur folds
Riverouff folds
MathisKcr raises 200 to 400
Frame_X folds
Saiyanji calls 200
*** FLOP *** [Kd 5s 7s]
MathisKcr bets 403
Saiyanji folds
MathisKcr collected 1553 from pot
*** SUMMARY ***
Total pot 1553 | No rake
Board: [Kd 5s 7s]
Seat 1: MathisKcr (small blind) won 1553


Winamax Poker - Tournament "#3 - W SERIES - INFINITY - DAY 1" buyIn: 0.90€ + 0.10€ level: 1 - HandId: #4639932003993518201-15-1775846116 - Holdem no limit (25/100/200) - 2026/04/10 18:35:16 UTC
Table: '#3 - W SERIES - INFINITY - DAY 1(1080318355)#0120' 6-max (real money) Seat #1 is the button
Seat 1: MathisKcr (18022, 0.50€ bounty)
Seat 2: Frame_X (19950, 0.50€ bounty)
Seat 3: Saiyanji (8351, 0.50€ bounty)
Seat 4: Fonz_ (20450, 0.50€ bounty)
Seat 5: AArtilleur (20269, 0.50€ bounty)
Seat 6: Riverouff (20075, 0.50€ bounty)
*** ANTE/BLINDS ***
Frame_X posts ante 25
Saiyanji posts ante 25
MathisKcr posts ante 25
Fonz_ posts ante 25
AArtilleur posts ante 25
Riverouff posts ante 25
Frame_X posts small blind 100
Saiyanji posts big blind 200
Dealt to MathisKcr [Kd 6s]
*** PRE-FLOP *** 
Fonz_ folds
AArtilleur folds
Riverouff raises 200 to 400
MathisKcr calls 400
Frame_X folds
Saiyanji raises 800 to 1200
Riverouff calls 800
MathisKcr folds
*** FLOP *** [As 4c 5d]
Saiyanji bets 1525
Riverouff calls 1525
*** TURN *** [As 4c 5d][9s]
Saiyanji bets 3050
Riverouff folds
Saiyanji collected 9150 from pot
*** SUMMARY ***
Total pot 9150 | No rake
Board: [As 4c 5d 9s]
Seat 3: Saiyanji (big blind) won 9150


Winamax Poker - Tournament "#3 - W SERIES - INFINITY - DAY 1" buyIn: 0.90€ + 0.10€ level: 1 - HandId: #4639932003993518201-16-1775846150 - Holdem no limit (25/100/200) - 2026/04/10 18:35:50 UTC
Table: '#3 - W SERIES - INFINITY - DAY 1(1080318355)#0120' 6-max (real money) Seat #2 is the button
Seat 1: MathisKcr (17597, 0.50€ bounty)
Seat 2: Frame_X (19825, 0.50€ bounty)
Seat 3: Saiyanji (11701, 0.50€ bounty)
Seat 4: Fonz_ (20425, 0.50€ bounty)
Seat 5: AArtilleur (20244, 0.50€ bounty)
Seat 6: Riverouff (17325, 0.50€ bounty)
*** ANTE/BLINDS ***
Saiyanji posts ante 25
Fonz_ posts ante 25
MathisKcr posts ante 25
Frame_X posts ante 25
AArtilleur posts ante 25
Riverouff posts ante 25
Saiyanji posts small blind 100
Fonz_ posts big blind 200
Dealt to MathisKcr [5d 2c]
*** PRE-FLOP *** 
AArtilleur folds
Riverouff folds
MathisKcr folds
Frame_X raises 300 to 500
Saiyanji folds
Fonz_ calls 300
*** FLOP *** [Js 8c Ad]
Fonz_ checks
Frame_X checks
*** TURN *** [Js 8c Ad][4s]
Fonz_ checks
Frame_X bets 413
Fonz_ calls 413
*** RIVER *** [Js 8c Ad 4s][Qh]
Fonz_ checks
Frame_X checks
*** SHOW DOWN ***
Fonz_ shows [8s Ts] (One pair : 8)
Frame_X shows [9s Jd] (One pair : Jacks)
Frame_X collected 2076 from pot
*** SUMMARY ***
Total pot 2076 | No rake
Board: [Js 8c Ad 4s Qh]
Seat 2: Frame_X (button) showed [9s Jd] and won 2076 with One pair : Jacks
Seat 4: Fonz_ (big blind) showed [8s Ts] and lost with One pair : 8


Winamax Poker - Tournament "#3 - W SERIES - INFINITY - DAY 1" buyIn: 0.90€ + 0.10€ level: 1 - HandId: #4639932003993518201-17-1775846208 - Holdem no limit (25/100/200) - 2026/04/10 18:36:48 UTC
Table: '#3 - W SERIES - INFINITY - DAY 1(1080318355)#0120' 6-max (real money) Seat #3 is the button
Seat 1: MathisKcr (17572, 0.50€ bounty)
Seat 2: Frame_X (20963, 0.50€ bounty)
Seat 3: Saiyanji (11576, 0.50€ bounty)
Seat 4: Fonz_ (19487, 0.50€ bounty)
Seat 5: AArtilleur (20219, 0.50€ bounty)
Seat 6: Riverouff (17300, 0.50€ bounty)
*** ANTE/BLINDS ***
Fonz_ posts ante 25
AArtilleur posts ante 25
MathisKcr posts ante 25
Frame_X posts ante 25
Saiyanji posts ante 25
Riverouff posts ante 25
Fonz_ posts small blind 100
AArtilleur posts big blind 200
Dealt to MathisKcr [2h 9c]
*** PRE-FLOP *** 
Riverouff raises 200 to 400
MathisKcr folds
Frame_X raises 1000 to 1400
Saiyanji folds
Fonz_ folds
AArtilleur folds
Riverouff folds
Frame_X collected 2250 from pot
*** SUMMARY ***
Total pot 2250 | No rake
Seat 2: Frame_X won 2250


Winamax Poker - Tournament "#3 - W SERIES - INFINITY - DAY 1" buyIn: 0.90€ + 0.10€ level: 1 - HandId: #4639932003993518201-18-1775846249 - Holdem no limit (25/100/200) - 2026/04/10 18:37:29 UTC
Table: '#3 - W SERIES - INFINITY - DAY 1(1080318355)#0120' 6-max (real money) Seat #4 is the button
Seat 1: MathisKcr (17547, 0.50€ bounty)
Seat 2: Frame_X (21788, 0.50€ bounty)
Seat 3: Saiyanji (11551, 0.50€ bounty)
Seat 4: Fonz_ (19362, 0.50€ bounty)
Seat 5: AArtilleur (19994, 0.50€ bounty)
Seat 6: Riverouff (16875, 0.50€ bounty)
*** ANTE/BLINDS ***
AArtilleur posts ante 25
Riverouff posts ante 25
MathisKcr posts ante 25
Frame_X posts ante 25
Saiyanji posts ante 25
Fonz_ posts ante 25
AArtilleur posts small blind 100
Riverouff posts big blind 200
Dealt to MathisKcr [Ts 3s]
*** PRE-FLOP *** 
MathisKcr folds
Frame_X folds
Saiyanji folds
Fonz_ folds
AArtilleur raises 400 to 600
Riverouff calls 400
*** FLOP *** [4c 4d 3h]
AArtilleur checks
Riverouff checks
*** TURN *** [4c 4d 3h][5d]
AArtilleur checks
Riverouff bets 300
AArtilleur calls 300
*** RIVER *** [4c 4d 3h 5d][Ah]
AArtilleur bets 500
Riverouff folds
AArtilleur collected 2450 from pot
*** SUMMARY ***
Total pot 2450 | No rake
Board: [4c 4d 3h 5d Ah]
Seat 5: AArtilleur (small blind) won 2450


Winamax Poker - Tournament "#3 - W SERIES - INFINITY - DAY 1" buyIn: 0.90€ + 0.10€ level: 1 - HandId: #4639932003993518201-19-1775846295 - Holdem no limit (25/100/200) - 2026/04/10 18:38:15 UTC
Table: '#3 - W SERIES - INFINITY - DAY 1(1080318355)#0120' 6-max (real money) Seat #5 is the button
Seat 1: MathisKcr (17522, 0.50€ bounty)
Seat 2: Frame_X (21763, 0.50€ bounty)
Seat 3: Saiyanji (11526, 0.50€ bounty)
Seat 4: Fonz_ (19337, 0.50€ bounty)
Seat 5: AArtilleur (21019, 0.50€ bounty)
Seat 6: Riverouff (15950, 0.50€ bounty)
*** ANTE/BLINDS ***
Riverouff posts ante 25
MathisKcr posts ante 25
Frame_X posts ante 25
Saiyanji posts ante 25
Fonz_ posts ante 25
AArtilleur posts ante 25
Riverouff posts small blind 100
MathisKcr posts big blind 200
Dealt to MathisKcr [Qd 9d]
*** PRE-FLOP *** 
Frame_X folds
Saiyanji folds
Fonz_ folds
AArtilleur raises 400 to 600
Riverouff folds
MathisKcr calls 400
*** FLOP *** [7d 2c Kc]
MathisKcr checks
AArtilleur bets 508
MathisKcr folds
AArtilleur collected 1958 from pot
*** SUMMARY ***
Total pot 1958 | No rake
Board: [7d 2c Kc]
Seat 5: AArtilleur (button) won 1958


Winamax Poker - Tournament "#3 - W SERIES - INFINITY - DAY 1" buyIn: 0.90€ + 0.10€ level: 1 - HandId: #4639932003993518201-20-1775846328 - Holdem no limit (25/100/200) - 2026/04/10 18:38:48 UTC
Table: '#3 - W SERIES - INFINITY - DAY 1(1080318355)#0120' 6-max (real money) Seat #6 is the button
Seat 1: MathisKcr (16897, 0.50€ bounty)
Seat 2: Frame_X (21738, 0.50€ bounty)
Seat 3: Saiyanji (11501, 0.50€ bounty)
Seat 4: Fonz_ (19312, 0.50€ bounty)
Seat 5: AArtilleur (21844, 0.50€ bounty)
Seat 6: Riverouff (15825, 0.50€ bounty)
*** ANTE/BLINDS ***
MathisKcr posts ante 25
Frame_X posts ante 25
Saiyanji posts ante 25
Fonz_ posts ante 25
AArtilleur posts ante 25
Riverouff posts ante 25
MathisKcr posts small blind 100
Frame_X posts big blind 200
Dealt to MathisKcr [Kh Jd]
*** PRE-FLOP *** 
Saiyanji calls 200
Fonz_ folds
AArtilleur folds
Riverouff calls 200
MathisKcr raises 200 to 400
Frame_X folds
Saiyanji calls 200
Riverouff calls 200
*** FLOP *** [4c 2h 3h]
MathisKcr checks
Saiyanji checks
Riverouff checks
*** TURN *** [4c 2h 3h][Kc]
MathisKcr checks
Saiyanji checks
Riverouff bets 643
MathisKcr calls 643
Saiyanji calls 643
*** RIVER *** [4c 2h 3h Kc][5h]
MathisKcr bets 1740
Saiyanji raises 8693 to 10433 and is all-in
Riverouff folds
MathisKcr calls 8693
*** SHOW DOWN ***
MathisKcr shows [Kh Jd] (One pair : Kings)
Saiyanji shows [Qh 9h] (Flush Queen high)
Saiyanji collected 24345 from pot
*** SUMMARY ***
Total pot 24345 | No rake
Board: [4c 2h 3h Kc 5h]
Seat 1: MathisKcr (small blind) showed [Kh Jd] and lost with One pair : Kings
Seat 3: Saiyanji showed [Qh 9h] and won 24345 with Flush Queen high


Winamax Poker - Tournament "#3 - W SERIES - INFINITY - DAY 1" buyIn: 0.90€ + 0.10€ level: 1 - HandId: #4639932003993518201-21-1775846436 - Holdem no limit (25/100/200) - 2026/04/10 18:40:36 UTC
Table: '#3 - W SERIES - INFINITY - DAY 1(1080318355)#0120' 6-max (real money) Seat #1 is the button
Seat 1: MathisKcr (5396, 0.50€ bounty)
Seat 2: Frame_X (21513, 0.50€ bounty)
Seat 3: Saiyanji (24345, 0.50€ bounty)
Seat 4: Fonz_ (19287, 0.50€ bounty)
Seat 5: AArtilleur (21819, 0.50€ bounty)
Seat 6: Riverouff (14757, 0.50€ bounty)
*** ANTE/BLINDS ***
Frame_X posts ante 25
Saiyanji posts ante 25
MathisKcr posts ante 25
Fonz_ posts ante 25
AArtilleur posts ante 25
Riverouff posts ante 25
Frame_X posts small blind 100
Saiyanji posts big blind 200
Dealt to MathisKcr [9c 3h]
*** PRE-FLOP *** 
Fonz_ folds
AArtilleur folds
Riverouff folds
MathisKcr raises 5171 to 5371 and is all-in
Frame_X calls 5271
Saiyanji folds
*** FLOP *** [5h Ts Th]
*** TURN *** [5h Ts Th][9h]
*** RIVER *** [5h Ts Th 9h][Jd]
*** SHOW DOWN ***
MathisKcr shows [9c 3h] (Two pairs : Tens and 9)
Frame_X shows [Ac As] (Two pairs : Aces and Tens)
Frame_X collected 11092 from pot
*** SUMMARY ***
Total pot 11092 | No rake
Board: [5h Ts Th 9h Jd]
Seat 1: MathisKcr (button) showed [9c 3h] and lost with Two pairs : Tens and 9
Seat 2: Frame_X (small blind) showed [Ac As] and won 11092 with Two pairs : Aces and Tens


