Winamax Poker - Tournament "Expresso Nitro" buyIn: 0.93€ + 0.07€ level: 1 - HandId: #4705689645512392705-1-1776189892 - Holdem no limit (10/20) - 2026/04/14 18:04:52 UTC
Table: 'Expresso Nitro(1095628749)#0' 3-max (real money) Seat #2 is the button
Seat 1: makrem69800 (300)
Seat 2: BackToEx (300)
Seat 3: MathisKcr (300)
*** ANTE/BLINDS ***
MathisKcr posts small blind 10
makrem69800 posts big blind 20
Dealt to MathisKcr [Tc Th]
*** PRE-FLOP *** 
BackToEx folds
MathisKcr raises 280 to 300 and is all-in
makrem69800 folds
MathisKcr collected 320 from pot
*** SUMMARY ***
Total pot 320 | No rake
Seat 3: MathisKcr (small blind) won 320


Winamax Poker - Tournament "Expresso Nitro" buyIn: 0.93€ + 0.07€ level: 1 - HandId: #4705689645512392705-2-1776189898 - Holdem no limit (10/20) - 2026/04/14 18:04:58 UTC
Table: 'Expresso Nitro(1095628749)#0' 3-max (real money) Seat #3 is the button
Seat 1: makrem69800 (280)
Seat 2: BackToEx (300)
Seat 3: MathisKcr (320)
*** ANTE/BLINDS ***
makrem69800 posts small blind 10
BackToEx posts big blind 20
Dealt to MathisKcr [5c 7s]
*** PRE-FLOP *** 
MathisKcr folds
makrem69800 raises 260 to 280 and is all-in
BackToEx folds
makrem69800 collected 300 from pot
*** SUMMARY ***
Total pot 300 | No rake
Seat 1: makrem69800 (small blind) won 300


Winamax Poker - Tournament "Expresso Nitro" buyIn: 0.93€ + 0.07€ level: 1 - HandId: #4705689645512392705-3-1776189913 - Holdem no limit (10/20) - 2026/04/14 18:05:13 UTC
Table: 'Expresso Nitro(1095628749)#0' 3-max (real money) Seat #1 is the button
Seat 1: makrem69800 (300)
Seat 2: BackToEx (280)
Seat 3: MathisKcr (320)
*** ANTE/BLINDS ***
BackToEx posts small blind 10
MathisKcr posts big blind 20
Dealt to MathisKcr [Ac 8h]
*** PRE-FLOP *** 
makrem69800 folds
BackToEx calls 10
MathisKcr raises 300 to 320 and is all-in
BackToEx folds
MathisKcr collected 340 from pot
*** SUMMARY ***
Total pot 340 | No rake
Seat 3: MathisKcr (big blind) won 340


Winamax Poker - Tournament "Expresso Nitro" buyIn: 0.93€ + 0.07€ level: 1 - HandId: #4705689645512392705-4-1776189927 - Holdem no limit (10/20) - 2026/04/14 18:05:27 UTC
Table: 'Expresso Nitro(1095628749)#0' 3-max (real money) Seat #2 is the button
Seat 1: makrem69800 (300)
Seat 2: BackToEx (260)
Seat 3: MathisKcr (340)
*** ANTE/BLINDS ***
MathisKcr posts small blind 10
makrem69800 posts big blind 20
Dealt to MathisKcr [Js 3h]
*** PRE-FLOP *** 
BackToEx raises 240 to 260 and is all-in
MathisKcr folds
makrem69800 folds
BackToEx collected 290 from pot
*** SUMMARY ***
Total pot 290 | No rake
Seat 2: BackToEx (button) won 290


Winamax Poker - Tournament "Expresso Nitro" buyIn: 0.93€ + 0.07€ level: 1 - HandId: #4705689645512392705-5-1776189939 - Holdem no limit (10/20) - 2026/04/14 18:05:39 UTC
Table: 'Expresso Nitro(1095628749)#0' 3-max (real money) Seat #3 is the button
Seat 1: makrem69800 (280)
Seat 2: BackToEx (290)
Seat 3: MathisKcr (330)
*** ANTE/BLINDS ***
makrem69800 posts small blind 10
BackToEx posts big blind 20
Dealt to MathisKcr [As 5s]
*** PRE-FLOP *** 
MathisKcr raises 20 to 40
makrem69800 calls 30
BackToEx folds
*** FLOP *** [Ad 9h Kd]
makrem69800 checks
MathisKcr bets 35
makrem69800 calls 35
*** TURN *** [Ad 9h Kd][3h]
makrem69800 checks
MathisKcr bets 111
makrem69800 folds
MathisKcr collected 281 from pot
*** SUMMARY ***
Total pot 281 | No rake
Board: [Ad 9h Kd 3h]
Seat 3: MathisKcr (button) won 281


Winamax Poker - Tournament "Expresso Nitro" buyIn: 0.93€ + 0.07€ level: 2 - HandId: #4705689645512392705-6-1776189978 - Holdem no limit (15/30) - 2026/04/14 18:06:18 UTC
Table: 'Expresso Nitro(1095628749)#0' 3-max (real money) Seat #1 is the button
Seat 1: makrem69800 (205)
Seat 2: BackToEx (270)
Seat 3: MathisKcr (425)
*** ANTE/BLINDS ***
BackToEx posts small blind 15
MathisKcr posts big blind 30
Dealt to MathisKcr [7s Jd]
*** PRE-FLOP *** 
makrem69800 raises 175 to 205 and is all-in
BackToEx folds
MathisKcr folds
makrem69800 collected 250 from pot
*** SUMMARY ***
Total pot 250 | No rake
Seat 1: makrem69800 (button) won 250


Winamax Poker - Tournament "Expresso Nitro" buyIn: 0.93€ + 0.07€ level: 2 - HandId: #4705689645512392705-7-1776189989 - Holdem no limit (15/30) - 2026/04/14 18:06:29 UTC
Table: 'Expresso Nitro(1095628749)#0' 3-max (real money) Seat #2 is the button
Seat 1: makrem69800 (250)
Seat 2: BackToEx (255)
Seat 3: MathisKcr (395)
*** ANTE/BLINDS ***
MathisKcr posts small blind 15
makrem69800 posts big blind 30
Dealt to MathisKcr [5c 4d]
*** PRE-FLOP *** 
BackToEx folds
MathisKcr folds
makrem69800 collected 45 from pot
*** SUMMARY ***
Total pot 45 | No rake
Seat 1: makrem69800 (big blind) won 45


Winamax Poker - Tournament "Expresso Nitro" buyIn: 0.93€ + 0.07€ level: 2 - HandId: #4705689645512392705-8-1776190001 - Holdem no limit (15/30) - 2026/04/14 18:06:41 UTC
Table: 'Expresso Nitro(1095628749)#0' 3-max (real money) Seat #3 is the button
Seat 1: makrem69800 (265)
Seat 2: BackToEx (255)
Seat 3: MathisKcr (380)
*** ANTE/BLINDS ***
makrem69800 posts small blind 15
BackToEx posts big blind 30
Dealt to MathisKcr [9h 5d]
*** PRE-FLOP *** 
MathisKcr folds
makrem69800 calls 15
BackToEx checks
*** FLOP *** [Jd 9d 6s]
makrem69800 bets 39
BackToEx folds
makrem69800 collected 99 from pot
*** SUMMARY ***
Total pot 99 | No rake
Board: [Jd 9d 6s]
Seat 1: makrem69800 (small blind) won 99


Winamax Poker - Tournament "Expresso Nitro" buyIn: 0.93€ + 0.07€ level: 3 - HandId: #4705689645512392705-9-1776190025 - Holdem no limit (20/40) - 2026/04/14 18:07:05 UTC
Table: 'Expresso Nitro(1095628749)#0' 3-max (real money) Seat #1 is the button
Seat 1: makrem69800 (295)
Seat 2: BackToEx (225)
Seat 3: MathisKcr (380)
*** ANTE/BLINDS ***
BackToEx posts small blind 20
MathisKcr posts big blind 40
Dealt to MathisKcr [8h 4d]
*** PRE-FLOP *** 
makrem69800 folds
BackToEx raises 185 to 225 and is all-in
MathisKcr folds
BackToEx collected 265 from pot
*** SUMMARY ***
Total pot 265 | No rake
Seat 2: BackToEx (small blind) won 265


Winamax Poker - Tournament "Expresso Nitro" buyIn: 0.93€ + 0.07€ level: 3 - HandId: #4705689645512392705-10-1776190040 - Holdem no limit (20/40) - 2026/04/14 18:07:20 UTC
Table: 'Expresso Nitro(1095628749)#0' 3-max (real money) Seat #2 is the button
Seat 1: makrem69800 (295)
Seat 2: BackToEx (265)
Seat 3: MathisKcr (340)
*** ANTE/BLINDS ***
MathisKcr posts small blind 20
makrem69800 posts big blind 40
Dealt to MathisKcr [Qh Td]
*** PRE-FLOP *** 
BackToEx folds
MathisKcr raises 300 to 340 and is all-in
makrem69800 calls 255 and is all-in
*** FLOP *** [Tc Ks Ad]
*** TURN *** [Tc Ks Ad][9c]
*** RIVER *** [Tc Ks Ad 9c][5s]
*** SHOW DOWN ***
makrem69800 shows [Jc 5c] (One pair : 5)
MathisKcr shows [Qh Td] (One pair : Tens)
MathisKcr collected 635 from pot
*** SUMMARY ***
Total pot 635 | No rake
Board: [Tc Ks Ad 9c 5s]
Seat 1: makrem69800 (big blind) showed [Jc 5c] and lost with One pair : 5
Seat 3: MathisKcr (small blind) showed [Qh Td] and won 635 with One pair : Tens


Winamax Poker - Tournament "Expresso Nitro" buyIn: 0.93€ + 0.07€ level: 3 - HandId: #4705689645512392705-11-1776190064 - Holdem no limit (20/40) - 2026/04/14 18:07:44 UTC
Table: 'Expresso Nitro(1095628749)#0' 3-max (real money) Seat #2 is the button
Seat 2: BackToEx (265)
Seat 3: MathisKcr (635)
*** ANTE/BLINDS ***
BackToEx posts small blind 20
MathisKcr posts big blind 40
Dealt to MathisKcr [Kh Qd]
*** PRE-FLOP *** 
BackToEx raises 225 to 265 and is all-in
MathisKcr calls 225
*** FLOP *** [Qh 2s 3d]
*** TURN *** [Qh 2s 3d][7c]
*** RIVER *** [Qh 2s 3d 7c][Jh]
*** SHOW DOWN ***
BackToEx shows [Ad 5h] (High card : Ace)
MathisKcr shows [Kh Qd] (One pair : Queens)
MathisKcr collected 530 from pot
*** SUMMARY ***
Total pot 530 | No rake
Board: [Qh 2s 3d 7c Jh]
Seat 2: BackToEx (small blind) (button) showed [Ad 5h] and lost with High card : Ace
Seat 3: MathisKcr (big blind) showed [Kh Qd] and won 530 with One pair : Queens


