Winamax Poker - Tournament "Expresso Nitro" buyIn: 0.46€ + 0.04€ level: 1 - HandId: #4526584707495755777-1-1769683529 - Holdem no limit (10/20) - 2026/01/29 10:45:29 UTC
Table: 'Expresso Nitro(1053927631)#0' 3-max (real money) Seat #3 is the button
Seat 1: MathisKcr (300)
Seat 2: HD Boss8620 (300)
Seat 3: WIZARDKING (300)
*** ANTE/BLINDS ***
MathisKcr posts small blind 10
HD Boss8620 posts big blind 20
Dealt to MathisKcr [8h 9s]
*** PRE-FLOP *** 
WIZARDKING raises 50 to 70
MathisKcr folds
HD Boss8620 calls 50
*** FLOP *** [5h Th Ts]
HD Boss8620 checks
WIZARDKING bets 98
HD Boss8620 calls 98
*** TURN *** [5h Th Ts][9c]
HD Boss8620 checks
WIZARDKING bets 132 and is all-in
HD Boss8620 calls 132 and is all-in
*** RIVER *** [5h Th Ts 9c][Qd]
*** SHOW DOWN ***
WIZARDKING shows [Kh 7h] (One pair : Tens)
HD Boss8620 shows [8c 8s] (Two pairs : Tens and 8)
HD Boss8620 collected 610 from pot
*** SUMMARY ***
Total pot 610 | No rake
Board: [5h Th Ts 9c Qd]
Seat 2: HD Boss8620 (big blind) showed [8c 8s] and won 610 with Two pairs : Tens and 8
Seat 3: WIZARDKING (button) showed [Kh 7h] and lost with One pair : Tens


Winamax Poker - Tournament "Expresso Nitro" buyIn: 0.46€ + 0.04€ level: 1 - HandId: #4526584707495755777-2-1769683550 - Holdem no limit (10/20) - 2026/01/29 10:45:50 UTC
Table: 'Expresso Nitro(1053927631)#0' 3-max (real money) Seat #2 is the button
Seat 1: MathisKcr (290)
Seat 2: HD Boss8620 (610)
*** ANTE/BLINDS ***
HD Boss8620 posts small blind 10
MathisKcr posts big blind 20
Dealt to MathisKcr [6c Th]
*** PRE-FLOP *** 
HD Boss8620 calls 10
MathisKcr checks
*** FLOP *** [Ts Qs 6d]
MathisKcr bets 20
HD Boss8620 folds
MathisKcr collected 60 from pot
*** SUMMARY ***
Total pot 60 | No rake
Board: [Ts Qs 6d]
Seat 1: MathisKcr (big blind) won 60


Winamax Poker - Tournament "Expresso Nitro" buyIn: 0.46€ + 0.04€ level: 1 - HandId: #4526584707495755777-3-1769683564 - Holdem no limit (10/20) - 2026/01/29 10:46:04 UTC
Table: 'Expresso Nitro(1053927631)#0' 3-max (real money) Seat #1 is the button
Seat 1: MathisKcr (310)
Seat 2: HD Boss8620 (590)
*** ANTE/BLINDS ***
MathisKcr posts small blind 10
HD Boss8620 posts big blind 20
Dealt to MathisKcr [Qc 7h]
*** PRE-FLOP *** 
MathisKcr raises 20 to 40
HD Boss8620 calls 20
*** FLOP *** [As 9h 7d]
HD Boss8620 checks
MathisKcr bets 40
HD Boss8620 folds
MathisKcr collected 120 from pot
*** SUMMARY ***
Total pot 120 | No rake
Board: [As 9h 7d]
Seat 1: MathisKcr (small blind) (button) won 120


Winamax Poker - Tournament "Expresso Nitro" buyIn: 0.46€ + 0.04€ level: 1 - HandId: #4526584707495755777-4-1769683577 - Holdem no limit (10/20) - 2026/01/29 10:46:17 UTC
Table: 'Expresso Nitro(1053927631)#0' 3-max (real money) Seat #2 is the button
Seat 1: MathisKcr (350)
Seat 2: HD Boss8620 (550)
*** ANTE/BLINDS ***
HD Boss8620 posts small blind 10
MathisKcr posts big blind 20
Dealt to MathisKcr [2c 8d]
*** PRE-FLOP *** 
HD Boss8620 calls 10
MathisKcr checks
*** FLOP *** [Jh 4c Jc]
MathisKcr bets 40
HD Boss8620 calls 40
*** TURN *** [Jh 4c Jc][Js]
MathisKcr bets 90
HD Boss8620 calls 90
*** RIVER *** [Jh 4c Jc Js][Jd]
MathisKcr bets 200 and is all-in
HD Boss8620 calls 200
*** SHOW DOWN ***
MathisKcr shows [2c 8d] (Quads of Jacks)
HD Boss8620 shows [2s Qd] (Quads of Jacks)
HD Boss8620 collected 700 from pot
*** SUMMARY ***
Total pot 700 | No rake
Board: [Jh 4c Jc Js Jd]
Seat 1: MathisKcr (big blind) showed [2c 8d] and lost with Quads of Jacks
Seat 2: HD Boss8620 (small blind) (button) showed [2s Qd] and won 700 with Quads of Jacks


