Winamax Poker - Tournament "Expresso Nitro" buyIn: 0.93€ + 0.07€ level: 1 - HandId: #4601656574006525953-1-1772395372 - Holdem no limit (10/20) - 2026/03/01 20:02:52 UTC
Table: 'Expresso Nitro(1071406662)#0' 3-max (real money) Seat #2 is the button
Seat 1: MathisKcr (300)
Seat 2: jkltc (300)
Seat 3: Dughetto49 (300)
*** ANTE/BLINDS ***
Dughetto49 posts small blind 10
MathisKcr posts big blind 20
Dealt to MathisKcr [5c 3h]
*** PRE-FLOP *** 
jkltc calls 20
Dughetto49 folds
MathisKcr checks
*** FLOP *** [Td 8h 4s]
MathisKcr checks
jkltc checks
*** TURN *** [Td 8h 4s][Tc]
MathisKcr checks
jkltc checks
*** RIVER *** [Td 8h 4s Tc][5d]
MathisKcr checks
jkltc checks
*** SHOW DOWN ***
jkltc shows [Ad 2s] (One pair : Tens)
MathisKcr shows [5c 3h] (Two pairs : Tens and 5)
MathisKcr collected 50 from pot
*** SUMMARY ***
Total pot 50 | No rake
Board: [Td 8h 4s Tc 5d]
Seat 1: MathisKcr (big blind) showed [5c 3h] and won 50 with Two pairs : Tens and 5
Seat 2: jkltc (button) showed [Ad 2s] and lost with One pair : Tens


Winamax Poker - Tournament "Expresso Nitro" buyIn: 0.93€ + 0.07€ level: 1 - HandId: #4601656574006525953-2-1772395396 - Holdem no limit (10/20) - 2026/03/01 20:03:16 UTC
Table: 'Expresso Nitro(1071406662)#0' 3-max (real money) Seat #3 is the button
Seat 1: MathisKcr (330)
Seat 2: jkltc (280)
Seat 3: Dughetto49 (290)
*** ANTE/BLINDS ***
MathisKcr posts small blind 10
jkltc posts big blind 20
Dealt to MathisKcr [4c Kd]
*** PRE-FLOP *** 
Dughetto49 folds
MathisKcr calls 10
jkltc checks
*** FLOP *** [Qd Tc 8d]
MathisKcr checks
jkltc checks
*** TURN *** [Qd Tc 8d][6d]
MathisKcr bets 20
jkltc folds
MathisKcr collected 60 from pot
*** SUMMARY ***
Total pot 60 | No rake
Board: [Qd Tc 8d 6d]
Seat 1: MathisKcr (small blind) won 60


Winamax Poker - Tournament "Expresso Nitro" buyIn: 0.93€ + 0.07€ level: 1 - HandId: #4601656574006525953-3-1772395426 - Holdem no limit (10/20) - 2026/03/01 20:03:46 UTC
Table: 'Expresso Nitro(1071406662)#0' 3-max (real money) Seat #1 is the button
Seat 1: MathisKcr (350)
Seat 2: jkltc (260)
Seat 3: Dughetto49 (290)
*** ANTE/BLINDS ***
jkltc posts small blind 10
Dughetto49 posts big blind 20
Dealt to MathisKcr [6d 2s]
*** PRE-FLOP *** 
MathisKcr folds
jkltc calls 10
Dughetto49 checks
*** FLOP *** [Th 6s 3c]
jkltc bets 20
Dughetto49 folds
jkltc collected 60 from pot
*** SUMMARY ***
Total pot 60 | No rake
Board: [Th 6s 3c]
Seat 2: jkltc (small blind) won 60


Winamax Poker - Tournament "Expresso Nitro" buyIn: 0.93€ + 0.07€ level: 2 - HandId: #4601656574006525953-4-1772395458 - Holdem no limit (15/30) - 2026/03/01 20:04:18 UTC
Table: 'Expresso Nitro(1071406662)#0' 3-max (real money) Seat #2 is the button
Seat 1: MathisKcr (350)
Seat 2: jkltc (280)
Seat 3: Dughetto49 (270)
*** ANTE/BLINDS ***
Dughetto49 posts small blind 15
MathisKcr posts big blind 30
Dealt to MathisKcr [Kd Tc]
*** PRE-FLOP *** 
jkltc calls 30
Dughetto49 folds
MathisKcr raises 30 to 60
jkltc calls 30
*** FLOP *** [8d Qd Qh]
MathisKcr bets 60
jkltc folds
MathisKcr collected 195 from pot
*** SUMMARY ***
Total pot 195 | No rake
Board: [8d Qd Qh]
Seat 1: MathisKcr (big blind) won 195


Winamax Poker - Tournament "Expresso Nitro" buyIn: 0.93€ + 0.07€ level: 3 - HandId: #4601656574006525953-5-1772395495 - Holdem no limit (20/40) - 2026/03/01 20:04:55 UTC
Table: 'Expresso Nitro(1071406662)#0' 3-max (real money) Seat #3 is the button
Seat 1: MathisKcr (425)
Seat 2: jkltc (220)
Seat 3: Dughetto49 (255)
*** ANTE/BLINDS ***
MathisKcr posts small blind 20
jkltc posts big blind 40
Dealt to MathisKcr [Kh 4s]
*** PRE-FLOP *** 
Dughetto49 folds
MathisKcr raises 40 to 80
jkltc calls 40
*** FLOP *** [Ad 8s Ah]
MathisKcr bets 80
jkltc raises 60 to 140 and is all-in
MathisKcr calls 60
*** TURN *** [Ad 8s Ah][8c]
*** RIVER *** [Ad 8s Ah 8c][Jc]
*** SHOW DOWN ***
MathisKcr shows [Kh 4s] (Two pairs : Aces and 8)
jkltc shows [As 4c] (Full of Aces and 8)
jkltc collected 440 from pot
*** SUMMARY ***
Total pot 440 | No rake
Board: [Ad 8s Ah 8c Jc]
Seat 1: MathisKcr (small blind) showed [Kh 4s] and lost with Two pairs : Aces and 8
Seat 2: jkltc (big blind) showed [As 4c] and won 440 with Full of Aces and 8


Winamax Poker - Tournament "Expresso Nitro" buyIn: 0.93€ + 0.07€ level: 3 - HandId: #4601656574006525953-6-1772395515 - Holdem no limit (20/40) - 2026/03/01 20:05:15 UTC
Table: 'Expresso Nitro(1071406662)#0' 3-max (real money) Seat #1 is the button
Seat 1: MathisKcr (205)
Seat 2: jkltc (440)
Seat 3: Dughetto49 (255)
*** ANTE/BLINDS ***
jkltc posts small blind 20
Dughetto49 posts big blind 40
Dealt to MathisKcr [7h 7s]
*** PRE-FLOP *** 
MathisKcr raises 165 to 205 and is all-in
jkltc folds
Dughetto49 folds
MathisKcr collected 265 from pot
*** SUMMARY ***
Total pot 265 | No rake
Seat 1: MathisKcr (button) won 265


Winamax Poker - Tournament "Expresso Nitro" buyIn: 0.93€ + 0.07€ level: 3 - HandId: #4601656574006525953-7-1772395526 - Holdem no limit (20/40) - 2026/03/01 20:05:26 UTC
Table: 'Expresso Nitro(1071406662)#0' 3-max (real money) Seat #2 is the button
Seat 1: MathisKcr (265)
Seat 2: jkltc (420)
Seat 3: Dughetto49 (215)
*** ANTE/BLINDS ***
Dughetto49 posts small blind 20
MathisKcr posts big blind 40
Dealt to MathisKcr [3d Qh]
*** PRE-FLOP *** 
jkltc calls 40
Dughetto49 folds
MathisKcr checks
*** FLOP *** [As Ks 9c]
MathisKcr checks
jkltc bets 40
MathisKcr folds
jkltc collected 140 from pot
*** SUMMARY ***
Total pot 140 | No rake
Board: [As Ks 9c]
Seat 2: jkltc (button) won 140


Winamax Poker - Tournament "Expresso Nitro" buyIn: 0.93€ + 0.07€ level: 3 - HandId: #4601656574006525953-8-1772395540 - Holdem no limit (20/40) - 2026/03/01 20:05:40 UTC
Table: 'Expresso Nitro(1071406662)#0' 3-max (real money) Seat #3 is the button
Seat 1: MathisKcr (225)
Seat 2: jkltc (480)
Seat 3: Dughetto49 (195)
*** ANTE/BLINDS ***
MathisKcr posts small blind 20
jkltc posts big blind 40
Dealt to MathisKcr [3d 3c]
*** PRE-FLOP *** 
Dughetto49 calls 40
MathisKcr raises 185 to 225 and is all-in
jkltc folds
Dughetto49 calls 155 and is all-in
*** FLOP *** [2h Jc 6h]
*** TURN *** [2h Jc 6h][9c]
*** RIVER *** [2h Jc 6h 9c][9s]
*** SHOW DOWN ***
Dughetto49 shows [Qc 5c] (One pair : 9)
MathisKcr shows [3d 3c] (Two pairs : 9 and 3)
MathisKcr collected 460 from pot
*** SUMMARY ***
Total pot 460 | No rake
Board: [2h Jc 6h 9c 9s]
Seat 1: MathisKcr (small blind) showed [3d 3c] and won 460 with Two pairs : 9 and 3
Seat 3: Dughetto49 (button) showed [Qc 5c] and lost with One pair : 9


Winamax Poker - Tournament "Expresso Nitro" buyIn: 0.93€ + 0.07€ level: 4 - HandId: #4601656574006525953-9-1772395555 - Holdem no limit (30/60) - 2026/03/01 20:05:55 UTC
Table: 'Expresso Nitro(1071406662)#0' 3-max (real money) Seat #2 is the button
Seat 1: MathisKcr (460)
Seat 2: jkltc (440)
*** ANTE/BLINDS ***
jkltc posts small blind 30
MathisKcr posts big blind 60
Dealt to MathisKcr [6d Ad]
*** PRE-FLOP *** 
jkltc calls 30
MathisKcr raises 400 to 460 and is all-in
jkltc calls 380 and is all-in
*** FLOP *** [4h 3s Td]
*** TURN *** [4h 3s Td][3c]
*** RIVER *** [4h 3s Td 3c][Jh]
*** SHOW DOWN ***
MathisKcr shows [6d Ad] (One pair : 3)
jkltc shows [Kh Ts] (Two pairs : Tens and 3)
jkltc collected 880 from main pot
MathisKcr collected 20 from side pot 1
*** SUMMARY ***
Total pot 900 | No rake
Board: [4h 3s Td 3c Jh]
Seat 1: MathisKcr (big blind) showed [6d Ad] and won 20 with One pair : 3
Seat 2: jkltc (small blind) (button) showed [Kh Ts] and won 880 with Two pairs : Tens and 3


Winamax Poker - Tournament "Expresso Nitro" buyIn: 0.93€ + 0.07€ level: 4 - HandId: #4601656574006525953-10-1772395570 - Holdem no limit (30/60) - 2026/03/01 20:06:10 UTC
Table: 'Expresso Nitro(1071406662)#0' 3-max (real money) Seat #1 is the button
Seat 1: MathisKcr (20)
Seat 2: jkltc (880)
*** ANTE/BLINDS ***
MathisKcr posts small blind 20 and is all-in
jkltc posts big blind 60
Dealt to MathisKcr [Ts 6s]
*** PRE-FLOP *** 
*** FLOP *** [4d 9h Tc]
*** TURN *** [4d 9h Tc][2d]
*** RIVER *** [4d 9h Tc 2d][Ac]
*** SHOW DOWN ***
MathisKcr shows [Ts 6s] (One pair : Tens)
jkltc shows [6d 2s] (One pair : 2)
jkltc collected 40 from side pot 1
MathisKcr collected 40 from main pot
*** SUMMARY ***
Total pot 80 | No rake
Board: [4d 9h Tc 2d Ac]
Seat 1: MathisKcr (small blind) (button) showed [Ts 6s] and won 40 with One pair : Tens
Seat 2: jkltc (big blind) showed [6d 2s] and won 40 with One pair : 2


Winamax Poker - Tournament "Expresso Nitro" buyIn: 0.93€ + 0.07€ level: 4 - HandId: #4601656574006525953-11-1772395579 - Holdem no limit (30/60) - 2026/03/01 20:06:19 UTC
Table: 'Expresso Nitro(1071406662)#0' 3-max (real money) Seat #2 is the button
Seat 1: MathisKcr (40)
Seat 2: jkltc (860)
*** ANTE/BLINDS ***
jkltc posts small blind 30
MathisKcr posts big blind 40 and is all-in
Dealt to MathisKcr [9c 4d]
*** PRE-FLOP *** 
jkltc calls 30
*** FLOP *** [As Ah Js]
*** TURN *** [As Ah Js][Qc]
*** RIVER *** [As Ah Js Qc][Ts]
*** SHOW DOWN ***
MathisKcr shows [9c 4d] (One pair : Aces)
jkltc shows [6h Qd] (Two pairs : Aces and Queens)
jkltc collected 100 from pot
*** SUMMARY ***
Total pot 100 | No rake
Board: [As Ah Js Qc Ts]
Seat 1: MathisKcr (big blind) showed [9c 4d] and lost with One pair : Aces
Seat 2: jkltc (small blind) (button) showed [6h Qd] and won 100 with Two pairs : Aces and Queens


