Winamax Poker - Tournament "Expresso Nitro" buyIn: 0.46€ + 0.04€ level: 1 - HandId: #4540846816417021953-1-1770194034 - Holdem no limit (10/20) - 2026/02/04 08:33:54 UTC
Table: 'Expresso Nitro(1057248287)#0' 3-max (real money) Seat #3 is the button
Seat 1: Thierry 1340 (300)
Seat 2: Aingeluz_23 (300)
Seat 3: MathisKcr (300)
*** ANTE/BLINDS ***
Thierry 1340 posts small blind 10
Aingeluz_23 posts big blind 20
Dealt to MathisKcr [7s 9d]
*** PRE-FLOP *** 
MathisKcr raises 20 to 40
Thierry 1340 raises 260 to 300 and is all-in
Aingeluz_23 calls 280 and is all-in
MathisKcr folds
*** FLOP *** [4c 3c 8d]
*** TURN *** [4c 3c 8d][6s]
*** RIVER *** [4c 3c 8d 6s][Qc]
*** SHOW DOWN ***
Aingeluz_23 shows [Kh 4s] (One pair : 4)
Thierry 1340 shows [5h 5c] (One pair : 5)
Thierry 1340 collected 640 from pot
*** SUMMARY ***
Total pot 640 | No rake
Board: [4c 3c 8d 6s Qc]
Seat 1: Thierry 1340 (small blind) showed [5h 5c] and won 640 with One pair : 5
Seat 2: Aingeluz_23 (big blind) showed [Kh 4s] and lost with One pair : 4


Winamax Poker - Tournament "Expresso Nitro" buyIn: 0.46€ + 0.04€ level: 1 - HandId: #4540846816417021953-2-1770194050 - Holdem no limit (10/20) - 2026/02/04 08:34:10 UTC
Table: 'Expresso Nitro(1057248287)#0' 3-max (real money) Seat #3 is the button
Seat 1: Thierry 1340 (640)
Seat 3: MathisKcr (260)
*** ANTE/BLINDS ***
MathisKcr posts small blind 10
Thierry 1340 posts big blind 20
Dealt to MathisKcr [4h 9d]
*** PRE-FLOP *** 
MathisKcr folds
Thierry 1340 collected 30 from pot
*** SUMMARY ***
Total pot 30 | No rake
Seat 1: Thierry 1340 (big blind) won 30


Winamax Poker - Tournament "Expresso Nitro" buyIn: 0.46€ + 0.04€ level: 1 - HandId: #4540846816417021953-3-1770194055 - Holdem no limit (10/20) - 2026/02/04 08:34:15 UTC
Table: 'Expresso Nitro(1057248287)#0' 3-max (real money) Seat #1 is the button
Seat 1: Thierry 1340 (650)
Seat 3: MathisKcr (250)
*** ANTE/BLINDS ***
Thierry 1340 posts small blind 10
MathisKcr posts big blind 20
Dealt to MathisKcr [Ah 2s]
*** PRE-FLOP *** 
Thierry 1340 calls 10
MathisKcr raises 20 to 40
Thierry 1340 calls 20
*** FLOP *** [2c 7d Kc]
MathisKcr bets 60
Thierry 1340 folds
MathisKcr collected 140 from pot
*** SUMMARY ***
Total pot 140 | No rake
Board: [2c 7d Kc]
Seat 3: MathisKcr (big blind) won 140


Winamax Poker - Tournament "Expresso Nitro" buyIn: 0.46€ + 0.04€ level: 1 - HandId: #4540846816417021953-4-1770194071 - Holdem no limit (10/20) - 2026/02/04 08:34:31 UTC
Table: 'Expresso Nitro(1057248287)#0' 3-max (real money) Seat #3 is the button
Seat 1: Thierry 1340 (610)
Seat 3: MathisKcr (290)
*** ANTE/BLINDS ***
MathisKcr posts small blind 10
Thierry 1340 posts big blind 20
Dealt to MathisKcr [Ah 4d]
*** PRE-FLOP *** 
MathisKcr raises 270 to 290 and is all-in
Thierry 1340 folds
MathisKcr collected 310 from pot
*** SUMMARY ***
Total pot 310 | No rake
Seat 3: MathisKcr (small blind) (button) won 310


Winamax Poker - Tournament "Expresso Nitro" buyIn: 0.46€ + 0.04€ level: 1 - HandId: #4540846816417021953-5-1770194079 - Holdem no limit (10/20) - 2026/02/04 08:34:39 UTC
Table: 'Expresso Nitro(1057248287)#0' 3-max (real money) Seat #1 is the button
Seat 1: Thierry 1340 (590)
Seat 3: MathisKcr (310)
*** ANTE/BLINDS ***
Thierry 1340 posts small blind 10
MathisKcr posts big blind 20
Dealt to MathisKcr [7h 2h]
*** PRE-FLOP *** 
Thierry 1340 raises 570 to 590 and is all-in
MathisKcr folds
Thierry 1340 collected 610 from pot
*** SUMMARY ***
Total pot 610 | No rake
Seat 1: Thierry 1340 (small blind) (button) won 610


Winamax Poker - Tournament "Expresso Nitro" buyIn: 0.46€ + 0.04€ level: 1 - HandId: #4540846816417021953-6-1770194084 - Holdem no limit (10/20) - 2026/02/04 08:34:44 UTC
Table: 'Expresso Nitro(1057248287)#0' 3-max (real money) Seat #3 is the button
Seat 1: Thierry 1340 (610)
Seat 3: MathisKcr (290)
*** ANTE/BLINDS ***
MathisKcr posts small blind 10
Thierry 1340 posts big blind 20
Dealt to MathisKcr [Qd Ah]
*** PRE-FLOP *** 
MathisKcr raises 270 to 290 and is all-in
Thierry 1340 calls 270
*** FLOP *** [8h 7s Kd]
*** TURN *** [8h 7s Kd][3s]
*** RIVER *** [8h 7s Kd 3s][2d]
*** SHOW DOWN ***
Thierry 1340 shows [Jc Ts] (High card : King)
MathisKcr shows [Qd Ah] (High card : Ace)
MathisKcr collected 580 from pot
*** SUMMARY ***
Total pot 580 | No rake
Board: [8h 7s Kd 3s 2d]
Seat 1: Thierry 1340 (big blind) showed [Jc Ts] and lost with High card : King
Seat 3: MathisKcr (small blind) (button) showed [Qd Ah] and won 580 with High card : Ace


Winamax Poker - Tournament "Expresso Nitro" buyIn: 0.46€ + 0.04€ level: 2 - HandId: #4540846816417021953-7-1770194096 - Holdem no limit (15/30) - 2026/02/04 08:34:56 UTC
Table: 'Expresso Nitro(1057248287)#0' 3-max (real money) Seat #1 is the button
Seat 1: Thierry 1340 (320)
Seat 3: MathisKcr (580)
*** ANTE/BLINDS ***
Thierry 1340 posts small blind 15
MathisKcr posts big blind 30
Dealt to MathisKcr [3s Qh]
*** PRE-FLOP *** 
Thierry 1340 folds
MathisKcr collected 45 from pot
*** SUMMARY ***
Total pot 45 | No rake
Seat 3: MathisKcr (big blind) won 45


Winamax Poker - Tournament "Expresso Nitro" buyIn: 0.46€ + 0.04€ level: 2 - HandId: #4540846816417021953-8-1770194101 - Holdem no limit (15/30) - 2026/02/04 08:35:01 UTC
Table: 'Expresso Nitro(1057248287)#0' 3-max (real money) Seat #3 is the button
Seat 1: Thierry 1340 (305)
Seat 3: MathisKcr (595)
*** ANTE/BLINDS ***
MathisKcr posts small blind 15
Thierry 1340 posts big blind 30
Dealt to MathisKcr [4h 7d]
*** PRE-FLOP *** 
MathisKcr raises 60 to 90
Thierry 1340 folds
MathisKcr collected 120 from pot
*** SUMMARY ***
Total pot 120 | No rake
Seat 3: MathisKcr (small blind) (button) won 120


Winamax Poker - Tournament "Expresso Nitro" buyIn: 0.46€ + 0.04€ level: 2 - HandId: #4540846816417021953-9-1770194108 - Holdem no limit (15/30) - 2026/02/04 08:35:08 UTC
Table: 'Expresso Nitro(1057248287)#0' 3-max (real money) Seat #1 is the button
Seat 1: Thierry 1340 (275)
Seat 3: MathisKcr (625)
*** ANTE/BLINDS ***
Thierry 1340 posts small blind 15
MathisKcr posts big blind 30
Dealt to MathisKcr [5s 8d]
*** PRE-FLOP *** 
Thierry 1340 folds
MathisKcr collected 45 from pot
*** SUMMARY ***
Total pot 45 | No rake
Seat 3: MathisKcr (big blind) won 45


Winamax Poker - Tournament "Expresso Nitro" buyIn: 0.46€ + 0.04€ level: 2 - HandId: #4540846816417021953-10-1770194113 - Holdem no limit (15/30) - 2026/02/04 08:35:13 UTC
Table: 'Expresso Nitro(1057248287)#0' 3-max (real money) Seat #3 is the button
Seat 1: Thierry 1340 (260)
Seat 3: MathisKcr (640)
*** ANTE/BLINDS ***
MathisKcr posts small blind 15
Thierry 1340 posts big blind 30
Dealt to MathisKcr [3h 4s]
*** PRE-FLOP *** 
MathisKcr raises 30 to 60
Thierry 1340 raises 200 to 260 and is all-in
MathisKcr folds
Thierry 1340 collected 320 from pot
*** SUMMARY ***
Total pot 320 | No rake
Seat 1: Thierry 1340 (big blind) won 320


Winamax Poker - Tournament "Expresso Nitro" buyIn: 0.46€ + 0.04€ level: 2 - HandId: #4540846816417021953-11-1770194120 - Holdem no limit (15/30) - 2026/02/04 08:35:20 UTC
Table: 'Expresso Nitro(1057248287)#0' 3-max (real money) Seat #1 is the button
Seat 1: Thierry 1340 (320)
Seat 3: MathisKcr (580)
*** ANTE/BLINDS ***
Thierry 1340 posts small blind 15
MathisKcr posts big blind 30
Dealt to MathisKcr [Ah 5s]
*** PRE-FLOP *** 
Thierry 1340 folds
MathisKcr collected 45 from pot
*** SUMMARY ***
Total pot 45 | No rake
Seat 3: MathisKcr (big blind) won 45


Winamax Poker - Tournament "Expresso Nitro" buyIn: 0.46€ + 0.04€ level: 2 - HandId: #4540846816417021953-12-1770194125 - Holdem no limit (15/30) - 2026/02/04 08:35:25 UTC
Table: 'Expresso Nitro(1057248287)#0' 3-max (real money) Seat #3 is the button
Seat 1: Thierry 1340 (305)
Seat 3: MathisKcr (595)
*** ANTE/BLINDS ***
MathisKcr posts small blind 15
Thierry 1340 posts big blind 30
Dealt to MathisKcr [8d 4h]
*** PRE-FLOP *** 
MathisKcr calls 15
Thierry 1340 raises 275 to 305 and is all-in
MathisKcr folds
Thierry 1340 collected 335 from pot
*** SUMMARY ***
Total pot 335 | No rake
Seat 1: Thierry 1340 (big blind) won 335


Winamax Poker - Tournament "Expresso Nitro" buyIn: 0.46€ + 0.04€ level: 2 - HandId: #4540846816417021953-13-1770194134 - Holdem no limit (15/30) - 2026/02/04 08:35:34 UTC
Table: 'Expresso Nitro(1057248287)#0' 3-max (real money) Seat #1 is the button
Seat 1: Thierry 1340 (335)
Seat 3: MathisKcr (565)
*** ANTE/BLINDS ***
Thierry 1340 posts small blind 15
MathisKcr posts big blind 30
Dealt to MathisKcr [6c Qh]
*** PRE-FLOP *** 
Thierry 1340 folds
MathisKcr collected 45 from pot
*** SUMMARY ***
Total pot 45 | No rake
Seat 3: MathisKcr (big blind) won 45


Winamax Poker - Tournament "Expresso Nitro" buyIn: 0.46€ + 0.04€ level: 2 - HandId: #4540846816417021953-14-1770194139 - Holdem no limit (15/30) - 2026/02/04 08:35:39 UTC
Table: 'Expresso Nitro(1057248287)#0' 3-max (real money) Seat #3 is the button
Seat 1: Thierry 1340 (320)
Seat 3: MathisKcr (580)
*** ANTE/BLINDS ***
MathisKcr posts small blind 15
Thierry 1340 posts big blind 30
Dealt to MathisKcr [Ac Qh]
*** PRE-FLOP *** 
MathisKcr raises 550 to 580 and is all-in
Thierry 1340 folds
MathisKcr collected 610 from pot
*** SUMMARY ***
Total pot 610 | No rake
Seat 3: MathisKcr (small blind) (button) won 610


Winamax Poker - Tournament "Expresso Nitro" buyIn: 0.46€ + 0.04€ level: 2 - HandId: #4540846816417021953-15-1770194146 - Holdem no limit (15/30) - 2026/02/04 08:35:46 UTC
Table: 'Expresso Nitro(1057248287)#0' 3-max (real money) Seat #1 is the button
Seat 1: Thierry 1340 (290)
Seat 3: MathisKcr (610)
*** ANTE/BLINDS ***
Thierry 1340 posts small blind 15
MathisKcr posts big blind 30
Dealt to MathisKcr [7d 8s]
*** PRE-FLOP *** 
Thierry 1340 raises 260 to 290 and is all-in
MathisKcr calls 260
*** FLOP *** [3d 8d 4c]
*** TURN *** [3d 8d 4c][Kd]
*** RIVER *** [3d 8d 4c Kd][7c]
*** SHOW DOWN ***
Thierry 1340 shows [As 6s] (High card : Ace)
MathisKcr shows [7d 8s] (Two pairs : 8 and 7)
MathisKcr collected 580 from pot
*** SUMMARY ***
Total pot 580 | No rake
Board: [3d 8d 4c Kd 7c]
Seat 1: Thierry 1340 (small blind) (button) showed [As 6s] and lost with High card : Ace
Seat 3: MathisKcr (big blind) showed [7d 8s] and won 580 with Two pairs : 8 and 7


