Winamax Poker - Tournament "Expresso Nitro" buyIn: 0.93€ + 0.07€ level: 1 - HandId: #4679545857459093505-1-1775211480 - Holdem no limit (10/20) - 2026/04/03 10:18:00 UTC
Table: 'Expresso Nitro(1089541674)#0' 3-max (real money) Seat #2 is the button
Seat 1: HarryPoTurn (300)
Seat 2: Papapeks (300)
Seat 3: MathisKcr (300)
*** ANTE/BLINDS ***
MathisKcr posts small blind 10
HarryPoTurn posts big blind 20
Dealt to MathisKcr [Tc Th]
*** PRE-FLOP *** 
Papapeks folds
MathisKcr raises 280 to 300 and is all-in
HarryPoTurn folds
MathisKcr collected 320 from pot
*** SUMMARY ***
Total pot 320 | No rake
Seat 3: MathisKcr (small blind) won 320


Winamax Poker - Tournament "Expresso Nitro" buyIn: 0.93€ + 0.07€ level: 1 - HandId: #4679545857459093505-2-1775211492 - Holdem no limit (10/20) - 2026/04/03 10:18:12 UTC
Table: 'Expresso Nitro(1089541674)#0' 3-max (real money) Seat #3 is the button
Seat 1: HarryPoTurn (280)
Seat 2: Papapeks (300)
Seat 3: MathisKcr (320)
*** ANTE/BLINDS ***
HarryPoTurn posts small blind 10
Papapeks posts big blind 20
Dealt to MathisKcr [Ad 7h]
*** PRE-FLOP *** 
MathisKcr raises 20 to 40
HarryPoTurn folds
Papapeks calls 20
*** FLOP *** [Ts 4s Qd]
Papapeks bets 90
MathisKcr folds
Papapeks collected 180 from pot
*** SUMMARY ***
Total pot 180 | No rake
Board: [Ts 4s Qd]
Seat 2: Papapeks (big blind) won 180


Winamax Poker - Tournament "Expresso Nitro" buyIn: 0.93€ + 0.07€ level: 1 - HandId: #4679545857459093505-3-1775211512 - Holdem no limit (10/20) - 2026/04/03 10:18:32 UTC
Table: 'Expresso Nitro(1089541674)#0' 3-max (real money) Seat #1 is the button
Seat 1: HarryPoTurn (270)
Seat 2: Papapeks (350)
Seat 3: MathisKcr (280)
*** ANTE/BLINDS ***
Papapeks posts small blind 10
MathisKcr posts big blind 20
Dealt to MathisKcr [7d Js]
*** PRE-FLOP *** 
HarryPoTurn folds
Papapeks folds
MathisKcr collected 30 from pot
*** SUMMARY ***
Total pot 30 | No rake
Seat 3: MathisKcr (big blind) won 30


Winamax Poker - Tournament "Expresso Nitro" buyIn: 0.93€ + 0.07€ level: 1 - HandId: #4679545857459093505-4-1775211518 - Holdem no limit (10/20) - 2026/04/03 10:18:38 UTC
Table: 'Expresso Nitro(1089541674)#0' 3-max (real money) Seat #2 is the button
Seat 1: HarryPoTurn (270)
Seat 2: Papapeks (340)
Seat 3: MathisKcr (290)
*** ANTE/BLINDS ***
MathisKcr posts small blind 10
HarryPoTurn posts big blind 20
Dealt to MathisKcr [Ac Kd]
*** PRE-FLOP *** 
Papapeks calls 20
MathisKcr raises 270 to 290 and is all-in
HarryPoTurn folds
Papapeks folds
MathisKcr collected 330 from pot
*** SUMMARY ***
Total pot 330 | No rake
Seat 3: MathisKcr (small blind) won 330


Winamax Poker - Tournament "Expresso Nitro" buyIn: 0.93€ + 0.07€ level: 1 - HandId: #4679545857459093505-5-1775211534 - Holdem no limit (10/20) - 2026/04/03 10:18:54 UTC
Table: 'Expresso Nitro(1089541674)#0' 3-max (real money) Seat #3 is the button
Seat 1: HarryPoTurn (250)
Seat 2: Papapeks (320)
Seat 3: MathisKcr (330)
*** ANTE/BLINDS ***
HarryPoTurn posts small blind 10
Papapeks posts big blind 20
Dealt to MathisKcr [2h Qs]
*** PRE-FLOP *** 
MathisKcr folds
HarryPoTurn raises 230 to 250 and is all-in
Papapeks calls 230
*** FLOP *** [4h 5h Th]
*** TURN *** [4h 5h Th][3d]
*** RIVER *** [4h 5h Th 3d][Ts]
*** SHOW DOWN ***
Papapeks shows [Qc 8d] (One pair : Tens)
HarryPoTurn shows [Ad Tc] (Trips of Tens)
HarryPoTurn collected 500 from pot
*** SUMMARY ***
Total pot 500 | No rake
Board: [4h 5h Th 3d Ts]
Seat 1: HarryPoTurn (small blind) showed [Ad Tc] and won 500 with Trips of Tens
Seat 2: Papapeks (big blind) showed [Qc 8d] and lost with One pair : Tens


Winamax Poker - Tournament "Expresso Nitro" buyIn: 0.93€ + 0.07€ level: 2 - HandId: #4679545857459093505-6-1775211552 - Holdem no limit (15/30) - 2026/04/03 10:19:12 UTC
Table: 'Expresso Nitro(1089541674)#0' 3-max (real money) Seat #1 is the button
Seat 1: HarryPoTurn (500)
Seat 2: Papapeks (70)
Seat 3: MathisKcr (330)
*** ANTE/BLINDS ***
Papapeks posts small blind 15
MathisKcr posts big blind 30
Dealt to MathisKcr [2s 6h]
*** PRE-FLOP *** 
HarryPoTurn folds
Papapeks raises 40 to 70 and is all-in
MathisKcr folds
Papapeks collected 100 from pot
*** SUMMARY ***
Total pot 100 | No rake
Seat 2: Papapeks (small blind) won 100


Winamax Poker - Tournament "Expresso Nitro" buyIn: 0.93€ + 0.07€ level: 2 - HandId: #4679545857459093505-7-1775211561 - Holdem no limit (15/30) - 2026/04/03 10:19:21 UTC
Table: 'Expresso Nitro(1089541674)#0' 3-max (real money) Seat #2 is the button
Seat 1: HarryPoTurn (500)
Seat 2: Papapeks (100)
Seat 3: MathisKcr (300)
*** ANTE/BLINDS ***
MathisKcr posts small blind 15
HarryPoTurn posts big blind 30
Dealt to MathisKcr [7s As]
*** PRE-FLOP *** 
Papapeks folds
MathisKcr raises 270 to 300 and is all-in
HarryPoTurn folds
MathisKcr collected 330 from pot
*** SUMMARY ***
Total pot 330 | No rake
Seat 3: MathisKcr (small blind) won 330


Winamax Poker - Tournament "Expresso Nitro" buyIn: 0.93€ + 0.07€ level: 2 - HandId: #4679545857459093505-8-1775211569 - Holdem no limit (15/30) - 2026/04/03 10:19:29 UTC
Table: 'Expresso Nitro(1089541674)#0' 3-max (real money) Seat #3 is the button
Seat 1: HarryPoTurn (470)
Seat 2: Papapeks (100)
Seat 3: MathisKcr (330)
*** ANTE/BLINDS ***
HarryPoTurn posts small blind 15
Papapeks posts big blind 30
Dealt to MathisKcr [Td 2s]
*** PRE-FLOP *** 
MathisKcr folds
HarryPoTurn raises 440 to 470 and is all-in
Papapeks calls 70 and is all-in
*** FLOP *** [Ac Qd Qc]
*** TURN *** [Ac Qd Qc][Jc]
*** RIVER *** [Ac Qd Qc Jc][8d]
*** SHOW DOWN ***
HarryPoTurn shows [6h 2h] (One pair : Queens)
Papapeks shows [Tc 9h] (Straight Queen high)
Papapeks collected 200 from main pot
HarryPoTurn collected 370 from side pot 1
*** SUMMARY ***
Total pot 570 | No rake
Board: [Ac Qd Qc Jc 8d]
Seat 1: HarryPoTurn (small blind) showed [6h 2h] and won 370 with One pair : Queens
Seat 2: Papapeks (big blind) showed [Tc 9h] and won 200 with Straight Queen high


Winamax Poker - Tournament "Expresso Nitro" buyIn: 0.93€ + 0.07€ level: 2 - HandId: #4679545857459093505-9-1775211584 - Holdem no limit (15/30) - 2026/04/03 10:19:44 UTC
Table: 'Expresso Nitro(1089541674)#0' 3-max (real money) Seat #1 is the button
Seat 1: HarryPoTurn (370)
Seat 2: Papapeks (200)
Seat 3: MathisKcr (330)
*** ANTE/BLINDS ***
Papapeks posts small blind 15
MathisKcr posts big blind 30
Dealt to MathisKcr [Ks Ts]
*** PRE-FLOP *** 
HarryPoTurn raises 340 to 370 and is all-in
Papapeks calls 185 and is all-in
MathisKcr calls 300 and is all-in
*** FLOP *** [Jc As 5s]
*** TURN *** [Jc As 5s][Kh]
*** RIVER *** [Jc As 5s Kh][8c]
*** SHOW DOWN ***
Papapeks shows [7d Qs] (High card : Ace)
MathisKcr shows [Ks Ts] (One pair : Kings)
HarryPoTurn shows [Ac Js] (Two pairs : Aces and Jacks)
HarryPoTurn collected 900 from pot
*** SUMMARY ***
Total pot 900 | No rake
Board: [Jc As 5s Kh 8c]
Seat 1: HarryPoTurn (button) showed [Ac Js] and won 900 with Two pairs : Aces and Jacks
Seat 2: Papapeks (small blind) showed [7d Qs] and lost with High card : Ace
Seat 3: MathisKcr (big blind) showed [Ks Ts] and lost with One pair : Kings


