Winamax Poker - Tournament "Expresso Nitro" buyIn: 0.93€ + 0.07€ level: 1 - HandId: #4710090887479164929-1-1776357922 - Holdem no limit (10/20) - 2026/04/16 16:45:22 UTC
Table: 'Expresso Nitro(1096653493)#0' 3-max (real money) Seat #1 is the button
Seat 1: El_Chicki (300)
Seat 2: Tigourou (300)
Seat 3: MathisKcr (300)
*** ANTE/BLINDS ***
Tigourou posts small blind 10
MathisKcr posts big blind 20
Dealt to MathisKcr [Ah Jc]
*** PRE-FLOP *** 
El_Chicki raises 20 to 40
Tigourou folds
MathisKcr raises 40 to 80
El_Chicki folds
MathisKcr collected 130 from pot
*** SUMMARY ***
Total pot 130 | No rake
Seat 3: MathisKcr (big blind) won 130


Winamax Poker - Tournament "Expresso Nitro" buyIn: 0.93€ + 0.07€ level: 1 - HandId: #4710090887479164929-2-1776357947 - Holdem no limit (10/20) - 2026/04/16 16:45:47 UTC
Table: 'Expresso Nitro(1096653493)#0' 3-max (real money) Seat #2 is the button
Seat 1: El_Chicki (260)
Seat 2: Tigourou (290)
Seat 3: MathisKcr (350)
*** ANTE/BLINDS ***
MathisKcr posts small blind 10
El_Chicki posts big blind 20
Dealt to MathisKcr [7d Kd]
*** PRE-FLOP *** 
Tigourou calls 20
MathisKcr raises 330 to 350 and is all-in
El_Chicki folds
Tigourou folds
MathisKcr collected 390 from pot
*** SUMMARY ***
Total pot 390 | No rake
Seat 3: MathisKcr (small blind) won 390


Winamax Poker - Tournament "Expresso Nitro" buyIn: 0.93€ + 0.07€ level: 1 - HandId: #4710090887479164929-3-1776357958 - Holdem no limit (10/20) - 2026/04/16 16:45:58 UTC
Table: 'Expresso Nitro(1096653493)#0' 3-max (real money) Seat #3 is the button
Seat 1: El_Chicki (240)
Seat 2: Tigourou (270)
Seat 3: MathisKcr (390)
*** ANTE/BLINDS ***
El_Chicki posts small blind 10
Tigourou posts big blind 20
Dealt to MathisKcr [5d Th]
*** PRE-FLOP *** 
MathisKcr folds
El_Chicki raises 220 to 240 and is all-in
Tigourou folds
El_Chicki collected 260 from pot
*** SUMMARY ***
Total pot 260 | No rake
Seat 1: El_Chicki (small blind) won 260


Winamax Poker - Tournament "Expresso Nitro" buyIn: 0.93€ + 0.07€ level: 2 - HandId: #4710090887479164929-4-1776357980 - Holdem no limit (15/30) - 2026/04/16 16:46:20 UTC
Table: 'Expresso Nitro(1096653493)#0' 3-max (real money) Seat #1 is the button
Seat 1: El_Chicki (260)
Seat 2: Tigourou (250)
Seat 3: MathisKcr (390)
*** ANTE/BLINDS ***
Tigourou posts small blind 15
MathisKcr posts big blind 30
Dealt to MathisKcr [9h Tc]
*** PRE-FLOP *** 
El_Chicki raises 230 to 260 and is all-in
Tigourou folds
MathisKcr folds
El_Chicki collected 305 from pot
*** SUMMARY ***
Total pot 305 | No rake
Seat 1: El_Chicki (button) won 305


Winamax Poker - Tournament "Expresso Nitro" buyIn: 0.93€ + 0.07€ level: 2 - HandId: #4710090887479164929-5-1776357993 - Holdem no limit (15/30) - 2026/04/16 16:46:33 UTC
Table: 'Expresso Nitro(1096653493)#0' 3-max (real money) Seat #2 is the button
Seat 1: El_Chicki (305)
Seat 2: Tigourou (235)
Seat 3: MathisKcr (360)
*** ANTE/BLINDS ***
MathisKcr posts small blind 15
El_Chicki posts big blind 30
Dealt to MathisKcr [Td 4c]
*** PRE-FLOP *** 
Tigourou calls 30
MathisKcr folds
El_Chicki raises 60 to 90
Tigourou calls 60
*** FLOP *** [Qc 3d 2h]
El_Chicki bets 75
Tigourou raises 70 to 145 and is all-in
El_Chicki calls 70
*** TURN *** [Qc 3d 2h][Kd]
*** RIVER *** [Qc 3d 2h Kd][9s]
*** SHOW DOWN ***
Tigourou shows [Qd 9c] (Two pairs : Queens and 9)
El_Chicki shows [Kh Ks] (Trips of Kings)
El_Chicki collected 485 from pot
*** SUMMARY ***
Total pot 485 | No rake
Board: [Qc 3d 2h Kd 9s]
Seat 1: El_Chicki (big blind) showed [Kh Ks] and won 485 with Trips of Kings
Seat 2: Tigourou (button) showed [Qd 9c] and lost with Two pairs : Queens and 9


Winamax Poker - Tournament "Expresso Nitro" buyIn: 0.93€ + 0.07€ level: 2 - HandId: #4710090887479164929-6-1776358017 - Holdem no limit (15/30) - 2026/04/16 16:46:57 UTC
Table: 'Expresso Nitro(1096653493)#0' 3-max (real money) Seat #1 is the button
Seat 1: El_Chicki (555)
Seat 3: MathisKcr (345)
*** ANTE/BLINDS ***
El_Chicki posts small blind 15
MathisKcr posts big blind 30
Dealt to MathisKcr [5d 5s]
*** PRE-FLOP *** 
El_Chicki raises 525 to 555 and is all-in
MathisKcr calls 315 and is all-in
*** FLOP *** [7s 2d 9s]
*** TURN *** [7s 2d 9s][3s]
*** RIVER *** [7s 2d 9s 3s][8c]
*** SHOW DOWN ***
El_Chicki shows [Ad 4s] (High card : Ace)
MathisKcr shows [5d 5s] (One pair : 5)
MathisKcr collected 690 from main pot
El_Chicki collected 210 from side pot 1
*** SUMMARY ***
Total pot 900 | No rake
Board: [7s 2d 9s 3s 8c]
Seat 1: El_Chicki (small blind) (button) showed [Ad 4s] and won 210 with High card : Ace
Seat 3: MathisKcr (big blind) showed [5d 5s] and won 690 with One pair : 5


Winamax Poker - Tournament "Expresso Nitro" buyIn: 0.93€ + 0.07€ level: 3 - HandId: #4710090887479164929-7-1776358040 - Holdem no limit (20/40) - 2026/04/16 16:47:20 UTC
Table: 'Expresso Nitro(1096653493)#0' 3-max (real money) Seat #3 is the button
Seat 1: El_Chicki (210)
Seat 3: MathisKcr (690)
*** ANTE/BLINDS ***
MathisKcr posts small blind 20
El_Chicki posts big blind 40
Dealt to MathisKcr [Qd 8d]
*** PRE-FLOP *** 
MathisKcr raises 650 to 690 and is all-in
El_Chicki calls 170 and is all-in
*** FLOP *** [8h 3h 2d]
*** TURN *** [8h 3h 2d][9s]
*** RIVER *** [8h 3h 2d 9s][5d]
*** SHOW DOWN ***
El_Chicki shows [Td Jd] (High card : Jack)
MathisKcr shows [Qd 8d] (One pair : 8)
MathisKcr collected 900 from pot
*** SUMMARY ***
Total pot 900 | No rake
Board: [8h 3h 2d 9s 5d]
Seat 1: El_Chicki (big blind) showed [Td Jd] and lost with High card : Jack
Seat 3: MathisKcr (small blind) (button) showed [Qd 8d] and won 900 with One pair : 8


