Winamax Poker - Tournament "TRIDENT SPACE KO" buyIn: 1.80€ + 0.20€ level: 1 - HandId: #4507965255468449910-1-1771409710 - Holdem no limit (3/10/20) - 2026/02/18 10:15:10 UTC
Table: 'TRIDENT SPACE KO(1049592452)#0117' 3-max (real money) Seat #1 is the button
Seat 1: CleverMind59 (500, 1€ bounty)
Seat 2: MathisKcr (500, 1€ bounty)
Seat 3: arcadas.das (500, 1€ bounty)
*** ANTE/BLINDS ***
MathisKcr posts ante 3
arcadas.das posts ante 3
CleverMind59 posts ante 3
MathisKcr posts small blind 10
arcadas.das posts big blind 20
Dealt to MathisKcr [7h 5s]
*** PRE-FLOP *** 
CleverMind59 folds
MathisKcr folds
arcadas.das collected 39 from pot
*** SUMMARY ***
Total pot 39 | No rake
Seat 3: arcadas.das (big blind) won 39


Winamax Poker - Tournament "TRIDENT SPACE KO" buyIn: 1.80€ + 0.20€ level: 1 - HandId: #4507965255468449910-2-1771409716 - Holdem no limit (3/10/20) - 2026/02/18 10:15:16 UTC
Table: 'TRIDENT SPACE KO(1049592452)#0117' 3-max (real money) Seat #2 is the button
Seat 1: CleverMind59 (497, 1€ bounty)
Seat 2: MathisKcr (487, 1€ bounty)
Seat 3: arcadas.das (516, 1€ bounty)
*** ANTE/BLINDS ***
arcadas.das posts ante 3
CleverMind59 posts ante 3
MathisKcr posts ante 3
arcadas.das posts small blind 10
CleverMind59 posts big blind 20
Dealt to MathisKcr [7h 6c]
*** PRE-FLOP *** 
MathisKcr folds
arcadas.das calls 10
CleverMind59 checks
*** FLOP *** [Kc 8s 8h]
arcadas.das bets 25
CleverMind59 folds
arcadas.das collected 74 from pot
*** SUMMARY ***
Total pot 74 | No rake
Board: [Kc 8s 8h]
Seat 3: arcadas.das (small blind) won 74


Winamax Poker - Tournament "TRIDENT SPACE KO" buyIn: 1.80€ + 0.20€ level: 1 - HandId: #4507965255468449910-3-1771409732 - Holdem no limit (3/10/20) - 2026/02/18 10:15:32 UTC
Table: 'TRIDENT SPACE KO(1049592452)#0117' 3-max (real money) Seat #3 is the button
Seat 1: CleverMind59 (474, 1€ bounty)
Seat 2: MathisKcr (484, 1€ bounty)
Seat 3: arcadas.das (542, 1€ bounty)
*** ANTE/BLINDS ***
CleverMind59 posts ante 3
MathisKcr posts ante 3
arcadas.das posts ante 3
CleverMind59 posts small blind 10
MathisKcr posts big blind 20
Dealt to MathisKcr [7c 2c]
*** PRE-FLOP *** 
arcadas.das folds
CleverMind59 folds
MathisKcr collected 39 from pot
*** SUMMARY ***
Total pot 39 | No rake
Seat 2: MathisKcr (big blind) won 39


Winamax Poker - Tournament "TRIDENT SPACE KO" buyIn: 1.80€ + 0.20€ level: 1 - HandId: #4507965255468449910-4-1771409738 - Holdem no limit (3/10/20) - 2026/02/18 10:15:38 UTC
Table: 'TRIDENT SPACE KO(1049592452)#0117' 3-max (real money) Seat #1 is the button
Seat 1: CleverMind59 (461, 1€ bounty)
Seat 2: MathisKcr (500, 1€ bounty)
Seat 3: arcadas.das (539, 1€ bounty)
*** ANTE/BLINDS ***
MathisKcr posts ante 3
arcadas.das posts ante 3
CleverMind59 posts ante 3
MathisKcr posts small blind 10
arcadas.das posts big blind 20
Dealt to MathisKcr [8h 6s]
*** PRE-FLOP *** 
CleverMind59 calls 20
MathisKcr calls 10
arcadas.das checks
*** FLOP *** [9s 2h 5c]
MathisKcr checks
arcadas.das checks
CleverMind59 bets 69
MathisKcr folds
arcadas.das folds
CleverMind59 collected 138 from pot
*** SUMMARY ***
Total pot 138 | No rake
Board: [9s 2h 5c]
Seat 1: CleverMind59 (button) won 138


Winamax Poker - Tournament "TRIDENT SPACE KO" buyIn: 1.80€ + 0.20€ level: 1 - HandId: #4507965255468449910-5-1771409762 - Holdem no limit (3/10/20) - 2026/02/18 10:16:02 UTC
Table: 'TRIDENT SPACE KO(1049592452)#0117' 3-max (real money) Seat #2 is the button
Seat 1: CleverMind59 (507, 1€ bounty)
Seat 2: MathisKcr (477, 1€ bounty)
Seat 3: arcadas.das (516, 1€ bounty)
*** ANTE/BLINDS ***
arcadas.das posts ante 3
CleverMind59 posts ante 3
MathisKcr posts ante 3
arcadas.das posts small blind 10
CleverMind59 posts big blind 20
Dealt to MathisKcr [7s 8s]
*** PRE-FLOP *** 
MathisKcr raises 20 to 40
arcadas.das calls 30
CleverMind59 calls 20
*** FLOP *** [4s 9h Jc]
arcadas.das checks
CleverMind59 checks
MathisKcr bets 45
arcadas.das folds
CleverMind59 calls 45
*** TURN *** [4s 9h Jc][5d]
CleverMind59 checks
MathisKcr checks
*** RIVER *** [4s 9h Jc 5d][2s]
CleverMind59 checks
MathisKcr bets 77
CleverMind59 calls 77
*** SHOW DOWN ***
MathisKcr shows [7s 8s] (High card : Jack)
CleverMind59 shows [9s Td] (One pair : 9)
CleverMind59 collected 373 from pot
*** SUMMARY ***
Total pot 373 | No rake
Board: [4s 9h Jc 5d 2s]
Seat 1: CleverMind59 (big blind) showed [9s Td] and won 373 with One pair : 9
Seat 2: MathisKcr (button) showed [7s 8s] and lost with High card : Jack


Winamax Poker - Tournament "TRIDENT SPACE KO" buyIn: 1.80€ + 0.20€ level: 1 - HandId: #4507965255468449910-6-1771409792 - Holdem no limit (3/10/20) - 2026/02/18 10:16:32 UTC
Table: 'TRIDENT SPACE KO(1049592452)#0117' 3-max (real money) Seat #3 is the button
Seat 1: CleverMind59 (715, 1€ bounty)
Seat 2: MathisKcr (312, 1€ bounty)
Seat 3: arcadas.das (473, 1€ bounty)
*** ANTE/BLINDS ***
CleverMind59 posts ante 3
MathisKcr posts ante 3
arcadas.das posts ante 3
CleverMind59 posts small blind 10
MathisKcr posts big blind 20
Dealt to MathisKcr [Ad 7c]
*** PRE-FLOP *** 
arcadas.das folds
CleverMind59 folds
MathisKcr collected 39 from pot
*** SUMMARY ***
Total pot 39 | No rake
Seat 2: MathisKcr (big blind) won 39


Winamax Poker - Tournament "TRIDENT SPACE KO" buyIn: 1.80€ + 0.20€ level: 1 - HandId: #4507965255468449910-7-1771409799 - Holdem no limit (3/10/20) - 2026/02/18 10:16:39 UTC
Table: 'TRIDENT SPACE KO(1049592452)#0117' 3-max (real money) Seat #1 is the button
Seat 1: CleverMind59 (702, 1€ bounty)
Seat 2: MathisKcr (328, 1€ bounty)
Seat 3: arcadas.das (470, 1€ bounty)
*** ANTE/BLINDS ***
MathisKcr posts ante 3
arcadas.das posts ante 3
CleverMind59 posts ante 3
MathisKcr posts small blind 10
arcadas.das posts big blind 20
Dealt to MathisKcr [8h 2c]
*** PRE-FLOP *** 
CleverMind59 folds
MathisKcr calls 10
arcadas.das checks
*** FLOP *** [Ts 9d 9h]
MathisKcr checks
arcadas.das checks
*** TURN *** [Ts 9d 9h][Js]
MathisKcr checks
arcadas.das bets 32
MathisKcr calls 32
*** RIVER *** [Ts 9d 9h Js][Ks]
MathisKcr checks
arcadas.das checks
*** SHOW DOWN ***
MathisKcr shows [8h 2c] (One pair : 9)
arcadas.das shows [6h Jc] (Two pairs : Jacks and 9)
arcadas.das collected 113 from pot
*** SUMMARY ***
Total pot 113 | No rake
Board: [Ts 9d 9h Js Ks]
Seat 2: MathisKcr (small blind) showed [8h 2c] and lost with One pair : 9
Seat 3: arcadas.das (big blind) showed [6h Jc] and won 113 with Two pairs : Jacks and 9


Winamax Poker - Tournament "TRIDENT SPACE KO" buyIn: 1.80€ + 0.20€ level: 1 - HandId: #4507965255468449910-8-1771409847 - Holdem no limit (3/10/20) - 2026/02/18 10:17:27 UTC
Table: 'TRIDENT SPACE KO(1049592452)#0117' 3-max (real money) Seat #2 is the button
Seat 1: CleverMind59 (699, 1€ bounty)
Seat 2: MathisKcr (273, 1€ bounty)
Seat 3: arcadas.das (528, 1€ bounty)
*** ANTE/BLINDS ***
arcadas.das posts ante 3
CleverMind59 posts ante 3
MathisKcr posts ante 3
arcadas.das posts small blind 10
CleverMind59 posts big blind 20
Dealt to MathisKcr [9c 7s]
*** PRE-FLOP *** 
MathisKcr folds
arcadas.das raises 20 to 40
CleverMind59 folds
arcadas.das collected 69 from pot
*** SUMMARY ***
Total pot 69 | No rake
Seat 3: arcadas.das (small blind) won 69


Winamax Poker - Tournament "TRIDENT SPACE KO" buyIn: 1.80€ + 0.20€ level: 1 - HandId: #4507965255468449910-9-1771409858 - Holdem no limit (3/10/20) - 2026/02/18 10:17:38 UTC
Table: 'TRIDENT SPACE KO(1049592452)#0117' 3-max (real money) Seat #3 is the button
Seat 1: CleverMind59 (676, 1€ bounty)
Seat 2: MathisKcr (270, 1€ bounty)
Seat 3: arcadas.das (554, 1€ bounty)
*** ANTE/BLINDS ***
CleverMind59 posts ante 3
MathisKcr posts ante 3
arcadas.das posts ante 3
CleverMind59 posts small blind 10
MathisKcr posts big blind 20
Dealt to MathisKcr [Jc 4s]
*** PRE-FLOP *** 
arcadas.das folds
CleverMind59 calls 10
MathisKcr checks
*** FLOP *** [As Qs Ad]
CleverMind59 checks
MathisKcr checks
*** TURN *** [As Qs Ad][5c]
CleverMind59 checks
MathisKcr checks
*** RIVER *** [As Qs Ad 5c][Td]
CleverMind59 checks
MathisKcr bets 40
CleverMind59 folds
MathisKcr collected 89 from pot
*** SUMMARY ***
Total pot 89 | No rake
Board: [As Qs Ad 5c Td]
Seat 2: MathisKcr (big blind) won 89


Winamax Poker - Tournament "TRIDENT SPACE KO" buyIn: 1.80€ + 0.20€ level: 1 - HandId: #4507965255468449910-10-1771409875 - Holdem no limit (3/10/20) - 2026/02/18 10:17:55 UTC
Table: 'TRIDENT SPACE KO(1049592452)#0117' 3-max (real money) Seat #1 is the button
Seat 1: CleverMind59 (653, 1€ bounty)
Seat 2: MathisKcr (296, 1€ bounty)
Seat 3: arcadas.das (551, 1€ bounty)
*** ANTE/BLINDS ***
MathisKcr posts ante 3
arcadas.das posts ante 3
CleverMind59 posts ante 3
MathisKcr posts small blind 10
arcadas.das posts big blind 20
Dealt to MathisKcr [Ks Ts]
*** PRE-FLOP *** 
CleverMind59 folds
MathisKcr raises 20 to 40
arcadas.das raises 70 to 110
MathisKcr raises 183 to 293 and is all-in
arcadas.das calls 183
*** FLOP *** [Kc Jd 9c]
*** TURN *** [Kc Jd 9c][5s]
*** RIVER *** [Kc Jd 9c 5s][Qs]
*** SHOW DOWN ***
arcadas.das shows [Jc Js] (Trips of Jacks)
MathisKcr shows [Ks Ts] (Straight King high)
MathisKcr collected 595 from pot
*** SUMMARY ***
Total pot 595 | No rake
Board: [Kc Jd 9c 5s Qs]
Seat 2: MathisKcr (small blind) showed [Ks Ts] and won 595 with Straight King high
Seat 3: arcadas.das (big blind) showed [Jc Js] and lost with Trips of Jacks


Winamax Poker - Tournament "TRIDENT SPACE KO" buyIn: 1.80€ + 0.20€ level: 1 - HandId: #4507965255468449910-11-1771409899 - Holdem no limit (3/10/20) - 2026/02/18 10:18:19 UTC
Table: 'TRIDENT SPACE KO(1049592452)#0117' 3-max (real money) Seat #2 is the button
Seat 1: CleverMind59 (650, 1€ bounty)
Seat 2: MathisKcr (595, 1€ bounty)
Seat 3: arcadas.das (255, 1€ bounty)
*** ANTE/BLINDS ***
arcadas.das posts ante 3
CleverMind59 posts ante 3
MathisKcr posts ante 3
arcadas.das posts small blind 10
CleverMind59 posts big blind 20
Dealt to MathisKcr [Js Jh]
*** PRE-FLOP *** 
MathisKcr raises 20 to 40
arcadas.das folds
CleverMind59 folds
MathisKcr collected 79 from pot
*** SUMMARY ***
Total pot 79 | No rake
Seat 2: MathisKcr (button) won 79


Winamax Poker - Tournament "TRIDENT SPACE KO" buyIn: 1.80€ + 0.20€ level: 1 - HandId: #4507965255468449910-12-1771409910 - Holdem no limit (3/10/20) - 2026/02/18 10:18:30 UTC
Table: 'TRIDENT SPACE KO(1049592452)#0117' 3-max (real money) Seat #3 is the button
Seat 1: CleverMind59 (627, 1€ bounty)
Seat 2: MathisKcr (631, 1€ bounty)
Seat 3: arcadas.das (242, 1€ bounty)
*** ANTE/BLINDS ***
CleverMind59 posts ante 3
MathisKcr posts ante 3
arcadas.das posts ante 3
CleverMind59 posts small blind 10
MathisKcr posts big blind 20
Dealt to MathisKcr [9s 2d]
*** PRE-FLOP *** 
arcadas.das folds
CleverMind59 raises 49 to 69
MathisKcr folds
CleverMind59 collected 98 from pot
*** SUMMARY ***
Total pot 98 | No rake
Seat 1: CleverMind59 (small blind) won 98


Winamax Poker - Tournament "TRIDENT SPACE KO" buyIn: 1.80€ + 0.20€ level: 1 - HandId: #4507965255468449910-13-1771409919 - Holdem no limit (3/10/20) - 2026/02/18 10:18:39 UTC
Table: 'TRIDENT SPACE KO(1049592452)#0117' 3-max (real money) Seat #1 is the button
Seat 1: CleverMind59 (653, 1€ bounty)
Seat 2: MathisKcr (608, 1€ bounty)
Seat 3: arcadas.das (239, 1€ bounty)
*** ANTE/BLINDS ***
MathisKcr posts ante 3
arcadas.das posts ante 3
CleverMind59 posts ante 3
MathisKcr posts small blind 10
arcadas.das posts big blind 20
Dealt to MathisKcr [4h Ac]
*** PRE-FLOP *** 
CleverMind59 raises 59 to 79
MathisKcr folds
arcadas.das folds
CleverMind59 collected 118 from pot
*** SUMMARY ***
Total pot 118 | No rake
Seat 1: CleverMind59 (button) won 118


Winamax Poker - Tournament "TRIDENT SPACE KO" buyIn: 1.80€ + 0.20€ level: 1 - HandId: #4507965255468449910-14-1771409929 - Holdem no limit (3/10/20) - 2026/02/18 10:18:49 UTC
Table: 'TRIDENT SPACE KO(1049592452)#0117' 3-max (real money) Seat #2 is the button
Seat 1: CleverMind59 (689, 1€ bounty)
Seat 2: MathisKcr (595, 1€ bounty)
Seat 3: arcadas.das (216, 1€ bounty)
*** ANTE/BLINDS ***
arcadas.das posts ante 3
CleverMind59 posts ante 3
MathisKcr posts ante 3
arcadas.das posts small blind 10
CleverMind59 posts big blind 20
Dealt to MathisKcr [Td As]
*** PRE-FLOP *** 
MathisKcr raises 20 to 40
arcadas.das folds
CleverMind59 folds
MathisKcr collected 79 from pot
*** SUMMARY ***
Total pot 79 | No rake
Seat 2: MathisKcr (button) won 79


Winamax Poker - Tournament "TRIDENT SPACE KO" buyIn: 1.80€ + 0.20€ level: 1 - HandId: #4507965255468449910-15-1771409940 - Holdem no limit (3/10/20) - 2026/02/18 10:19:00 UTC
Table: 'TRIDENT SPACE KO(1049592452)#0117' 3-max (real money) Seat #3 is the button
Seat 1: CleverMind59 (666, 1€ bounty)
Seat 2: MathisKcr (631, 1€ bounty)
Seat 3: arcadas.das (203, 1€ bounty)
*** ANTE/BLINDS ***
CleverMind59 posts ante 3
MathisKcr posts ante 3
arcadas.das posts ante 3
CleverMind59 posts small blind 10
MathisKcr posts big blind 20
Dealt to MathisKcr [Qd Ac]
*** PRE-FLOP *** 
arcadas.das raises 59 to 79
CleverMind59 raises 584 to 663 and is all-in
MathisKcr calls 608 and is all-in
arcadas.das calls 121 and is all-in
*** FLOP *** [Jd 6c Kh]
*** TURN *** [Jd 6c Kh][2c]
*** RIVER *** [Jd 6c Kh 2c][5d]
*** SHOW DOWN ***
CleverMind59 shows [8d Ah] (High card : Ace)
MathisKcr shows [Qd Ac] (High card : Ace)
arcadas.das shows [Kc Js] (Two pairs : Kings and Jacks)
arcadas.das collected 609 from main pot
MathisKcr collected 856 from side pot 1
CleverMind59 collected 35 from side pot 2
*** SUMMARY ***
Total pot 1500 | No rake
Board: [Jd 6c Kh 2c 5d]
Seat 1: CleverMind59 (small blind) showed [8d Ah] and won 35 with High card : Ace
Seat 2: MathisKcr (big blind) showed [Qd Ac] and won 856 with High card : Ace
Seat 3: arcadas.das (button) showed [Kc Js] and won 609 with Two pairs : Kings and Jacks


Winamax Poker - Tournament "TRIDENT SPACE KO" buyIn: 1.80€ + 0.20€ level: 1 - HandId: #4507965255468449910-16-1771409967 - Holdem no limit (3/10/20) - 2026/02/18 10:19:27 UTC
Table: 'TRIDENT SPACE KO(1049592452)#0117' 3-max (real money) Seat #1 is the button
Seat 1: CleverMind59 (35, 1€ bounty)
Seat 2: MathisKcr (856, 1€ bounty)
Seat 3: arcadas.das (609, 1€ bounty)
*** ANTE/BLINDS ***
MathisKcr posts ante 3
arcadas.das posts ante 3
CleverMind59 posts ante 3
MathisKcr posts small blind 10
arcadas.das posts big blind 20
Dealt to MathisKcr [7d Js]
*** PRE-FLOP *** 
CleverMind59 raises 12 to 32 and is all-in
MathisKcr raises 50 to 82
arcadas.das raises 524 to 606 and is all-in
MathisKcr folds
*** FLOP *** [5h Kd Ks]
*** TURN *** [5h Kd Ks][9h]
*** RIVER *** [5h Kd Ks 9h][Tc]
*** SHOW DOWN ***
CleverMind59 shows [7s Kh] (Trips of Kings)
arcadas.das shows [Qs Ah] (One pair : Kings)
arcadas.das collected 624 from side pot 1
CleverMind59 collected 105 from main pot
*** SUMMARY ***
Total pot 729 | No rake
Board: [5h Kd Ks 9h Tc]
Seat 1: CleverMind59 (button) showed [7s Kh] and won 105 with Trips of Kings
Seat 3: arcadas.das (big blind) showed [Qs Ah] and won 624 with One pair : Kings


Winamax Poker - Tournament "TRIDENT SPACE KO" buyIn: 1.80€ + 0.20€ level: 1 - HandId: #4507965255468449910-17-1771409992 - Holdem no limit (3/10/20) - 2026/02/18 10:19:52 UTC
Table: 'TRIDENT SPACE KO(1049592452)#0117' 3-max (real money) Seat #2 is the button
Seat 1: CleverMind59 (105, 1€ bounty)
Seat 2: MathisKcr (771, 1€ bounty)
Seat 3: arcadas.das (624, 1€ bounty)
*** ANTE/BLINDS ***
arcadas.das posts ante 3
CleverMind59 posts ante 3
MathisKcr posts ante 3
arcadas.das posts small blind 10
CleverMind59 posts big blind 20
Dealt to MathisKcr [Ah 8h]
*** PRE-FLOP *** 
MathisKcr raises 20 to 40
arcadas.das folds
CleverMind59 folds
MathisKcr collected 79 from pot
*** SUMMARY ***
Total pot 79 | No rake
Seat 2: MathisKcr (button) won 79


Winamax Poker - Tournament "TRIDENT SPACE KO" buyIn: 1.80€ + 0.20€ level: 1 - HandId: #4507965255468449910-18-1771410005 - Holdem no limit (3/10/20) - 2026/02/18 10:20:05 UTC
Table: 'TRIDENT SPACE KO(1049592452)#0117' 3-max (real money) Seat #3 is the button
Seat 1: CleverMind59 (82, 1€ bounty)
Seat 2: MathisKcr (807, 1€ bounty)
Seat 3: arcadas.das (611, 1€ bounty)
*** ANTE/BLINDS ***
CleverMind59 posts ante 3
MathisKcr posts ante 3
arcadas.das posts ante 3
CleverMind59 posts small blind 10
MathisKcr posts big blind 20
Dealt to MathisKcr [5h Jd]
*** PRE-FLOP *** 
arcadas.das folds
CleverMind59 raises 59 to 79 and is all-in
MathisKcr calls 59
*** FLOP *** [Tc 2s Ac]
*** TURN *** [Tc 2s Ac][4d]
*** RIVER *** [Tc 2s Ac 4d][3h]
*** SHOW DOWN ***
CleverMind59 shows [Jh Ts] (One pair : Tens)
MathisKcr shows [5h Jd] (Straight 5 high)
MathisKcr collected 167 from pot
*** SUMMARY ***
Total pot 167 | No rake
Board: [Tc 2s Ac 4d 3h]
Seat 1: CleverMind59 (small blind) showed [Jh Ts] and lost with One pair : Tens
Seat 2: MathisKcr (big blind) showed [5h Jd] and won 167 with Straight 5 high


Winamax Poker - Tournament "TRIDENT SPACE KO" buyIn: 1.80€ + 0.20€ level: 1 - HandId: #4507965255468449910-19-1771410029 - Holdem no limit (3/10/20) - 2026/02/18 10:20:29 UTC
Table: 'TRIDENT SPACE KO(1049592452)#0117' 3-max (real money) Seat #2 is the button
Seat 2: MathisKcr (892, 2€ bounty)
Seat 3: arcadas.das (608, 1€ bounty)
*** ANTE/BLINDS ***
MathisKcr posts ante 3
arcadas.das posts ante 3
MathisKcr posts small blind 10
arcadas.das posts big blind 20
Dealt to MathisKcr [7d Ac]
*** PRE-FLOP *** 
MathisKcr raises 20 to 40
arcadas.das raises 565 to 605 and is all-in
MathisKcr folds
arcadas.das collected 651 from pot
*** SUMMARY ***
Total pot 651 | No rake
Seat 3: arcadas.das (big blind) won 651


Winamax Poker - Tournament "TRIDENT SPACE KO" buyIn: 1.80€ + 0.20€ level: 1 - HandId: #4507965255468449910-20-1771410043 - Holdem no limit (3/10/20) - 2026/02/18 10:20:43 UTC
Table: 'TRIDENT SPACE KO(1049592452)#0117' 3-max (real money) Seat #2 is the button
Seat 1: CocoBadiste (500, 1€ bounty)
Seat 2: MathisKcr (849, 2€ bounty)
Seat 3: arcadas.das (651, 1€ bounty)
*** ANTE/BLINDS ***
arcadas.das posts ante 3
CocoBadiste posts ante 3
MathisKcr posts ante 3
arcadas.das posts small blind 10
CocoBadiste posts big blind 20
Dealt to MathisKcr [2c 3s]
*** PRE-FLOP *** 
MathisKcr folds
arcadas.das calls 10
CocoBadiste checks
*** FLOP *** [3c Ts Ac]
arcadas.das checks
CocoBadiste checks
*** TURN *** [3c Ts Ac][7h]
arcadas.das checks
CocoBadiste checks
*** RIVER *** [3c Ts Ac 7h][Qd]
arcadas.das checks
CocoBadiste checks
*** SHOW DOWN ***
arcadas.das shows [5d 6s] (High card : Ace)
CocoBadiste shows [6d 8s] (High card : Ace)
CocoBadiste collected 49 from pot
*** SUMMARY ***
Total pot 49 | No rake
Board: [3c Ts Ac 7h Qd]
Seat 1: CocoBadiste (big blind) showed [6d 8s] and won 49 with High card : Ace
Seat 3: arcadas.das (small blind) showed [5d 6s] and lost with High card : Ace


Winamax Poker - Tournament "TRIDENT SPACE KO" buyIn: 1.80€ + 0.20€ level: 1 - HandId: #4507965255468449910-21-1771410084 - Holdem no limit (3/10/20) - 2026/02/18 10:21:24 UTC
Table: 'TRIDENT SPACE KO(1049592452)#0117' 3-max (real money) Seat #3 is the button
Seat 1: CocoBadiste (526, 1€ bounty)
Seat 2: MathisKcr (846, 2€ bounty)
Seat 3: arcadas.das (628, 1€ bounty)
*** ANTE/BLINDS ***
CocoBadiste posts ante 3
MathisKcr posts ante 3
arcadas.das posts ante 3
CocoBadiste posts small blind 10
MathisKcr posts big blind 20
Dealt to MathisKcr [Jd Td]
*** PRE-FLOP *** 
arcadas.das folds
CocoBadiste raises 40 to 60
MathisKcr calls 40
*** FLOP *** [9h 3c 7s]
CocoBadiste bets 65
MathisKcr calls 65
*** TURN *** [9h 3c 7s][5h]
CocoBadiste bets 65
MathisKcr folds
CocoBadiste collected 324 from pot
*** SUMMARY ***
Total pot 324 | No rake
Board: [9h 3c 7s 5h]
Seat 1: CocoBadiste (small blind) won 324


Winamax Poker - Tournament "TRIDENT SPACE KO" buyIn: 1.80€ + 0.20€ level: 1 - HandId: #4507965255468449910-22-1771410100 - Holdem no limit (3/10/20) - 2026/02/18 10:21:40 UTC
Table: 'TRIDENT SPACE KO(1049592452)#0117' 3-max (real money) Seat #1 is the button
Seat 1: CocoBadiste (657, 1€ bounty)
Seat 2: MathisKcr (718, 2€ bounty)
Seat 3: arcadas.das (625, 1€ bounty)
*** ANTE/BLINDS ***
MathisKcr posts ante 3
arcadas.das posts ante 3
CocoBadiste posts ante 3
MathisKcr posts small blind 10
arcadas.das posts big blind 20
Dealt to MathisKcr [Qd 2h]
*** PRE-FLOP *** 
CocoBadiste raises 59 to 79
MathisKcr folds
arcadas.das calls 59
*** FLOP *** [3s Jc 7d]
arcadas.das checks
CocoBadiste checks
*** TURN *** [3s Jc 7d][3d]
arcadas.das bets 115
CocoBadiste folds
arcadas.das collected 292 from pot
*** SUMMARY ***
Total pot 292 | No rake
Board: [3s Jc 7d 3d]
Seat 3: arcadas.das (big blind) won 292


Winamax Poker - Tournament "TRIDENT SPACE KO" buyIn: 1.80€ + 0.20€ level: 1 - HandId: #4507965255468449910-23-1771410126 - Holdem no limit (3/10/20) - 2026/02/18 10:22:06 UTC
Table: 'TRIDENT SPACE KO(1049592452)#0117' 3-max (real money) Seat #2 is the button
Seat 1: CocoBadiste (575, 1€ bounty)
Seat 2: MathisKcr (705, 2€ bounty)
Seat 3: arcadas.das (720, 1€ bounty)
*** ANTE/BLINDS ***
arcadas.das posts ante 3
CocoBadiste posts ante 3
MathisKcr posts ante 3
arcadas.das posts small blind 10
CocoBadiste posts big blind 20
Dealt to MathisKcr [Qc Qs]
*** PRE-FLOP *** 
MathisKcr raises 20 to 40
arcadas.das folds
CocoBadiste calls 20
*** FLOP *** [Kc Th Jd]
CocoBadiste checks
MathisKcr bets 50
CocoBadiste calls 50
*** TURN *** [Kc Th Jd][2c]
CocoBadiste checks
MathisKcr checks
*** RIVER *** [Kc Th Jd 2c][9d]
CocoBadiste checks
MathisKcr bets 60
CocoBadiste calls 60
*** SHOW DOWN ***
CocoBadiste shows [Kh 2h] (Two pairs : Kings and 2)
MathisKcr shows [Qc Qs] (Straight King high)
MathisKcr collected 319 from pot
*** SUMMARY ***
Total pot 319 | No rake
Board: [Kc Th Jd 2c 9d]
Seat 1: CocoBadiste (big blind) showed [Kh 2h] and lost with Two pairs : Kings and 2
Seat 2: MathisKcr (button) showed [Qc Qs] and won 319 with Straight King high


Winamax Poker - Tournament "TRIDENT SPACE KO" buyIn: 1.80€ + 0.20€ level: 1 - HandId: #4507965255468449910-24-1771410154 - Holdem no limit (3/10/20) - 2026/02/18 10:22:34 UTC
Table: 'TRIDENT SPACE KO(1049592452)#0117' 3-max (real money) Seat #3 is the button
Seat 1: CocoBadiste (422, 1€ bounty)
Seat 2: MathisKcr (871, 2€ bounty)
Seat 3: arcadas.das (707, 1€ bounty)
*** ANTE/BLINDS ***
CocoBadiste posts ante 3
MathisKcr posts ante 3
arcadas.das posts ante 3
CocoBadiste posts small blind 10
MathisKcr posts big blind 20
Dealt to MathisKcr [2d 9s]
*** PRE-FLOP *** 
arcadas.das raises 20 to 40
CocoBadiste calls 30
MathisKcr calls 20
*** FLOP *** [6s 5c 3h]
CocoBadiste checks
MathisKcr checks
arcadas.das checks
*** TURN *** [6s 5c 3h][Qh]
CocoBadiste bets 65
MathisKcr folds
arcadas.das calls 65
*** RIVER *** [6s 5c 3h Qh][4d]
CocoBadiste checks
arcadas.das bets 168
CocoBadiste calls 168
*** SHOW DOWN ***
CocoBadiste shows [8c Qd] (One pair : Queens)
arcadas.das shows [Ah 7h] (Straight 7 high)
arcadas.das collected 595 from pot
*** SUMMARY ***
Total pot 595 | No rake
Board: [6s 5c 3h Qh 4d]
Seat 1: CocoBadiste (small blind) showed [8c Qd] and lost with One pair : Queens
Seat 3: arcadas.das (button) showed [Ah 7h] and won 595 with Straight 7 high


Winamax Poker - Tournament "TRIDENT SPACE KO" buyIn: 1.80€ + 0.20€ level: 1 - HandId: #4507965255468449910-25-1771410191 - Holdem no limit (3/10/20) - 2026/02/18 10:23:11 UTC
Table: 'TRIDENT SPACE KO(1049592452)#0117' 3-max (real money) Seat #1 is the button
Seat 1: CocoBadiste (146, 1€ bounty)
Seat 2: MathisKcr (828, 2€ bounty)
Seat 3: arcadas.das (1026, 1€ bounty)
*** ANTE/BLINDS ***
MathisKcr posts ante 3
arcadas.das posts ante 3
CocoBadiste posts ante 3
MathisKcr posts small blind 10
arcadas.das posts big blind 20
Dealt to MathisKcr [5d Ks]
*** PRE-FLOP *** 
CocoBadiste folds
MathisKcr raises 20 to 40
arcadas.das calls 20
*** FLOP *** [Ts 8s 7c]
MathisKcr bets 40
arcadas.das raises 60 to 100
MathisKcr folds
arcadas.das collected 229 from pot
*** SUMMARY ***
Total pot 229 | No rake
Board: [Ts 8s 7c]
Seat 3: arcadas.das (big blind) won 229


Winamax Poker - Tournament "TRIDENT SPACE KO" buyIn: 1.80€ + 0.20€ level: 1 - HandId: #4507965255468449910-26-1771410210 - Holdem no limit (3/10/20) - 2026/02/18 10:23:30 UTC
Table: 'TRIDENT SPACE KO(1049592452)#0117' 3-max (real money) Seat #2 is the button
Seat 1: CocoBadiste (143, 1€ bounty)
Seat 2: MathisKcr (745, 2€ bounty)
Seat 3: arcadas.das (1112, 1€ bounty)
*** ANTE/BLINDS ***
arcadas.das posts ante 3
CocoBadiste posts ante 3
MathisKcr posts ante 3
arcadas.das posts small blind 10
CocoBadiste posts big blind 20
Dealt to MathisKcr [7s 4c]
*** PRE-FLOP *** 
MathisKcr folds
arcadas.das folds
CocoBadiste collected 39 from pot
*** SUMMARY ***
Total pot 39 | No rake
Seat 1: CocoBadiste (big blind) won 39


Winamax Poker - Tournament "TRIDENT SPACE KO" buyIn: 1.80€ + 0.20€ level: 1 - HandId: #4507965255468449910-27-1771410217 - Holdem no limit (3/10/20) - 2026/02/18 10:23:37 UTC
Table: 'TRIDENT SPACE KO(1049592452)#0117' 3-max (real money) Seat #3 is the button
Seat 1: CocoBadiste (159, 1€ bounty)
Seat 2: MathisKcr (742, 2€ bounty)
Seat 3: arcadas.das (1099, 1€ bounty)
*** ANTE/BLINDS ***
CocoBadiste posts ante 3
MathisKcr posts ante 3
arcadas.das posts ante 3
CocoBadiste posts small blind 10
MathisKcr posts big blind 20
Dealt to MathisKcr [7c 2s]
*** PRE-FLOP *** 
arcadas.das folds
CocoBadiste raises 25 to 45
MathisKcr folds
CocoBadiste collected 74 from pot
*** SUMMARY ***
Total pot 74 | No rake
Seat 1: CocoBadiste (small blind) won 74


Winamax Poker - Tournament "TRIDENT SPACE KO" buyIn: 1.80€ + 0.20€ level: 1 - HandId: #4507965255468449910-28-1771410224 - Holdem no limit (3/10/20) - 2026/02/18 10:23:44 UTC
Table: 'TRIDENT SPACE KO(1049592452)#0117' 3-max (real money) Seat #1 is the button
Seat 1: CocoBadiste (185, 1€ bounty)
Seat 2: MathisKcr (719, 2€ bounty)
Seat 3: arcadas.das (1096, 1€ bounty)
*** ANTE/BLINDS ***
MathisKcr posts ante 3
arcadas.das posts ante 3
CocoBadiste posts ante 3
MathisKcr posts small blind 10
arcadas.das posts big blind 20
Dealt to MathisKcr [6h 2h]
*** PRE-FLOP *** 
CocoBadiste folds
MathisKcr folds
arcadas.das collected 39 from pot
*** SUMMARY ***
Total pot 39 | No rake
Seat 3: arcadas.das (big blind) won 39


Winamax Poker - Tournament "TRIDENT SPACE KO" buyIn: 1.80€ + 0.20€ level: 1 - HandId: #4507965255468449910-29-1771410233 - Holdem no limit (3/10/20) - 2026/02/18 10:23:53 UTC
Table: 'TRIDENT SPACE KO(1049592452)#0117' 3-max (real money) Seat #2 is the button
Seat 1: CocoBadiste (182, 1€ bounty)
Seat 2: MathisKcr (706, 2€ bounty)
Seat 3: arcadas.das (1112, 1€ bounty)
*** ANTE/BLINDS ***
arcadas.das posts ante 3
CocoBadiste posts ante 3
MathisKcr posts ante 3
arcadas.das posts small blind 10
CocoBadiste posts big blind 20
Dealt to MathisKcr [5c 8c]
*** PRE-FLOP *** 
MathisKcr folds
arcadas.das folds
CocoBadiste collected 39 from pot
*** SUMMARY ***
Total pot 39 | No rake
Seat 1: CocoBadiste (big blind) won 39


Winamax Poker - Tournament "TRIDENT SPACE KO" buyIn: 1.80€ + 0.20€ level: 1 - HandId: #4507965255468449910-30-1771410239 - Holdem no limit (3/10/20) - 2026/02/18 10:23:59 UTC
Table: 'TRIDENT SPACE KO(1049592452)#0117' 3-max (real money) Seat #3 is the button
Seat 1: CocoBadiste (198, 1€ bounty)
Seat 2: MathisKcr (703, 2€ bounty)
Seat 3: arcadas.das (1099, 1€ bounty)
*** ANTE/BLINDS ***
CocoBadiste posts ante 3
MathisKcr posts ante 3
arcadas.das posts ante 3
CocoBadiste posts small blind 10
MathisKcr posts big blind 20
Dealt to MathisKcr [Qh Jh]
*** PRE-FLOP *** 
arcadas.das raises 20 to 40
CocoBadiste calls 30
MathisKcr raises 660 to 700 and is all-in
arcadas.das folds
CocoBadiste calls 155 and is all-in
*** FLOP *** [2d 4d 9s]
*** TURN *** [2d 4d 9s][3d]
*** RIVER *** [2d 4d 9s 3d][As]
*** SHOW DOWN ***
CocoBadiste shows [8c Ks] (High card : Ace)
MathisKcr shows [Qh Jh] (High card : Ace)
MathisKcr collected 505 from side pot 1
CocoBadiste collected 439 from main pot
*** SUMMARY ***
Total pot 944 | No rake
Board: [2d 4d 9s 3d As]
Seat 1: CocoBadiste (small blind) showed [8c Ks] and won 439 with High card : Ace
Seat 2: MathisKcr (big blind) showed [Qh Jh] and won 505 with High card : Ace


Winamax Poker - Tournament "TRIDENT SPACE KO" buyIn: 1.80€ + 0.20€ level: 1 - HandId: #4507965255468449910-31-1771410261 - Holdem no limit (3/10/20) - 2026/02/18 10:24:21 UTC
Table: 'TRIDENT SPACE KO(1049592452)#0117' 3-max (real money) Seat #1 is the button
Seat 1: CocoBadiste (439, 1€ bounty)
Seat 2: MathisKcr (505, 2€ bounty)
Seat 3: arcadas.das (1056, 1€ bounty)
*** ANTE/BLINDS ***
MathisKcr posts ante 3
arcadas.das posts ante 3
CocoBadiste posts ante 3
MathisKcr posts small blind 10
arcadas.das posts big blind 20
Dealt to MathisKcr [Kc Jd]
*** PRE-FLOP *** 
CocoBadiste folds
MathisKcr raises 20 to 40
arcadas.das raises 1013 to 1053 and is all-in
MathisKcr calls 462 and is all-in
*** FLOP *** [3c Ac 6d]
*** TURN *** [3c Ac 6d][5h]
*** RIVER *** [3c Ac 6d 5h][7h]
*** SHOW DOWN ***
MathisKcr shows [Kc Jd] (High card : Ace)
arcadas.das shows [3h 3d] (Trips of 3)
arcadas.das collected 1564 from pot
*** SUMMARY ***
Total pot 1564 | No rake
Board: [3c Ac 6d 5h 7h]
Seat 2: MathisKcr (small blind) showed [Kc Jd] and lost with High card : Ace
Seat 3: arcadas.das (big blind) showed [3h 3d] and won 1564 with Trips of 3


