Winamax Poker - Tournament "Expresso Nitro" buyIn: 0.93€ + 0.07€ level: 1 - HandId: #4614101976186093569-1-1772889763 - Holdem no limit (10/20) - 2026/03/07 13:22:43 UTC
Table: 'Expresso Nitro(1074304333)#0' 3-max (real money) Seat #1 is the button
Seat 1: Maxride33 (300)
Seat 2: Sayok (300)
Seat 3: MathisKcr (300)
*** ANTE/BLINDS ***
Sayok posts small blind 10
MathisKcr posts big blind 20
Dealt to MathisKcr [Th Jc]
*** PRE-FLOP *** 
Maxride33 raises 40 to 60
Sayok folds
MathisKcr calls 40
*** FLOP *** [5s Kh 3c]
MathisKcr checks
Maxride33 bets 85
MathisKcr folds
Maxride33 collected 215 from pot
*** SUMMARY ***
Total pot 215 | No rake
Board: [5s Kh 3c]
Seat 1: Maxride33 (button) won 215


Winamax Poker - Tournament "Expresso Nitro" buyIn: 0.93€ + 0.07€ level: 1 - HandId: #4614101976186093569-2-1772889778 - Holdem no limit (10/20) - 2026/03/07 13:22:58 UTC
Table: 'Expresso Nitro(1074304333)#0' 3-max (real money) Seat #2 is the button
Seat 1: Maxride33 (370)
Seat 2: Sayok (290)
Seat 3: MathisKcr (240)
*** ANTE/BLINDS ***
MathisKcr posts small blind 10
Maxride33 posts big blind 20
Dealt to MathisKcr [2s 4s]
*** PRE-FLOP *** 
Sayok folds
MathisKcr calls 10
Maxride33 checks
*** FLOP *** [Qc 6d 2h]
MathisKcr bets 40
Maxride33 folds
MathisKcr collected 80 from pot
*** SUMMARY ***
Total pot 80 | No rake
Board: [Qc 6d 2h]
Seat 3: MathisKcr (small blind) won 80


Winamax Poker - Tournament "Expresso Nitro" buyIn: 0.93€ + 0.07€ level: 1 - HandId: #4614101976186093569-3-1772889800 - Holdem no limit (10/20) - 2026/03/07 13:23:20 UTC
Table: 'Expresso Nitro(1074304333)#0' 3-max (real money) Seat #3 is the button
Seat 1: Maxride33 (350)
Seat 2: Sayok (290)
Seat 3: MathisKcr (260)
*** ANTE/BLINDS ***
Maxride33 posts small blind 10
Sayok posts big blind 20
Dealt to MathisKcr [3s 3c]
*** PRE-FLOP *** 
MathisKcr raises 240 to 260 and is all-in
Maxride33 folds
Sayok folds
MathisKcr collected 290 from pot
*** SUMMARY ***
Total pot 290 | No rake
Seat 3: MathisKcr (button) won 290


Winamax Poker - Tournament "Expresso Nitro" buyIn: 0.93€ + 0.07€ level: 1 - HandId: #4614101976186093569-4-1772889817 - Holdem no limit (10/20) - 2026/03/07 13:23:37 UTC
Table: 'Expresso Nitro(1074304333)#0' 3-max (real money) Seat #1 is the button
Seat 1: Maxride33 (340)
Seat 2: Sayok (270)
Seat 3: MathisKcr (290)
*** ANTE/BLINDS ***
Sayok posts small blind 10
MathisKcr posts big blind 20
Dealt to MathisKcr [2h 4c]
*** PRE-FLOP *** 
Maxride33 raises 40 to 60
Sayok folds
MathisKcr folds
Maxride33 collected 90 from pot
*** SUMMARY ***
Total pot 90 | No rake
Seat 1: Maxride33 (button) won 90


Winamax Poker - Tournament "Expresso Nitro" buyIn: 0.93€ + 0.07€ level: 2 - HandId: #4614101976186093569-5-1772889833 - Holdem no limit (15/30) - 2026/03/07 13:23:53 UTC
Table: 'Expresso Nitro(1074304333)#0' 3-max (real money) Seat #2 is the button
Seat 1: Maxride33 (370)
Seat 2: Sayok (260)
Seat 3: MathisKcr (270)
*** ANTE/BLINDS ***
MathisKcr posts small blind 15
Maxride33 posts big blind 30
Dealt to MathisKcr [Ts 3d]
*** PRE-FLOP *** 
Sayok folds
MathisKcr calls 15
Maxride33 checks
*** FLOP *** [7h Td Kd]
MathisKcr bets 60
Maxride33 raises 96 to 156
MathisKcr raises 84 to 240 and is all-in
Maxride33 calls 84
*** TURN *** [7h Td Kd][7c]
*** RIVER *** [7h Td Kd 7c][2d]
*** SHOW DOWN ***
MathisKcr shows [Ts 3d] (Two pairs : Tens and 7)
Maxride33 shows [Ks 4c] (Two pairs : Kings and 7)
Maxride33 collected 540 from pot
*** SUMMARY ***
Total pot 540 | No rake
Board: [7h Td Kd 7c 2d]
Seat 1: Maxride33 (big blind) showed [Ks 4c] and won 540 with Two pairs : Kings and 7
Seat 3: MathisKcr (small blind) showed [Ts 3d] and lost with Two pairs : Tens and 7


