Winamax Poker - Tournament "Expresso Nitro" buyIn: 0.93€ + 0.07€ level: 1 - HandId: #4666860143269380097-1-1774724353 - Holdem no limit (10/20) - 2026/03/28 18:59:13 UTC
Table: 'Expresso Nitro(1086588051)#0' 3-max (real money) Seat #2 is the button
Seat 1: LaGlobule5 (300)
Seat 2: MathisKcr (300)
Seat 3: SnakeDiamond (300)
*** ANTE/BLINDS ***
SnakeDiamond posts small blind 10
LaGlobule5 posts big blind 20
Dealt to MathisKcr [9d Ac]
*** PRE-FLOP *** 
MathisKcr raises 20 to 40
SnakeDiamond calls 30
LaGlobule5 calls 20
*** FLOP *** [Qh Qd 8c]
SnakeDiamond checks
LaGlobule5 checks
MathisKcr bets 42
SnakeDiamond calls 42
LaGlobule5 folds
*** TURN *** [Qh Qd 8c][Ah]
SnakeDiamond bets 218 and is all-in
MathisKcr calls 218 and is all-in
*** RIVER *** [Qh Qd 8c Ah][9c]
*** SHOW DOWN ***
MathisKcr shows [9d Ac] (Two pairs : Aces and Queens)
SnakeDiamond shows [8s Qs] (Full of Queens and 8)
SnakeDiamond collected 640 from pot
*** SUMMARY ***
Total pot 640 | No rake
Board: [Qh Qd 8c Ah 9c]
Seat 2: MathisKcr (button) showed [9d Ac] and lost with Two pairs : Aces and Queens
Seat 3: SnakeDiamond (small blind) showed [8s Qs] and won 640 with Full of Queens and 8


