Winamax Poker - Tournament "Expresso Nitro" buyIn: 0.93€ + 0.07€ level: 1 - HandId: #4606300451560751105-1-1772567897 - Holdem no limit (10/20) - 2026/03/03 19:58:17 UTC
Table: 'Expresso Nitro(1072487899)#0' 3-max (real money) Seat #1 is the button
Seat 1: MathisKcr (300)
Seat 2: QQoTTsAA (300)
Seat 3: Mehdifancy75 (300)
*** ANTE/BLINDS ***
QQoTTsAA posts small blind 10
Mehdifancy75 posts big blind 20
Dealt to MathisKcr [8s Jd]
*** PRE-FLOP *** 
MathisKcr calls 20
QQoTTsAA calls 10
Mehdifancy75 checks
*** FLOP *** [2d Ac 4c]
QQoTTsAA checks
Mehdifancy75 bets 20
MathisKcr folds
QQoTTsAA calls 20
*** TURN *** [2d Ac 4c][7d]
QQoTTsAA checks
Mehdifancy75 bets 20
QQoTTsAA folds
Mehdifancy75 collected 120 from pot
*** SUMMARY ***
Total pot 120 | No rake
Board: [2d Ac 4c 7d]
Seat 3: Mehdifancy75 (big blind) won 120


Winamax Poker - Tournament "Expresso Nitro" buyIn: 0.93€ + 0.07€ level: 1 - HandId: #4606300451560751105-2-1772567934 - Holdem no limit (10/20) - 2026/03/03 19:58:54 UTC
Table: 'Expresso Nitro(1072487899)#0' 3-max (real money) Seat #2 is the button
Seat 1: MathisKcr (280)
Seat 2: QQoTTsAA (260)
Seat 3: Mehdifancy75 (360)
*** ANTE/BLINDS ***
Mehdifancy75 posts small blind 10
MathisKcr posts big blind 20
Dealt to MathisKcr [9c 6h]
*** PRE-FLOP *** 
QQoTTsAA calls 20
Mehdifancy75 calls 10
MathisKcr checks
*** FLOP *** [3s 2c Kd]
Mehdifancy75 bets 20
MathisKcr folds
QQoTTsAA folds
Mehdifancy75 collected 80 from pot
*** SUMMARY ***
Total pot 80 | No rake
Board: [3s 2c Kd]
Seat 3: Mehdifancy75 (small blind) won 80


Winamax Poker - Tournament "Expresso Nitro" buyIn: 0.93€ + 0.07€ level: 1 - HandId: #4606300451560751105-3-1772567948 - Holdem no limit (10/20) - 2026/03/03 19:59:08 UTC
Table: 'Expresso Nitro(1072487899)#0' 3-max (real money) Seat #3 is the button
Seat 1: MathisKcr (260)
Seat 2: QQoTTsAA (240)
Seat 3: Mehdifancy75 (400)
*** ANTE/BLINDS ***
MathisKcr posts small blind 10
QQoTTsAA posts big blind 20
Dealt to MathisKcr [Tc 5c]
*** PRE-FLOP *** 
Mehdifancy75 calls 20
MathisKcr calls 10
QQoTTsAA checks
*** FLOP *** [2h Ac 4c]
MathisKcr bets 40
QQoTTsAA folds
Mehdifancy75 folds
MathisKcr collected 100 from pot
*** SUMMARY ***
Total pot 100 | No rake
Board: [2h Ac 4c]
Seat 1: MathisKcr (small blind) won 100


Winamax Poker - Tournament "Expresso Nitro" buyIn: 0.93€ + 0.07€ level: 2 - HandId: #4606300451560751105-4-1772567968 - Holdem no limit (15/30) - 2026/03/03 19:59:28 UTC
Table: 'Expresso Nitro(1072487899)#0' 3-max (real money) Seat #1 is the button
Seat 1: MathisKcr (300)
Seat 2: QQoTTsAA (220)
Seat 3: Mehdifancy75 (380)
*** ANTE/BLINDS ***
QQoTTsAA posts small blind 15
Mehdifancy75 posts big blind 30
Dealt to MathisKcr [4s Qs]
*** PRE-FLOP *** 
MathisKcr raises 30 to 60
QQoTTsAA folds
Mehdifancy75 calls 30
*** FLOP *** [Ts 9c 3d]
Mehdifancy75 checks
MathisKcr bets 47
Mehdifancy75 calls 47
*** TURN *** [Ts 9c 3d][9s]
Mehdifancy75 checks
MathisKcr checks
*** RIVER *** [Ts 9c 3d 9s][Qc]
Mehdifancy75 checks
MathisKcr bets 193 and is all-in
Mehdifancy75 folds
MathisKcr collected 422 from pot
*** SUMMARY ***
Total pot 422 | No rake
Board: [Ts 9c 3d 9s Qc]
Seat 1: MathisKcr (button) won 422


Winamax Poker - Tournament "Expresso Nitro" buyIn: 0.93€ + 0.07€ level: 2 - HandId: #4606300451560751105-5-1772568002 - Holdem no limit (15/30) - 2026/03/03 20:00:02 UTC
Table: 'Expresso Nitro(1072487899)#0' 3-max (real money) Seat #2 is the button
Seat 1: MathisKcr (422)
Seat 2: QQoTTsAA (205)
Seat 3: Mehdifancy75 (273)
*** ANTE/BLINDS ***
Mehdifancy75 posts small blind 15
MathisKcr posts big blind 30
Dealt to MathisKcr [3s 9s]
*** PRE-FLOP *** 
QQoTTsAA calls 30
Mehdifancy75 calls 15
MathisKcr checks
*** FLOP *** [2d 4s 2h]
Mehdifancy75 checks
MathisKcr checks
QQoTTsAA checks
*** TURN *** [2d 4s 2h][Jc]
Mehdifancy75 checks
MathisKcr checks
QQoTTsAA checks
*** RIVER *** [2d 4s 2h Jc][Qs]
Mehdifancy75 checks
MathisKcr checks
QQoTTsAA checks
*** SHOW DOWN ***
MathisKcr shows [3s 9s] (One pair : 2)
QQoTTsAA shows [7c Kc] (One pair : 2)
Mehdifancy75 shows [Th Jh] (Two pairs : Jacks and 2)
Mehdifancy75 collected 90 from pot
*** SUMMARY ***
Total pot 90 | No rake
Board: [2d 4s 2h Jc Qs]
Seat 1: MathisKcr (big blind) showed [3s 9s] and lost with One pair : 2
Seat 2: QQoTTsAA (button) showed [7c Kc] and lost with One pair : 2
Seat 3: Mehdifancy75 (small blind) showed [Th Jh] and won 90 with Two pairs : Jacks and 2


Winamax Poker - Tournament "Expresso Nitro" buyIn: 0.93€ + 0.07€ level: 3 - HandId: #4606300451560751105-6-1772568041 - Holdem no limit (20/40) - 2026/03/03 20:00:41 UTC
Table: 'Expresso Nitro(1072487899)#0' 3-max (real money) Seat #3 is the button
Seat 1: MathisKcr (392)
Seat 2: QQoTTsAA (175)
Seat 3: Mehdifancy75 (333)
*** ANTE/BLINDS ***
MathisKcr posts small blind 20
QQoTTsAA posts big blind 40
Dealt to MathisKcr [Ks Ad]
*** PRE-FLOP *** 
Mehdifancy75 calls 40
MathisKcr raises 352 to 392 and is all-in
QQoTTsAA folds
Mehdifancy75 folds
MathisKcr collected 472 from pot
*** SUMMARY ***
Total pot 472 | No rake
Seat 1: MathisKcr (small blind) won 472


Winamax Poker - Tournament "Expresso Nitro" buyIn: 0.93€ + 0.07€ level: 3 - HandId: #4606300451560751105-7-1772568051 - Holdem no limit (20/40) - 2026/03/03 20:00:51 UTC
Table: 'Expresso Nitro(1072487899)#0' 3-max (real money) Seat #1 is the button
Seat 1: MathisKcr (472)
Seat 2: QQoTTsAA (135)
Seat 3: Mehdifancy75 (293)
*** ANTE/BLINDS ***
QQoTTsAA posts small blind 20
Mehdifancy75 posts big blind 40
Dealt to MathisKcr [Kd 6c]
*** PRE-FLOP *** 
MathisKcr raises 40 to 80
QQoTTsAA folds
Mehdifancy75 folds
MathisKcr collected 140 from pot
*** SUMMARY ***
Total pot 140 | No rake
Seat 1: MathisKcr (button) won 140


Winamax Poker - Tournament "Expresso Nitro" buyIn: 0.93€ + 0.07€ level: 3 - HandId: #4606300451560751105-8-1772568062 - Holdem no limit (20/40) - 2026/03/03 20:01:02 UTC
Table: 'Expresso Nitro(1072487899)#0' 3-max (real money) Seat #2 is the button
Seat 1: MathisKcr (532)
Seat 2: QQoTTsAA (115)
Seat 3: Mehdifancy75 (253)
*** ANTE/BLINDS ***
Mehdifancy75 posts small blind 20
MathisKcr posts big blind 40
Dealt to MathisKcr [Qc 9s]
*** PRE-FLOP *** 
QQoTTsAA folds
Mehdifancy75 calls 20
MathisKcr checks
*** FLOP *** [Jh 4h 9c]
Mehdifancy75 checks
MathisKcr bets 80
Mehdifancy75 calls 80
*** TURN *** [Jh 4h 9c][Js]
Mehdifancy75 checks
MathisKcr bets 412 and is all-in
Mehdifancy75 folds
MathisKcr collected 652 from pot
*** SUMMARY ***
Total pot 652 | No rake
Board: [Jh 4h 9c Js]
Seat 1: MathisKcr (big blind) won 652


Winamax Poker - Tournament "Expresso Nitro" buyIn: 0.93€ + 0.07€ level: 4 - HandId: #4606300451560751105-9-1772568082 - Holdem no limit (30/60) - 2026/03/03 20:01:22 UTC
Table: 'Expresso Nitro(1072487899)#0' 3-max (real money) Seat #3 is the button
Seat 1: MathisKcr (652)
Seat 2: QQoTTsAA (115)
Seat 3: Mehdifancy75 (133)
*** ANTE/BLINDS ***
MathisKcr posts small blind 30
QQoTTsAA posts big blind 60
Dealt to MathisKcr [7s 5c]
*** PRE-FLOP *** 
Mehdifancy75 raises 73 to 133 and is all-in
MathisKcr folds
QQoTTsAA calls 55 and is all-in
*** FLOP *** [4c Td Ac]
*** TURN *** [4c Td Ac][9c]
*** RIVER *** [4c Td Ac 9c][8c]
*** SHOW DOWN ***
QQoTTsAA shows [Qh Ts] (One pair : Tens)
Mehdifancy75 shows [5d Tc] (Flush Ace high)
Mehdifancy75 collected 278 from pot
*** SUMMARY ***
Total pot 278 | No rake
Board: [4c Td Ac 9c 8c]
Seat 2: QQoTTsAA (big blind) showed [Qh Ts] and lost with One pair : Tens
Seat 3: Mehdifancy75 (button) showed [5d Tc] and won 278 with Flush Ace high


Winamax Poker - Tournament "Expresso Nitro" buyIn: 0.93€ + 0.07€ level: 4 - HandId: #4606300451560751105-10-1772568097 - Holdem no limit (30/60) - 2026/03/03 20:01:37 UTC
Table: 'Expresso Nitro(1072487899)#0' 3-max (real money) Seat #3 is the button
Seat 1: MathisKcr (622)
Seat 3: Mehdifancy75 (278)
*** ANTE/BLINDS ***
Mehdifancy75 posts small blind 30
MathisKcr posts big blind 60
Dealt to MathisKcr [3c 9h]
*** PRE-FLOP *** 
Mehdifancy75 calls 30
MathisKcr checks
*** FLOP *** [7c 4s Ac]
MathisKcr checks
Mehdifancy75 checks
*** TURN *** [7c 4s Ac][2c]
MathisKcr checks
Mehdifancy75 bets 60
MathisKcr folds
Mehdifancy75 collected 180 from pot
*** SUMMARY ***
Total pot 180 | No rake
Board: [7c 4s Ac 2c]
Seat 3: Mehdifancy75 (small blind) (button) won 180


Winamax Poker - Tournament "Expresso Nitro" buyIn: 0.93€ + 0.07€ level: 4 - HandId: #4606300451560751105-11-1772568111 - Holdem no limit (30/60) - 2026/03/03 20:01:51 UTC
Table: 'Expresso Nitro(1072487899)#0' 3-max (real money) Seat #1 is the button
Seat 1: MathisKcr (562)
Seat 3: Mehdifancy75 (338)
*** ANTE/BLINDS ***
MathisKcr posts small blind 30
Mehdifancy75 posts big blind 60
Dealt to MathisKcr [9c Ad]
*** PRE-FLOP *** 
MathisKcr raises 502 to 562 and is all-in
Mehdifancy75 calls 278 and is all-in
*** FLOP *** [Ac 2c 8d]
*** TURN *** [Ac 2c 8d][7s]
*** RIVER *** [Ac 2c 8d 7s][Ks]
*** SHOW DOWN ***
Mehdifancy75 shows [6h Qh] (High card : Ace)
MathisKcr shows [9c Ad] (One pair : Aces)
MathisKcr collected 900 from pot
*** SUMMARY ***
Total pot 900 | No rake
Board: [Ac 2c 8d 7s Ks]
Seat 1: MathisKcr (small blind) (button) showed [9c Ad] and won 900 with One pair : Aces
Seat 3: Mehdifancy75 (big blind) showed [6h Qh] and lost with High card : Ace


