Winamax Poker - Tournament "Expresso Nitro" buyIn: 0.93€ + 0.07€ level: 1 - HandId: #4618384359227916289-1-1773068417 - Holdem no limit (10/20) - 2026/03/09 15:00:17 UTC
Table: 'Expresso Nitro(1075301403)#0' 3-max (real money) Seat #2 is the button
Seat 1: MathisKcr (300)
Seat 2: cyrt (300)
Seat 3: Fraizou66 (300)
*** ANTE/BLINDS ***
Fraizou66 posts small blind 10
MathisKcr posts big blind 20
Dealt to MathisKcr [3d 5c]
*** PRE-FLOP *** 
cyrt folds
Fraizou66 calls 10
MathisKcr checks
*** FLOP *** [3s 4c Jh]
Fraizou66 checks
MathisKcr bets 40
Fraizou66 folds
MathisKcr collected 80 from pot
*** SUMMARY ***
Total pot 80 | No rake
Board: [3s 4c Jh]
Seat 1: MathisKcr (big blind) won 80


Winamax Poker - Tournament "Expresso Nitro" buyIn: 0.93€ + 0.07€ level: 1 - HandId: #4618384359227916289-2-1773068435 - Holdem no limit (10/20) - 2026/03/09 15:00:35 UTC
Table: 'Expresso Nitro(1075301403)#0' 3-max (real money) Seat #3 is the button
Seat 1: MathisKcr (320)
Seat 2: cyrt (300)
Seat 3: Fraizou66 (280)
*** ANTE/BLINDS ***
MathisKcr posts small blind 10
cyrt posts big blind 20
Dealt to MathisKcr [Ah Ac]
*** PRE-FLOP *** 
Fraizou66 raises 260 to 280 and is all-in
MathisKcr calls 270
cyrt folds
*** FLOP *** [5h 8s Tc]
*** TURN *** [5h 8s Tc][Jc]
*** RIVER *** [5h 8s Tc Jc][9d]
*** SHOW DOWN ***
Fraizou66 shows [As 9s] (One pair : 9)
MathisKcr shows [Ah Ac] (One pair : Aces)
MathisKcr collected 580 from pot
*** SUMMARY ***
Total pot 580 | No rake
Board: [5h 8s Tc Jc 9d]
Seat 1: MathisKcr (small blind) showed [Ah Ac] and won 580 with One pair : Aces
Seat 3: Fraizou66 (button) showed [As 9s] and lost with One pair : 9


Winamax Poker - Tournament "Expresso Nitro" buyIn: 0.93€ + 0.07€ level: 1 - HandId: #4618384359227916289-3-1773068454 - Holdem no limit (10/20) - 2026/03/09 15:00:54 UTC
Table: 'Expresso Nitro(1075301403)#0' 3-max (real money) Seat #2 is the button
Seat 1: MathisKcr (620)
Seat 2: cyrt (280)
*** ANTE/BLINDS ***
cyrt posts small blind 10
MathisKcr posts big blind 20
Dealt to MathisKcr [3s 3d]
*** PRE-FLOP *** 
cyrt raises 30 to 50
MathisKcr raises 570 to 620 and is all-in
cyrt folds
MathisKcr collected 670 from pot
*** SUMMARY ***
Total pot 670 | No rake
Seat 1: MathisKcr (big blind) won 670


Winamax Poker - Tournament "Expresso Nitro" buyIn: 0.93€ + 0.07€ level: 1 - HandId: #4618384359227916289-4-1773068463 - Holdem no limit (10/20) - 2026/03/09 15:01:03 UTC
Table: 'Expresso Nitro(1075301403)#0' 3-max (real money) Seat #1 is the button
Seat 1: MathisKcr (670)
Seat 2: cyrt (230)
*** ANTE/BLINDS ***
MathisKcr posts small blind 10
cyrt posts big blind 20
Dealt to MathisKcr [2h 3h]
*** PRE-FLOP *** 
MathisKcr folds
cyrt collected 30 from pot
*** SUMMARY ***
Total pot 30 | No rake
Seat 2: cyrt (big blind) won 30


Winamax Poker - Tournament "Expresso Nitro" buyIn: 0.93€ + 0.07€ level: 1 - HandId: #4618384359227916289-5-1773068469 - Holdem no limit (10/20) - 2026/03/09 15:01:09 UTC
Table: 'Expresso Nitro(1075301403)#0' 3-max (real money) Seat #2 is the button
Seat 1: MathisKcr (660)
Seat 2: cyrt (240)
*** ANTE/BLINDS ***
cyrt posts small blind 10
MathisKcr posts big blind 20
Dealt to MathisKcr [3s Ac]
*** PRE-FLOP *** 
cyrt raises 20 to 40
MathisKcr raises 620 to 660 and is all-in
cyrt folds
MathisKcr collected 700 from pot
*** SUMMARY ***
Total pot 700 | No rake
Seat 1: MathisKcr (big blind) won 700


Winamax Poker - Tournament "Expresso Nitro" buyIn: 0.93€ + 0.07€ level: 2 - HandId: #4618384359227916289-6-1773068480 - Holdem no limit (15/30) - 2026/03/09 15:01:20 UTC
Table: 'Expresso Nitro(1075301403)#0' 3-max (real money) Seat #1 is the button
Seat 1: MathisKcr (700)
Seat 2: cyrt (200)
*** ANTE/BLINDS ***
MathisKcr posts small blind 15
cyrt posts big blind 30
Dealt to MathisKcr [6h 2s]
*** PRE-FLOP *** 
MathisKcr folds
cyrt collected 45 from pot
*** SUMMARY ***
Total pot 45 | No rake
Seat 2: cyrt (big blind) won 45


Winamax Poker - Tournament "Expresso Nitro" buyIn: 0.93€ + 0.07€ level: 2 - HandId: #4618384359227916289-7-1773068487 - Holdem no limit (15/30) - 2026/03/09 15:01:27 UTC
Table: 'Expresso Nitro(1075301403)#0' 3-max (real money) Seat #2 is the button
Seat 1: MathisKcr (685)
Seat 2: cyrt (215)
*** ANTE/BLINDS ***
cyrt posts small blind 15
MathisKcr posts big blind 30
Dealt to MathisKcr [6s Kh]
*** PRE-FLOP *** 
cyrt folds
MathisKcr collected 45 from pot
*** SUMMARY ***
Total pot 45 | No rake
Seat 1: MathisKcr (big blind) won 45


Winamax Poker - Tournament "Expresso Nitro" buyIn: 0.93€ + 0.07€ level: 2 - HandId: #4618384359227916289-8-1773068496 - Holdem no limit (15/30) - 2026/03/09 15:01:36 UTC
Table: 'Expresso Nitro(1075301403)#0' 3-max (real money) Seat #1 is the button
Seat 1: MathisKcr (700)
Seat 2: cyrt (200)
*** ANTE/BLINDS ***
MathisKcr posts small blind 15
cyrt posts big blind 30
Dealt to MathisKcr [9h Qd]
*** PRE-FLOP *** 
MathisKcr calls 15
cyrt checks
*** FLOP *** [9d 6c Jc]
cyrt checks
MathisKcr bets 60
cyrt calls 60
*** TURN *** [9d 6c Jc][3d]
cyrt checks
MathisKcr checks
*** RIVER *** [9d 6c Jc 3d][8d]
cyrt checks
MathisKcr checks
*** SHOW DOWN ***
cyrt shows [Qs Kh] (High card : King)
MathisKcr shows [9h Qd] (One pair : 9)
MathisKcr collected 180 from pot
*** SUMMARY ***
Total pot 180 | No rake
Board: [9d 6c Jc 3d 8d]
Seat 1: MathisKcr (small blind) (button) showed [9h Qd] and won 180 with One pair : 9
Seat 2: cyrt (big blind) showed [Qs Kh] and lost with High card : King


Winamax Poker - Tournament "Expresso Nitro" buyIn: 0.93€ + 0.07€ level: 2 - HandId: #4618384359227916289-9-1773068529 - Holdem no limit (15/30) - 2026/03/09 15:02:09 UTC
Table: 'Expresso Nitro(1075301403)#0' 3-max (real money) Seat #2 is the button
Seat 1: MathisKcr (790)
Seat 2: cyrt (110)
*** ANTE/BLINDS ***
cyrt posts small blind 15
MathisKcr posts big blind 30
Dealt to MathisKcr [3c Qc]
*** PRE-FLOP *** 
cyrt calls 15
MathisKcr checks
*** FLOP *** [2c 6c 7h]
MathisKcr bets 760 and is all-in
cyrt calls 80 and is all-in
*** TURN *** [2c 6c 7h][Kd]
*** RIVER *** [2c 6c 7h Kd][Qd]
*** SHOW DOWN ***
MathisKcr shows [3c Qc] (One pair : Queens)
cyrt shows [Kh 7s] (Two pairs : Kings and 7)
cyrt collected 220 from main pot
MathisKcr collected 680 from side pot 1
*** SUMMARY ***
Total pot 900 | No rake
Board: [2c 6c 7h Kd Qd]
Seat 1: MathisKcr (big blind) showed [3c Qc] and won 680 with One pair : Queens
Seat 2: cyrt (small blind) (button) showed [Kh 7s] and won 220 with Two pairs : Kings and 7


Winamax Poker - Tournament "Expresso Nitro" buyIn: 0.93€ + 0.07€ level: 3 - HandId: #4618384359227916289-10-1773068551 - Holdem no limit (20/40) - 2026/03/09 15:02:31 UTC
Table: 'Expresso Nitro(1075301403)#0' 3-max (real money) Seat #1 is the button
Seat 1: MathisKcr (680)
Seat 2: cyrt (220)
*** ANTE/BLINDS ***
MathisKcr posts small blind 20
cyrt posts big blind 40
Dealt to MathisKcr [Ts 3s]
*** PRE-FLOP *** 
MathisKcr calls 20
cyrt checks
*** FLOP *** [3c 8d 9c]
cyrt checks
MathisKcr bets 80
cyrt folds
MathisKcr collected 160 from pot
*** SUMMARY ***
Total pot 160 | No rake
Board: [3c 8d 9c]
Seat 1: MathisKcr (small blind) (button) won 160


Winamax Poker - Tournament "Expresso Nitro" buyIn: 0.93€ + 0.07€ level: 3 - HandId: #4618384359227916289-11-1773068576 - Holdem no limit (20/40) - 2026/03/09 15:02:56 UTC
Table: 'Expresso Nitro(1075301403)#0' 3-max (real money) Seat #2 is the button
Seat 1: MathisKcr (720)
Seat 2: cyrt (180)
*** ANTE/BLINDS ***
cyrt posts small blind 20
MathisKcr posts big blind 40
Dealt to MathisKcr [4s Qh]
*** PRE-FLOP *** 
cyrt calls 20
MathisKcr checks
*** FLOP *** [Th 7h 8h]
MathisKcr bets 80
cyrt calls 80
*** TURN *** [Th 7h 8h][3c]
MathisKcr checks
cyrt bets 60 and is all-in
MathisKcr calls 60
*** RIVER *** [Th 7h 8h 3c][Ad]
*** SHOW DOWN ***
MathisKcr shows [4s Qh] (High card : Ace)
cyrt shows [8d Jh] (One pair : 8)
cyrt collected 360 from pot
*** SUMMARY ***
Total pot 360 | No rake
Board: [Th 7h 8h 3c Ad]
Seat 1: MathisKcr (big blind) showed [4s Qh] and lost with High card : Ace
Seat 2: cyrt (small blind) (button) showed [8d Jh] and won 360 with One pair : 8


Winamax Poker - Tournament "Expresso Nitro" buyIn: 0.93€ + 0.07€ level: 3 - HandId: #4618384359227916289-12-1773068594 - Holdem no limit (20/40) - 2026/03/09 15:03:14 UTC
Table: 'Expresso Nitro(1075301403)#0' 3-max (real money) Seat #1 is the button
Seat 1: MathisKcr (540)
Seat 2: cyrt (360)
*** ANTE/BLINDS ***
MathisKcr posts small blind 20
cyrt posts big blind 40
Dealt to MathisKcr [6h 7c]
*** PRE-FLOP *** 
MathisKcr folds
cyrt collected 60 from pot
*** SUMMARY ***
Total pot 60 | No rake
Seat 2: cyrt (big blind) won 60


Winamax Poker - Tournament "Expresso Nitro" buyIn: 0.93€ + 0.07€ level: 4 - HandId: #4618384359227916289-13-1773068600 - Holdem no limit (30/60) - 2026/03/09 15:03:20 UTC
Table: 'Expresso Nitro(1075301403)#0' 3-max (real money) Seat #2 is the button
Seat 1: MathisKcr (520)
Seat 2: cyrt (380)
*** ANTE/BLINDS ***
cyrt posts small blind 30
MathisKcr posts big blind 60
Dealt to MathisKcr [4h 4c]
*** PRE-FLOP *** 
cyrt folds
MathisKcr collected 90 from pot
*** SUMMARY ***
Total pot 90 | No rake
Seat 1: MathisKcr (big blind) won 90


Winamax Poker - Tournament "Expresso Nitro" buyIn: 0.93€ + 0.07€ level: 4 - HandId: #4618384359227916289-14-1773068606 - Holdem no limit (30/60) - 2026/03/09 15:03:26 UTC
Table: 'Expresso Nitro(1075301403)#0' 3-max (real money) Seat #1 is the button
Seat 1: MathisKcr (550)
Seat 2: cyrt (350)
*** ANTE/BLINDS ***
MathisKcr posts small blind 30
cyrt posts big blind 60
Dealt to MathisKcr [6h 8d]
*** PRE-FLOP *** 
MathisKcr folds
cyrt collected 90 from pot
*** SUMMARY ***
Total pot 90 | No rake
Seat 2: cyrt (big blind) won 90


Winamax Poker - Tournament "Expresso Nitro" buyIn: 0.93€ + 0.07€ level: 4 - HandId: #4618384359227916289-15-1773068612 - Holdem no limit (30/60) - 2026/03/09 15:03:32 UTC
Table: 'Expresso Nitro(1075301403)#0' 3-max (real money) Seat #2 is the button
Seat 1: MathisKcr (520)
Seat 2: cyrt (380)
*** ANTE/BLINDS ***
cyrt posts small blind 30
MathisKcr posts big blind 60
Dealt to MathisKcr [Tc 5d]
*** PRE-FLOP *** 
cyrt calls 30
MathisKcr checks
*** FLOP *** [Td 2d 4c]
MathisKcr bets 460 and is all-in
cyrt folds
MathisKcr collected 580 from pot
*** SUMMARY ***
Total pot 580 | No rake
Board: [Td 2d 4c]
Seat 1: MathisKcr (big blind) won 580


Winamax Poker - Tournament "Expresso Nitro" buyIn: 0.93€ + 0.07€ level: 4 - HandId: #4618384359227916289-16-1773068627 - Holdem no limit (30/60) - 2026/03/09 15:03:47 UTC
Table: 'Expresso Nitro(1075301403)#0' 3-max (real money) Seat #1 is the button
Seat 1: MathisKcr (580)
Seat 2: cyrt (320)
*** ANTE/BLINDS ***
MathisKcr posts small blind 30
cyrt posts big blind 60
Dealt to MathisKcr [Tc Ks]
*** PRE-FLOP *** 
MathisKcr raises 520 to 580 and is all-in
cyrt folds
MathisKcr collected 640 from pot
*** SUMMARY ***
Total pot 640 | No rake
Seat 1: MathisKcr (small blind) (button) won 640


Winamax Poker - Tournament "Expresso Nitro" buyIn: 0.93€ + 0.07€ level: 4 - HandId: #4618384359227916289-17-1773068637 - Holdem no limit (30/60) - 2026/03/09 15:03:57 UTC
Table: 'Expresso Nitro(1075301403)#0' 3-max (real money) Seat #2 is the button
Seat 1: MathisKcr (640)
Seat 2: cyrt (260)
*** ANTE/BLINDS ***
cyrt posts small blind 30
MathisKcr posts big blind 60
Dealt to MathisKcr [9c Kc]
*** PRE-FLOP *** 
cyrt folds
MathisKcr collected 90 from pot
*** SUMMARY ***
Total pot 90 | No rake
Seat 1: MathisKcr (big blind) won 90


Winamax Poker - Tournament "Expresso Nitro" buyIn: 0.93€ + 0.07€ level: 4 - HandId: #4618384359227916289-18-1773068645 - Holdem no limit (30/60) - 2026/03/09 15:04:05 UTC
Table: 'Expresso Nitro(1075301403)#0' 3-max (real money) Seat #1 is the button
Seat 1: MathisKcr (670)
Seat 2: cyrt (230)
*** ANTE/BLINDS ***
MathisKcr posts small blind 30
cyrt posts big blind 60
Dealt to MathisKcr [Jc 2s]
*** PRE-FLOP *** 
MathisKcr calls 30
cyrt checks
*** FLOP *** [7h 4h 3c]
cyrt checks
MathisKcr checks
*** TURN *** [7h 4h 3c][Tc]
cyrt bets 170 and is all-in
MathisKcr folds
cyrt collected 290 from pot
*** SUMMARY ***
Total pot 290 | No rake
Board: [7h 4h 3c Tc]
Seat 2: cyrt (big blind) won 290


Winamax Poker - Tournament "Expresso Nitro" buyIn: 0.93€ + 0.07€ level: 5 - HandId: #4618384359227916289-19-1773068667 - Holdem no limit (40/80) - 2026/03/09 15:04:27 UTC
Table: 'Expresso Nitro(1075301403)#0' 3-max (real money) Seat #2 is the button
Seat 1: MathisKcr (610)
Seat 2: cyrt (290)
*** ANTE/BLINDS ***
cyrt posts small blind 40
MathisKcr posts big blind 80
Dealt to MathisKcr [8h Qh]
*** PRE-FLOP *** 
cyrt raises 210 to 290 and is all-in
MathisKcr calls 210
*** FLOP *** [6s 6d Jd]
*** TURN *** [6s 6d Jd][4d]
*** RIVER *** [6s 6d Jd 4d][7d]
*** SHOW DOWN ***
MathisKcr shows [8h Qh] (One pair : 6)
cyrt shows [Ts Kd] (Flush King high)
cyrt collected 580 from pot
*** SUMMARY ***
Total pot 580 | No rake
Board: [6s 6d Jd 4d 7d]
Seat 1: MathisKcr (big blind) showed [8h Qh] and lost with One pair : 6
Seat 2: cyrt (small blind) (button) showed [Ts Kd] and won 580 with Flush King high


Winamax Poker - Tournament "Expresso Nitro" buyIn: 0.93€ + 0.07€ level: 5 - HandId: #4618384359227916289-20-1773068682 - Holdem no limit (40/80) - 2026/03/09 15:04:42 UTC
Table: 'Expresso Nitro(1075301403)#0' 3-max (real money) Seat #1 is the button
Seat 1: MathisKcr (320)
Seat 2: cyrt (580)
*** ANTE/BLINDS ***
MathisKcr posts small blind 40
cyrt posts big blind 80
Dealt to MathisKcr [2s Ks]
*** PRE-FLOP *** 
MathisKcr raises 240 to 320 and is all-in
cyrt folds
MathisKcr collected 400 from pot
*** SUMMARY ***
Total pot 400 | No rake
Seat 1: MathisKcr (small blind) (button) won 400


Winamax Poker - Tournament "Expresso Nitro" buyIn: 0.93€ + 0.07€ level: 5 - HandId: #4618384359227916289-21-1773068697 - Holdem no limit (40/80) - 2026/03/09 15:04:57 UTC
Table: 'Expresso Nitro(1075301403)#0' 3-max (real money) Seat #2 is the button
Seat 1: MathisKcr (400)
Seat 2: cyrt (500)
*** ANTE/BLINDS ***
cyrt posts small blind 40
MathisKcr posts big blind 80
Dealt to MathisKcr [9s Js]
*** PRE-FLOP *** 
cyrt folds
MathisKcr collected 120 from pot
*** SUMMARY ***
Total pot 120 | No rake
Seat 1: MathisKcr (big blind) won 120


Winamax Poker - Tournament "Expresso Nitro" buyIn: 0.93€ + 0.07€ level: 5 - HandId: #4618384359227916289-22-1773068702 - Holdem no limit (40/80) - 2026/03/09 15:05:02 UTC
Table: 'Expresso Nitro(1075301403)#0' 3-max (real money) Seat #1 is the button
Seat 1: MathisKcr (440)
Seat 2: cyrt (460)
*** ANTE/BLINDS ***
MathisKcr posts small blind 40
cyrt posts big blind 80
Dealt to MathisKcr [Jc Qc]
*** PRE-FLOP *** 
MathisKcr raises 360 to 440 and is all-in
cyrt raises 20 to 460 and is all-in
*** FLOP *** [5d Qd Js]
*** TURN *** [5d Qd Js][9d]
*** RIVER *** [5d Qd Js 9d][2s]
*** SHOW DOWN ***
MathisKcr shows [Jc Qc] (Two pairs : Queens and Jacks)
cyrt shows [Ac 6s] (High card : Ace)
cyrt collected 20 from side pot 1
MathisKcr collected 880 from main pot
*** SUMMARY ***
Total pot 900 | No rake
Board: [5d Qd Js 9d 2s]
Seat 1: MathisKcr (small blind) (button) showed [Jc Qc] and won 880 with Two pairs : Queens and Jacks
Seat 2: cyrt (big blind) showed [Ac 6s] and won 20 with High card : Ace


Winamax Poker - Tournament "Expresso Nitro" buyIn: 0.93€ + 0.07€ level: 6 - HandId: #4618384359227916289-23-1773068714 - Holdem no limit (50/100) - 2026/03/09 15:05:14 UTC
Table: 'Expresso Nitro(1075301403)#0' 3-max (real money) Seat #2 is the button
Seat 1: MathisKcr (880)
Seat 2: cyrt (20)
*** ANTE/BLINDS ***
cyrt posts small blind 20 and is all-in
MathisKcr posts big blind 100
Dealt to MathisKcr [6c 5c]
*** PRE-FLOP *** 
*** FLOP *** [4s Qd Ks]
*** TURN *** [4s Qd Ks][7d]
*** RIVER *** [4s Qd Ks 7d][8c]
*** SHOW DOWN ***
cyrt shows [4h Kc] (Two pairs : Kings and 4)
MathisKcr shows [6c 5c] (Straight 8 high)
MathisKcr collected 120 from pot
*** SUMMARY ***
Total pot 120 | No rake
Board: [4s Qd Ks 7d 8c]
Seat 1: MathisKcr (big blind) showed [6c 5c] and won 120 with Straight 8 high
Seat 2: cyrt (small blind) (button) showed [4h Kc] and lost with Two pairs : Kings and 4


