Winamax Poker - Tournament "Expresso Nitro" buyIn: 0.93€ + 0.07€ level: 1 - HandId: #4494181176407228417-1-1768297991 - Holdem no limit (10/20) - 2026/01/13 09:53:11 UTC
Table: 'Expresso Nitro(1046383096)#0' 3-max (real money) Seat #2 is the button
Seat 1: MathisKcr (300)
Seat 2: Toons71100 (300)
Seat 3: salz78 (300)
*** ANTE/BLINDS ***
salz78 posts small blind 10
MathisKcr posts big blind 20
Dealt to MathisKcr [7h Jd]
*** PRE-FLOP *** 
Toons71100 folds
salz78 calls 10
MathisKcr raises 20 to 40
salz78 calls 20
*** FLOP *** [Qh Kc Kd]
salz78 checks
MathisKcr bets 60
salz78 folds
MathisKcr collected 140 from pot
*** SUMMARY ***
Total pot 140 | No rake
Board: [Qh Kc Kd]
Seat 1: MathisKcr (big blind) won 140


Winamax Poker - Tournament "Expresso Nitro" buyIn: 0.93€ + 0.07€ level: 1 - HandId: #4494181176407228417-2-1768298020 - Holdem no limit (10/20) - 2026/01/13 09:53:40 UTC
Table: 'Expresso Nitro(1046383096)#0' 3-max (real money) Seat #3 is the button
Seat 1: MathisKcr (340)
Seat 2: Toons71100 (300)
Seat 3: salz78 (260)
*** ANTE/BLINDS ***
MathisKcr posts small blind 10
Toons71100 posts big blind 20
Dealt to MathisKcr [2c 7h]
*** PRE-FLOP *** 
salz78 calls 20
MathisKcr raises 20 to 40
Toons71100 folds
salz78 calls 20
*** FLOP *** [9c 6c 7s]
MathisKcr bets 80
salz78 folds
MathisKcr collected 180 from pot
*** SUMMARY ***
Total pot 180 | No rake
Board: [9c 6c 7s]
Seat 1: MathisKcr (small blind) won 180


Winamax Poker - Tournament "Expresso Nitro" buyIn: 0.93€ + 0.07€ level: 1 - HandId: #4494181176407228417-3-1768298044 - Holdem no limit (10/20) - 2026/01/13 09:54:04 UTC
Table: 'Expresso Nitro(1046383096)#0' 3-max (real money) Seat #1 is the button
Seat 1: MathisKcr (400)
Seat 2: Toons71100 (280)
Seat 3: salz78 (220)
*** ANTE/BLINDS ***
Toons71100 posts small blind 10
salz78 posts big blind 20
Dealt to MathisKcr [Jh 6c]
*** PRE-FLOP *** 
MathisKcr raises 20 to 40
Toons71100 folds
salz78 calls 20
*** FLOP *** [4d 3s 9c]
salz78 checks
MathisKcr bets 40
salz78 folds
MathisKcr collected 130 from pot
*** SUMMARY ***
Total pot 130 | No rake
Board: [4d 3s 9c]
Seat 1: MathisKcr (button) won 130


Winamax Poker - Tournament "Expresso Nitro" buyIn: 0.93€ + 0.07€ level: 2 - HandId: #4494181176407228417-4-1768298059 - Holdem no limit (15/30) - 2026/01/13 09:54:19 UTC
Table: 'Expresso Nitro(1046383096)#0' 3-max (real money) Seat #2 is the button
Seat 1: MathisKcr (450)
Seat 2: Toons71100 (270)
Seat 3: salz78 (180)
*** ANTE/BLINDS ***
salz78 posts small blind 15
MathisKcr posts big blind 30
Dealt to MathisKcr [5c 9d]
*** PRE-FLOP *** 
Toons71100 folds
salz78 folds
MathisKcr collected 45 from pot
*** SUMMARY ***
Total pot 45 | No rake
Seat 1: MathisKcr (big blind) won 45


Winamax Poker - Tournament "Expresso Nitro" buyIn: 0.93€ + 0.07€ level: 2 - HandId: #4494181176407228417-5-1768298072 - Holdem no limit (15/30) - 2026/01/13 09:54:32 UTC
Table: 'Expresso Nitro(1046383096)#0' 3-max (real money) Seat #3 is the button
Seat 1: MathisKcr (465)
Seat 2: Toons71100 (270)
Seat 3: salz78 (165)
*** ANTE/BLINDS ***
MathisKcr posts small blind 15
Toons71100 posts big blind 30
Dealt to MathisKcr [Tc Js]
*** PRE-FLOP *** 
salz78 calls 30
MathisKcr raises 60 to 90
Toons71100 folds
salz78 raises 75 to 165 and is all-in
MathisKcr calls 75
*** FLOP *** [Kd Td 4d]
*** TURN *** [Kd Td 4d][Qs]
*** RIVER *** [Kd Td 4d Qs][Jh]
*** SHOW DOWN ***
MathisKcr shows [Tc Js] (Two pairs : Jacks and Tens)
salz78 shows [Ts Kc] (Two pairs : Kings and Tens)
salz78 collected 360 from pot
*** SUMMARY ***
Total pot 360 | No rake
Board: [Kd Td 4d Qs Jh]
Seat 1: MathisKcr (small blind) showed [Tc Js] and lost with Two pairs : Jacks and Tens
Seat 3: salz78 (button) showed [Ts Kc] and won 360 with Two pairs : Kings and Tens


Winamax Poker - Tournament "Expresso Nitro" buyIn: 0.93€ + 0.07€ level: 2 - HandId: #4494181176407228417-6-1768298094 - Holdem no limit (15/30) - 2026/01/13 09:54:54 UTC
Table: 'Expresso Nitro(1046383096)#0' 3-max (real money) Seat #1 is the button
Seat 1: MathisKcr (300)
Seat 2: Toons71100 (240)
Seat 3: salz78 (360)
*** ANTE/BLINDS ***
Toons71100 posts small blind 15
salz78 posts big blind 30
Dealt to MathisKcr [7c Kh]
*** PRE-FLOP *** 
MathisKcr raises 30 to 60
Toons71100 calls 45
salz78 calls 30
*** FLOP *** [Th Tc Qc]
Toons71100 checks
salz78 bets 90
MathisKcr folds
Toons71100 calls 90
*** TURN *** [Th Tc Qc][Ac]
Toons71100 checks
salz78 checks
*** RIVER *** [Th Tc Qc Ac][Ks]
Toons71100 bets 90 and is all-in
salz78 calls 90
*** SHOW DOWN ***
salz78 shows [6s Qh] (Two pairs : Queens and Tens)
Toons71100 shows [Kc Ts] (Full of Tens and Kings)
Toons71100 collected 540 from pot
*** SUMMARY ***
Total pot 540 | No rake
Board: [Th Tc Qc Ac Ks]
Seat 2: Toons71100 (small blind) showed [Kc Ts] and won 540 with Full of Tens and Kings
Seat 3: salz78 (big blind) showed [6s Qh] and lost with Two pairs : Queens and Tens


Winamax Poker - Tournament "Expresso Nitro" buyIn: 0.93€ + 0.07€ level: 3 - HandId: #4494181176407228417-7-1768298141 - Holdem no limit (20/40) - 2026/01/13 09:55:41 UTC
Table: 'Expresso Nitro(1046383096)#0' 3-max (real money) Seat #2 is the button
Seat 1: MathisKcr (240)
Seat 2: Toons71100 (540)
Seat 3: salz78 (120)
*** ANTE/BLINDS ***
salz78 posts small blind 20
MathisKcr posts big blind 40
Dealt to MathisKcr [Ah 4h]
*** PRE-FLOP *** 
Toons71100 raises 60 to 100
salz78 raises 20 to 120 and is all-in
MathisKcr raises 120 to 240 and is all-in
Toons71100 calls 140
*** FLOP *** [Qd 2h 2d]
*** TURN *** [Qd 2h 2d][7d]
*** RIVER *** [Qd 2h 2d 7d][5h]
*** SHOW DOWN ***
MathisKcr shows [Ah 4h] (One pair : 2)
salz78 shows [9c As] (One pair : 2)
Toons71100 shows [Qs Ad] (Two pairs : Queens and 2)
Toons71100 collected 600 from pot
*** SUMMARY ***
Total pot 600 | No rake
Board: [Qd 2h 2d 7d 5h]
Seat 1: MathisKcr (big blind) showed [Ah 4h] and lost with One pair : 2
Seat 2: Toons71100 (button) showed [Qs Ad] and won 600 with Two pairs : Queens and 2
Seat 3: salz78 (small blind) showed [9c As] and lost with One pair : 2


