Winamax Poker - Tournament "Expresso Nitro" buyIn: 0.46€ + 0.04€ level: 1 - HandId: #4485363788937166849-1-1767951792 - Holdem no limit (10/20) - 2026/01/09 09:43:12 UTC
Table: 'Expresso Nitro(1044330138)#0' 3-max (real money) Seat #2 is the button
Seat 1: Tom1107 (300)
Seat 2: chekbetraise (300)
Seat 3: MathisKcr (300)
*** ANTE/BLINDS ***
MathisKcr posts small blind 10
Tom1107 posts big blind 20
Dealt to MathisKcr [Jh 7d]
*** PRE-FLOP *** 
chekbetraise folds
MathisKcr calls 10
Tom1107 raises 280 to 300 and is all-in
MathisKcr folds
Tom1107 collected 320 from pot
*** SUMMARY ***
Total pot 320 | No rake
Seat 1: Tom1107 (big blind) won 320


Winamax Poker - Tournament "Expresso Nitro" buyIn: 0.46€ + 0.04€ level: 1 - HandId: #4485363788937166849-2-1767951801 - Holdem no limit (10/20) - 2026/01/09 09:43:21 UTC
Table: 'Expresso Nitro(1044330138)#0' 3-max (real money) Seat #3 is the button
Seat 1: Tom1107 (320)
Seat 2: chekbetraise (300)
Seat 3: MathisKcr (280)
*** ANTE/BLINDS ***
Tom1107 posts small blind 10
chekbetraise posts big blind 20
Dealt to MathisKcr [Js 2s]
*** PRE-FLOP *** 
MathisKcr folds
Tom1107 calls 10
chekbetraise checks
*** FLOP *** [5c 2h 2c]
Tom1107 checks
chekbetraise bets 20
Tom1107 folds
chekbetraise collected 60 from pot
*** SUMMARY ***
Total pot 60 | No rake
Board: [5c 2h 2c]
Seat 2: chekbetraise (big blind) won 60


Winamax Poker - Tournament "Expresso Nitro" buyIn: 0.46€ + 0.04€ level: 1 - HandId: #4485363788937166849-3-1767951816 - Holdem no limit (10/20) - 2026/01/09 09:43:36 UTC
Table: 'Expresso Nitro(1044330138)#0' 3-max (real money) Seat #1 is the button
Seat 1: Tom1107 (300)
Seat 2: chekbetraise (320)
Seat 3: MathisKcr (280)
*** ANTE/BLINDS ***
chekbetraise posts small blind 10
MathisKcr posts big blind 20
Dealt to MathisKcr [Ac 4c]
*** PRE-FLOP *** 
Tom1107 raises 280 to 300 and is all-in
chekbetraise raises 20 to 320 and is all-in
MathisKcr calls 260 and is all-in
*** FLOP *** [4h 5h 5c]
*** TURN *** [4h 5h 5c][Ah]
*** RIVER *** [4h 5h 5c Ah][Ad]
*** SHOW DOWN ***
Tom1107 shows [Th 8c] (Two pairs : Aces and 5)
chekbetraise shows [Ks Qd] (Two pairs : Aces and 5)
MathisKcr shows [Ac 4c] (Full of Aces and 5)
MathisKcr collected 840 from main pot
chekbetraise collected 60 from side pot 1
*** SUMMARY ***
Total pot 900 | No rake
Board: [4h 5h 5c Ah Ad]
Seat 1: Tom1107 (button) showed [Th 8c] and lost with Two pairs : Aces and 5
Seat 2: chekbetraise (small blind) showed [Ks Qd] and won 60 with Two pairs : Aces and 5
Seat 3: MathisKcr (big blind) showed [Ac 4c] and won 840 with Full of Aces and 5


Winamax Poker - Tournament "Expresso Nitro" buyIn: 0.46€ + 0.04€ level: 1 - HandId: #4485363788937166849-4-1767951831 - Holdem no limit (10/20) - 2026/01/09 09:43:51 UTC
Table: 'Expresso Nitro(1044330138)#0' 3-max (real money) Seat #3 is the button
Seat 2: chekbetraise (60)
Seat 3: MathisKcr (840)
*** ANTE/BLINDS ***
MathisKcr posts small blind 10
chekbetraise posts big blind 20
Dealt to MathisKcr [9c 6d]
*** PRE-FLOP *** 
MathisKcr raises 40 to 60
chekbetraise calls 40 and is all-in
*** FLOP *** [Qh 2s Ks]
*** TURN *** [Qh 2s Ks][Js]
*** RIVER *** [Qh 2s Ks Js][As]
*** SHOW DOWN ***
MathisKcr shows [9c 6d] (High card : Ace)
chekbetraise shows [4s Ac] (Flush Ace high)
chekbetraise collected 120 from pot
*** SUMMARY ***
Total pot 120 | No rake
Board: [Qh 2s Ks Js As]
Seat 2: chekbetraise (big blind) showed [4s Ac] and won 120 with Flush Ace high
Seat 3: MathisKcr (small blind) (button) showed [9c 6d] and lost with High card : Ace


Winamax Poker - Tournament "Expresso Nitro" buyIn: 0.46€ + 0.04€ level: 1 - HandId: #4485363788937166849-5-1767951847 - Holdem no limit (10/20) - 2026/01/09 09:44:07 UTC
Table: 'Expresso Nitro(1044330138)#0' 3-max (real money) Seat #2 is the button
Seat 2: chekbetraise (120)
Seat 3: MathisKcr (780)
*** ANTE/BLINDS ***
chekbetraise posts small blind 10
MathisKcr posts big blind 20
Dealt to MathisKcr [6d 4h]
*** PRE-FLOP *** 
chekbetraise raises 100 to 120 and is all-in
MathisKcr folds
chekbetraise collected 140 from pot
*** SUMMARY ***
Total pot 140 | No rake
Seat 2: chekbetraise (small blind) (button) won 140


Winamax Poker - Tournament "Expresso Nitro" buyIn: 0.46€ + 0.04€ level: 2 - HandId: #4485363788937166849-6-1767951855 - Holdem no limit (15/30) - 2026/01/09 09:44:15 UTC
Table: 'Expresso Nitro(1044330138)#0' 3-max (real money) Seat #3 is the button
Seat 2: chekbetraise (140)
Seat 3: MathisKcr (760)
*** ANTE/BLINDS ***
MathisKcr posts small blind 15
chekbetraise posts big blind 30
Dealt to MathisKcr [7s Ad]
*** PRE-FLOP *** 
MathisKcr raises 30 to 60
chekbetraise calls 30
*** FLOP *** [4c 3s 6c]
chekbetraise bets 80 and is all-in
MathisKcr calls 80
*** TURN *** [4c 3s 6c][8d]
*** RIVER *** [4c 3s 6c 8d][Ts]
*** SHOW DOWN ***
MathisKcr shows [7s Ad] (High card : Ace)
chekbetraise shows [8s 6d] (Two pairs : 8 and 6)
chekbetraise collected 280 from pot
*** SUMMARY ***
Total pot 280 | No rake
Board: [4c 3s 6c 8d Ts]
Seat 2: chekbetraise (big blind) showed [8s 6d] and won 280 with Two pairs : 8 and 6
Seat 3: MathisKcr (small blind) (button) showed [7s Ad] and lost with High card : Ace


Winamax Poker - Tournament "Expresso Nitro" buyIn: 0.46€ + 0.04€ level: 2 - HandId: #4485363788937166849-7-1767951871 - Holdem no limit (15/30) - 2026/01/09 09:44:31 UTC
Table: 'Expresso Nitro(1044330138)#0' 3-max (real money) Seat #2 is the button
Seat 2: chekbetraise (280)
Seat 3: MathisKcr (620)
*** ANTE/BLINDS ***
chekbetraise posts small blind 15
MathisKcr posts big blind 30
Dealt to MathisKcr [8c Jc]
*** PRE-FLOP *** 
chekbetraise raises 250 to 280 and is all-in
MathisKcr calls 250
*** FLOP *** [6c 5d Tc]
*** TURN *** [6c 5d Tc][6s]
*** RIVER *** [6c 5d Tc 6s][Qh]
*** SHOW DOWN ***
MathisKcr shows [8c Jc] (One pair : 6)
chekbetraise shows [Ah 2c] (One pair : 6)
chekbetraise collected 560 from pot
*** SUMMARY ***
Total pot 560 | No rake
Board: [6c 5d Tc 6s Qh]
Seat 2: chekbetraise (small blind) (button) showed [Ah 2c] and won 560 with One pair : 6
Seat 3: MathisKcr (big blind) showed [8c Jc] and lost with One pair : 6


Winamax Poker - Tournament "Expresso Nitro" buyIn: 0.46€ + 0.04€ level: 2 - HandId: #4485363788937166849-8-1767951887 - Holdem no limit (15/30) - 2026/01/09 09:44:47 UTC
Table: 'Expresso Nitro(1044330138)#0' 3-max (real money) Seat #3 is the button
Seat 2: chekbetraise (560)
Seat 3: MathisKcr (340)
*** ANTE/BLINDS ***
MathisKcr posts small blind 15
chekbetraise posts big blind 30
Dealt to MathisKcr [Ah Ad]
*** PRE-FLOP *** 
MathisKcr calls 15
chekbetraise checks
*** FLOP *** [8s Qc 7s]
chekbetraise checks
MathisKcr bets 30
chekbetraise calls 30
*** TURN *** [8s Qc 7s][Kd]
chekbetraise checks
MathisKcr bets 60
chekbetraise folds
MathisKcr collected 180 from pot
*** SUMMARY ***
Total pot 180 | No rake
Board: [8s Qc 7s Kd]
Seat 3: MathisKcr (small blind) (button) won 180


Winamax Poker - Tournament "Expresso Nitro" buyIn: 0.46€ + 0.04€ level: 3 - HandId: #4485363788937166849-9-1767951923 - Holdem no limit (20/40) - 2026/01/09 09:45:23 UTC
Table: 'Expresso Nitro(1044330138)#0' 3-max (real money) Seat #2 is the button
Seat 2: chekbetraise (500)
Seat 3: MathisKcr (400)
*** ANTE/BLINDS ***
chekbetraise posts small blind 20
MathisKcr posts big blind 40
Dealt to MathisKcr [Ac 9c]
*** PRE-FLOP *** 
chekbetraise folds
MathisKcr collected 60 from pot
*** SUMMARY ***
Total pot 60 | No rake
Seat 3: MathisKcr (big blind) won 60


Winamax Poker - Tournament "Expresso Nitro" buyIn: 0.46€ + 0.04€ level: 3 - HandId: #4485363788937166849-10-1767951929 - Holdem no limit (20/40) - 2026/01/09 09:45:29 UTC
Table: 'Expresso Nitro(1044330138)#0' 3-max (real money) Seat #3 is the button
Seat 2: chekbetraise (480)
Seat 3: MathisKcr (420)
*** ANTE/BLINDS ***
MathisKcr posts small blind 20
chekbetraise posts big blind 40
Dealt to MathisKcr [7d 9d]
*** PRE-FLOP *** 
MathisKcr raises 40 to 80
chekbetraise raises 400 to 480 and is all-in
MathisKcr folds
chekbetraise collected 560 from pot
*** SUMMARY ***
Total pot 560 | No rake
Seat 2: chekbetraise (big blind) won 560


Winamax Poker - Tournament "Expresso Nitro" buyIn: 0.46€ + 0.04€ level: 3 - HandId: #4485363788937166849-11-1767951941 - Holdem no limit (20/40) - 2026/01/09 09:45:41 UTC
Table: 'Expresso Nitro(1044330138)#0' 3-max (real money) Seat #2 is the button
Seat 2: chekbetraise (560)
Seat 3: MathisKcr (340)
*** ANTE/BLINDS ***
chekbetraise posts small blind 20
MathisKcr posts big blind 40
Dealt to MathisKcr [5s 5d]
*** PRE-FLOP *** 
chekbetraise folds
MathisKcr collected 60 from pot
*** SUMMARY ***
Total pot 60 | No rake
Seat 3: MathisKcr (big blind) won 60


Winamax Poker - Tournament "Expresso Nitro" buyIn: 0.46€ + 0.04€ level: 3 - HandId: #4485363788937166849-12-1767951947 - Holdem no limit (20/40) - 2026/01/09 09:45:47 UTC
Table: 'Expresso Nitro(1044330138)#0' 3-max (real money) Seat #3 is the button
Seat 2: chekbetraise (540)
Seat 3: MathisKcr (360)
*** ANTE/BLINDS ***
MathisKcr posts small blind 20
chekbetraise posts big blind 40
Dealt to MathisKcr [Jd 8d]
*** PRE-FLOP *** 
MathisKcr raises 320 to 360 and is all-in
chekbetraise folds
MathisKcr collected 400 from pot
*** SUMMARY ***
Total pot 400 | No rake
Seat 3: MathisKcr (small blind) (button) won 400


Winamax Poker - Tournament "Expresso Nitro" buyIn: 0.46€ + 0.04€ level: 3 - HandId: #4485363788937166849-13-1767951957 - Holdem no limit (20/40) - 2026/01/09 09:45:57 UTC
Table: 'Expresso Nitro(1044330138)#0' 3-max (real money) Seat #2 is the button
Seat 2: chekbetraise (500)
Seat 3: MathisKcr (400)
*** ANTE/BLINDS ***
chekbetraise posts small blind 20
MathisKcr posts big blind 40
Dealt to MathisKcr [5s 4s]
*** PRE-FLOP *** 
chekbetraise folds
MathisKcr collected 60 from pot
*** SUMMARY ***
Total pot 60 | No rake
Seat 3: MathisKcr (big blind) won 60


Winamax Poker - Tournament "Expresso Nitro" buyIn: 0.46€ + 0.04€ level: 3 - HandId: #4485363788937166849-14-1767951962 - Holdem no limit (20/40) - 2026/01/09 09:46:02 UTC
Table: 'Expresso Nitro(1044330138)#0' 3-max (real money) Seat #3 is the button
Seat 2: chekbetraise (480)
Seat 3: MathisKcr (420)
*** ANTE/BLINDS ***
MathisKcr posts small blind 20
chekbetraise posts big blind 40
Dealt to MathisKcr [8d 8c]
*** PRE-FLOP *** 
MathisKcr raises 380 to 420 and is all-in
chekbetraise folds
MathisKcr collected 460 from pot
*** SUMMARY ***
Total pot 460 | No rake
Seat 3: MathisKcr (small blind) (button) won 460


Winamax Poker - Tournament "Expresso Nitro" buyIn: 0.46€ + 0.04€ level: 4 - HandId: #4485363788937166849-15-1767951972 - Holdem no limit (30/60) - 2026/01/09 09:46:12 UTC
Table: 'Expresso Nitro(1044330138)#0' 3-max (real money) Seat #2 is the button
Seat 2: chekbetraise (440)
Seat 3: MathisKcr (460)
*** ANTE/BLINDS ***
chekbetraise posts small blind 30
MathisKcr posts big blind 60
Dealt to MathisKcr [Qh 2s]
*** PRE-FLOP *** 
chekbetraise raises 380 to 440 and is all-in
MathisKcr folds
chekbetraise collected 500 from pot
*** SUMMARY ***
Total pot 500 | No rake
Seat 2: chekbetraise (small blind) (button) won 500


Winamax Poker - Tournament "Expresso Nitro" buyIn: 0.46€ + 0.04€ level: 4 - HandId: #4485363788937166849-16-1767951980 - Holdem no limit (30/60) - 2026/01/09 09:46:20 UTC
Table: 'Expresso Nitro(1044330138)#0' 3-max (real money) Seat #3 is the button
Seat 2: chekbetraise (500)
Seat 3: MathisKcr (400)
*** ANTE/BLINDS ***
MathisKcr posts small blind 30
chekbetraise posts big blind 60
Dealt to MathisKcr [2c Ad]
*** PRE-FLOP *** 
MathisKcr raises 60 to 120
chekbetraise folds
MathisKcr collected 180 from pot
*** SUMMARY ***
Total pot 180 | No rake
Seat 3: MathisKcr (small blind) (button) won 180


Winamax Poker - Tournament "Expresso Nitro" buyIn: 0.46€ + 0.04€ level: 4 - HandId: #4485363788937166849-17-1767951989 - Holdem no limit (30/60) - 2026/01/09 09:46:29 UTC
Table: 'Expresso Nitro(1044330138)#0' 3-max (real money) Seat #2 is the button
Seat 2: chekbetraise (440)
Seat 3: MathisKcr (460)
*** ANTE/BLINDS ***
chekbetraise posts small blind 30
MathisKcr posts big blind 60
Dealt to MathisKcr [Jc 3s]
*** PRE-FLOP *** 
chekbetraise raises 380 to 440 and is all-in
MathisKcr folds
chekbetraise collected 500 from pot
*** SUMMARY ***
Total pot 500 | No rake
Seat 2: chekbetraise (small blind) (button) won 500


Winamax Poker - Tournament "Expresso Nitro" buyIn: 0.46€ + 0.04€ level: 4 - HandId: #4485363788937166849-18-1767951996 - Holdem no limit (30/60) - 2026/01/09 09:46:36 UTC
Table: 'Expresso Nitro(1044330138)#0' 3-max (real money) Seat #3 is the button
Seat 2: chekbetraise (500)
Seat 3: MathisKcr (400)
*** ANTE/BLINDS ***
MathisKcr posts small blind 30
chekbetraise posts big blind 60
Dealt to MathisKcr [7s Th]
*** PRE-FLOP *** 
MathisKcr raises 60 to 120
chekbetraise raises 380 to 500 and is all-in
MathisKcr folds
chekbetraise collected 620 from pot
*** SUMMARY ***
Total pot 620 | No rake
Seat 2: chekbetraise (big blind) won 620


Winamax Poker - Tournament "Expresso Nitro" buyIn: 0.46€ + 0.04€ level: 4 - HandId: #4485363788937166849-19-1767952005 - Holdem no limit (30/60) - 2026/01/09 09:46:45 UTC
Table: 'Expresso Nitro(1044330138)#0' 3-max (real money) Seat #2 is the button
Seat 2: chekbetraise (620)
Seat 3: MathisKcr (280)
*** ANTE/BLINDS ***
chekbetraise posts small blind 30
MathisKcr posts big blind 60
Dealt to MathisKcr [4d Kc]
*** PRE-FLOP *** 
chekbetraise folds
MathisKcr collected 90 from pot
*** SUMMARY ***
Total pot 90 | No rake
Seat 3: MathisKcr (big blind) won 90


Winamax Poker - Tournament "Expresso Nitro" buyIn: 0.46€ + 0.04€ level: 4 - HandId: #4485363788937166849-20-1767952014 - Holdem no limit (30/60) - 2026/01/09 09:46:54 UTC
Table: 'Expresso Nitro(1044330138)#0' 3-max (real money) Seat #3 is the button
Seat 2: chekbetraise (590)
Seat 3: MathisKcr (310)
*** ANTE/BLINDS ***
MathisKcr posts small blind 30
chekbetraise posts big blind 60
Dealt to MathisKcr [5s Ad]
*** PRE-FLOP *** 
MathisKcr raises 250 to 310 and is all-in
chekbetraise calls 250
*** FLOP *** [Kd 8c 7h]
*** TURN *** [Kd 8c 7h][Jh]
*** RIVER *** [Kd 8c 7h Jh][6s]
*** SHOW DOWN ***
MathisKcr shows [5s Ad] (High card : Ace)
chekbetraise shows [Js Tc] (One pair : Jacks)
chekbetraise collected 620 from pot
*** SUMMARY ***
Total pot 620 | No rake
Board: [Kd 8c 7h Jh 6s]
Seat 2: chekbetraise (big blind) showed [Js Tc] and won 620 with One pair : Jacks
Seat 3: MathisKcr (small blind) (button) showed [5s Ad] and lost with High card : Ace


