Winamax Poker - Tournament "Expresso Nitro" buyIn: 0.93€ + 0.07€ level: 1 - HandId: #4613651094814326785-1-1772868891 - Holdem no limit (10/20) - 2026/03/07 07:34:51 UTC
Table: 'Expresso Nitro(1074199354)#0' 3-max (real money) Seat #1 is the button
Seat 1: AKOIBON (300)
Seat 2: MathisKcr (300)
Seat 3: Gluant Fou38 (300)
*** ANTE/BLINDS ***
MathisKcr posts small blind 10
Gluant Fou38 posts big blind 20
Dealt to MathisKcr [2d 2c]
*** PRE-FLOP *** 
AKOIBON raises 280 to 300 and is all-in
MathisKcr calls 290 and is all-in
Gluant Fou38 folds
*** FLOP *** [Qd Kh 5c]
*** TURN *** [Qd Kh 5c][5d]
*** RIVER *** [Qd Kh 5c 5d][7d]
*** SHOW DOWN ***
AKOIBON shows [Td Ac] (One pair : 5)
MathisKcr shows [2d 2c] (Two pairs : 5 and 2)
MathisKcr collected 620 from pot
*** SUMMARY ***
Total pot 620 | No rake
Board: [Qd Kh 5c 5d 7d]
Seat 1: AKOIBON (button) showed [Td Ac] and lost with One pair : 5
Seat 2: MathisKcr (small blind) showed [2d 2c] and won 620 with Two pairs : 5 and 2


Winamax Poker - Tournament "Expresso Nitro" buyIn: 0.93€ + 0.07€ level: 1 - HandId: #4613651094814326785-2-1772868907 - Holdem no limit (10/20) - 2026/03/07 07:35:07 UTC
Table: 'Expresso Nitro(1074199354)#0' 3-max (real money) Seat #3 is the button
Seat 2: MathisKcr (620)
Seat 3: Gluant Fou38 (280)
*** ANTE/BLINDS ***
Gluant Fou38 posts small blind 10
MathisKcr posts big blind 20
Dealt to MathisKcr [9d 5h]
*** PRE-FLOP *** 
Gluant Fou38 calls 10
MathisKcr checks
*** FLOP *** [6s 8s 2h]
MathisKcr checks
Gluant Fou38 checks
*** TURN *** [6s 8s 2h][4c]
MathisKcr checks
Gluant Fou38 checks
*** RIVER *** [6s 8s 2h 4c][6h]
MathisKcr checks
Gluant Fou38 checks
*** SHOW DOWN ***
MathisKcr shows [9d 5h] (One pair : 6)
Gluant Fou38 shows [Js Qs] (One pair : 6)
Gluant Fou38 collected 40 from pot
*** SUMMARY ***
Total pot 40 | No rake
Board: [6s 8s 2h 4c 6h]
Seat 2: MathisKcr (big blind) showed [9d 5h] and lost with One pair : 6
Seat 3: Gluant Fou38 (small blind) (button) showed [Js Qs] and won 40 with One pair : 6


Winamax Poker - Tournament "Expresso Nitro" buyIn: 0.93€ + 0.07€ level: 1 - HandId: #4613651094814326785-3-1772868924 - Holdem no limit (10/20) - 2026/03/07 07:35:24 UTC
Table: 'Expresso Nitro(1074199354)#0' 3-max (real money) Seat #2 is the button
Seat 2: MathisKcr (600)
Seat 3: Gluant Fou38 (300)
*** ANTE/BLINDS ***
MathisKcr posts small blind 10
Gluant Fou38 posts big blind 20
Dealt to MathisKcr [8c Kc]
*** PRE-FLOP *** 
MathisKcr raises 40 to 60
Gluant Fou38 raises 240 to 300 and is all-in
MathisKcr folds
Gluant Fou38 collected 360 from pot
*** SUMMARY ***
Total pot 360 | No rake
Seat 3: Gluant Fou38 (big blind) won 360


Winamax Poker - Tournament "Expresso Nitro" buyIn: 0.93€ + 0.07€ level: 1 - HandId: #4613651094814326785-4-1772868935 - Holdem no limit (10/20) - 2026/03/07 07:35:35 UTC
Table: 'Expresso Nitro(1074199354)#0' 3-max (real money) Seat #3 is the button
Seat 2: MathisKcr (540)
Seat 3: Gluant Fou38 (360)
*** ANTE/BLINDS ***
Gluant Fou38 posts small blind 10
MathisKcr posts big blind 20
Dealt to MathisKcr [5h 6d]
*** PRE-FLOP *** 
Gluant Fou38 calls 10
MathisKcr checks
*** FLOP *** [7c 7h 5c]
MathisKcr bets 20
Gluant Fou38 folds
MathisKcr collected 60 from pot
*** SUMMARY ***
Total pot 60 | No rake
Board: [7c 7h 5c]
Seat 2: MathisKcr (big blind) won 60


Winamax Poker - Tournament "Expresso Nitro" buyIn: 0.93€ + 0.07€ level: 2 - HandId: #4613651094814326785-5-1772868949 - Holdem no limit (15/30) - 2026/03/07 07:35:49 UTC
Table: 'Expresso Nitro(1074199354)#0' 3-max (real money) Seat #2 is the button
Seat 2: MathisKcr (560)
Seat 3: Gluant Fou38 (340)
*** ANTE/BLINDS ***
MathisKcr posts small blind 15
Gluant Fou38 posts big blind 30
Dealt to MathisKcr [8d 8s]
*** PRE-FLOP *** 
MathisKcr raises 530 to 560 and is all-in
Gluant Fou38 folds
MathisKcr collected 590 from pot
*** SUMMARY ***
Total pot 590 | No rake
Seat 2: MathisKcr (small blind) (button) won 590


Winamax Poker - Tournament "Expresso Nitro" buyIn: 0.93€ + 0.07€ level: 2 - HandId: #4613651094814326785-6-1772868963 - Holdem no limit (15/30) - 2026/03/07 07:36:03 UTC
Table: 'Expresso Nitro(1074199354)#0' 3-max (real money) Seat #3 is the button
Seat 2: MathisKcr (590)
Seat 3: Gluant Fou38 (310)
*** ANTE/BLINDS ***
Gluant Fou38 posts small blind 15
MathisKcr posts big blind 30
Dealt to MathisKcr [Qh Js]
*** PRE-FLOP *** 
Gluant Fou38 calls 15
MathisKcr raises 30 to 60
Gluant Fou38 calls 30
*** FLOP *** [8c 9c 7c]
MathisKcr bets 42
Gluant Fou38 calls 42
*** TURN *** [8c 9c 7c][Qs]
MathisKcr bets 102
Gluant Fou38 raises 106 to 208 and is all-in
MathisKcr calls 106
*** RIVER *** [8c 9c 7c Qs][3d]
*** SHOW DOWN ***
Gluant Fou38 shows [Ah 9d] (One pair : 9)
MathisKcr shows [Qh Js] (One pair : Queens)
MathisKcr collected 620 from pot
*** SUMMARY ***
Total pot 620 | No rake
Board: [8c 9c 7c Qs 3d]
Seat 2: MathisKcr (big blind) showed [Qh Js] and won 620 with One pair : Queens
Seat 3: Gluant Fou38 (small blind) (button) showed [Ah 9d] and lost with One pair : 9


