Winamax Poker - Tournament "Expresso Nitro" buyIn: 0.93€ + 0.07€ level: 1 - HandId: #4614529677619363841-1-1772906295 - Holdem no limit (10/20) - 2026/03/07 17:58:15 UTC
Table: 'Expresso Nitro(1074403915)#0' 3-max (real money) Seat #3 is the button
Seat 1: cirius61 (300)
Seat 2: CorreKaminos (300)
Seat 3: MathisKcr (300)
*** ANTE/BLINDS ***
cirius61 posts small blind 10
CorreKaminos posts big blind 20
Dealt to MathisKcr [Ah 4c]
*** PRE-FLOP *** 
MathisKcr raises 40 to 60
cirius61 calls 50
CorreKaminos raises 240 to 300 and is all-in
MathisKcr folds
cirius61 calls 240 and is all-in
*** FLOP *** [7s 8c 8d]
*** TURN *** [7s 8c 8d][3h]
*** RIVER *** [7s 8c 8d 3h][6c]
*** SHOW DOWN ***
CorreKaminos shows [Ad Kc] (One pair : 8)
cirius61 shows [9h 7h] (Two pairs : 8 and 7)
cirius61 collected 660 from pot
*** SUMMARY ***
Total pot 660 | No rake
Board: [7s 8c 8d 3h 6c]
Seat 1: cirius61 (small blind) showed [9h 7h] and won 660 with Two pairs : 8 and 7
Seat 2: CorreKaminos (big blind) showed [Ad Kc] and lost with One pair : 8


Winamax Poker - Tournament "Expresso Nitro" buyIn: 0.93€ + 0.07€ level: 1 - HandId: #4614529677619363841-2-1772906314 - Holdem no limit (10/20) - 2026/03/07 17:58:34 UTC
Table: 'Expresso Nitro(1074403915)#0' 3-max (real money) Seat #3 is the button
Seat 1: cirius61 (660)
Seat 3: MathisKcr (240)
*** ANTE/BLINDS ***
MathisKcr posts small blind 10
cirius61 posts big blind 20
Dealt to MathisKcr [4s As]
*** PRE-FLOP *** 
MathisKcr raises 220 to 240 and is all-in
cirius61 folds
MathisKcr collected 260 from pot
*** SUMMARY ***
Total pot 260 | No rake
Seat 3: MathisKcr (small blind) (button) won 260


Winamax Poker - Tournament "Expresso Nitro" buyIn: 0.93€ + 0.07€ level: 1 - HandId: #4614529677619363841-3-1772906321 - Holdem no limit (10/20) - 2026/03/07 17:58:41 UTC
Table: 'Expresso Nitro(1074403915)#0' 3-max (real money) Seat #1 is the button
Seat 1: cirius61 (640)
Seat 3: MathisKcr (260)
*** ANTE/BLINDS ***
cirius61 posts small blind 10
MathisKcr posts big blind 20
Dealt to MathisKcr [2c Jd]
*** PRE-FLOP *** 
cirius61 folds
MathisKcr collected 30 from pot
*** SUMMARY ***
Total pot 30 | No rake
Seat 3: MathisKcr (big blind) won 30


Winamax Poker - Tournament "Expresso Nitro" buyIn: 0.93€ + 0.07€ level: 1 - HandId: #4614529677619363841-4-1772906327 - Holdem no limit (10/20) - 2026/03/07 17:58:47 UTC
Table: 'Expresso Nitro(1074403915)#0' 3-max (real money) Seat #3 is the button
Seat 1: cirius61 (630)
Seat 3: MathisKcr (270)
*** ANTE/BLINDS ***
MathisKcr posts small blind 10
cirius61 posts big blind 20
Dealt to MathisKcr [Kh 8h]
*** PRE-FLOP *** 
MathisKcr raises 250 to 270 and is all-in
cirius61 folds
MathisKcr collected 290 from pot
*** SUMMARY ***
Total pot 290 | No rake
Seat 3: MathisKcr (small blind) (button) won 290


Winamax Poker - Tournament "Expresso Nitro" buyIn: 0.93€ + 0.07€ level: 1 - HandId: #4614529677619363841-5-1772906334 - Holdem no limit (10/20) - 2026/03/07 17:58:54 UTC
Table: 'Expresso Nitro(1074403915)#0' 3-max (real money) Seat #1 is the button
Seat 1: cirius61 (610)
Seat 3: MathisKcr (290)
*** ANTE/BLINDS ***
cirius61 posts small blind 10
MathisKcr posts big blind 20
Dealt to MathisKcr [6c Ts]
*** PRE-FLOP *** 
cirius61 raises 40 to 60
MathisKcr folds
cirius61 collected 80 from pot
*** SUMMARY ***
Total pot 80 | No rake
Seat 1: cirius61 (small blind) (button) won 80


Winamax Poker - Tournament "Expresso Nitro" buyIn: 0.93€ + 0.07€ level: 1 - HandId: #4614529677619363841-6-1772906340 - Holdem no limit (10/20) - 2026/03/07 17:59:00 UTC
Table: 'Expresso Nitro(1074403915)#0' 3-max (real money) Seat #3 is the button
Seat 1: cirius61 (630)
Seat 3: MathisKcr (270)
*** ANTE/BLINDS ***
MathisKcr posts small blind 10
cirius61 posts big blind 20
Dealt to MathisKcr [2c 4s]
*** PRE-FLOP *** 
MathisKcr folds
cirius61 collected 30 from pot
*** SUMMARY ***
Total pot 30 | No rake
Seat 1: cirius61 (big blind) won 30


Winamax Poker - Tournament "Expresso Nitro" buyIn: 0.93€ + 0.07€ level: 1 - HandId: #4614529677619363841-7-1772906344 - Holdem no limit (10/20) - 2026/03/07 17:59:04 UTC
Table: 'Expresso Nitro(1074403915)#0' 3-max (real money) Seat #1 is the button
Seat 1: cirius61 (640)
Seat 3: MathisKcr (260)
*** ANTE/BLINDS ***
cirius61 posts small blind 10
MathisKcr posts big blind 20
Dealt to MathisKcr [2c Qd]
*** PRE-FLOP *** 
cirius61 raises 20 to 40
MathisKcr calls 20
*** FLOP *** [Ah 5d Kh]
MathisKcr checks
cirius61 bets 80
MathisKcr folds
cirius61 collected 160 from pot
*** SUMMARY ***
Total pot 160 | No rake
Board: [Ah 5d Kh]
Seat 1: cirius61 (small blind) (button) won 160


Winamax Poker - Tournament "Expresso Nitro" buyIn: 0.93€ + 0.07€ level: 2 - HandId: #4614529677619363841-8-1772906356 - Holdem no limit (15/30) - 2026/03/07 17:59:16 UTC
Table: 'Expresso Nitro(1074403915)#0' 3-max (real money) Seat #3 is the button
Seat 1: cirius61 (680)
Seat 3: MathisKcr (220)
*** ANTE/BLINDS ***
MathisKcr posts small blind 15
cirius61 posts big blind 30
Dealt to MathisKcr [3c 7d]
*** PRE-FLOP *** 
MathisKcr folds
cirius61 collected 45 from pot
*** SUMMARY ***
Total pot 45 | No rake
Seat 1: cirius61 (big blind) won 45


Winamax Poker - Tournament "Expresso Nitro" buyIn: 0.93€ + 0.07€ level: 2 - HandId: #4614529677619363841-9-1772906361 - Holdem no limit (15/30) - 2026/03/07 17:59:21 UTC
Table: 'Expresso Nitro(1074403915)#0' 3-max (real money) Seat #1 is the button
Seat 1: cirius61 (695)
Seat 3: MathisKcr (205)
*** ANTE/BLINDS ***
cirius61 posts small blind 15
MathisKcr posts big blind 30
Dealt to MathisKcr [4s 8c]
*** PRE-FLOP *** 
cirius61 calls 15
MathisKcr checks
*** FLOP *** [Qc 2h 3s]
MathisKcr checks
cirius61 bets 60
MathisKcr folds
cirius61 collected 120 from pot
*** SUMMARY ***
Total pot 120 | No rake
Board: [Qc 2h 3s]
Seat 1: cirius61 (small blind) (button) won 120


Winamax Poker - Tournament "Expresso Nitro" buyIn: 0.93€ + 0.07€ level: 2 - HandId: #4614529677619363841-10-1772906371 - Holdem no limit (15/30) - 2026/03/07 17:59:31 UTC
Table: 'Expresso Nitro(1074403915)#0' 3-max (real money) Seat #3 is the button
Seat 1: cirius61 (725)
Seat 3: MathisKcr (175)
*** ANTE/BLINDS ***
MathisKcr posts small blind 15
cirius61 posts big blind 30
Dealt to MathisKcr [Ad Ah]
*** PRE-FLOP *** 
MathisKcr calls 15
cirius61 raises 60 to 90
MathisKcr calls 60
*** FLOP *** [8h 9s 5h]
cirius61 bets 180
MathisKcr calls 85 and is all-in
*** TURN *** [8h 9s 5h][2h]
*** RIVER *** [8h 9s 5h 2h][Ts]
*** SHOW DOWN ***
cirius61 shows [Kh Jd] (High card : King)
MathisKcr shows [Ad Ah] (One pair : Aces)
MathisKcr collected 350 from main pot
cirius61 collected 95 from side pot 1
*** SUMMARY ***
Total pot 445 | No rake
Board: [8h 9s 5h 2h Ts]
Seat 1: cirius61 (big blind) showed [Kh Jd] and won 95 with High card : King
Seat 3: MathisKcr (small blind) (button) showed [Ad Ah] and won 350 with One pair : Aces


Winamax Poker - Tournament "Expresso Nitro" buyIn: 0.93€ + 0.07€ level: 2 - HandId: #4614529677619363841-11-1772906387 - Holdem no limit (15/30) - 2026/03/07 17:59:47 UTC
Table: 'Expresso Nitro(1074403915)#0' 3-max (real money) Seat #1 is the button
Seat 1: cirius61 (550)
Seat 3: MathisKcr (350)
*** ANTE/BLINDS ***
cirius61 posts small blind 15
MathisKcr posts big blind 30
Dealt to MathisKcr [5c 7s]
*** PRE-FLOP *** 
cirius61 calls 15
MathisKcr checks
*** FLOP *** [Ts 8h Kd]
MathisKcr checks
cirius61 bets 60
MathisKcr folds
cirius61 collected 120 from pot
*** SUMMARY ***
Total pot 120 | No rake
Board: [Ts 8h Kd]
Seat 1: cirius61 (small blind) (button) won 120


Winamax Poker - Tournament "Expresso Nitro" buyIn: 0.93€ + 0.07€ level: 3 - HandId: #4614529677619363841-12-1772906413 - Holdem no limit (20/40) - 2026/03/07 18:00:13 UTC
Table: 'Expresso Nitro(1074403915)#0' 3-max (real money) Seat #3 is the button
Seat 1: cirius61 (580)
Seat 3: MathisKcr (320)
*** ANTE/BLINDS ***
MathisKcr posts small blind 20
cirius61 posts big blind 40
Dealt to MathisKcr [9d Td]
*** PRE-FLOP *** 
MathisKcr raises 280 to 320 and is all-in
cirius61 folds
MathisKcr collected 360 from pot
*** SUMMARY ***
Total pot 360 | No rake
Seat 3: MathisKcr (small blind) (button) won 360


Winamax Poker - Tournament "Expresso Nitro" buyIn: 0.93€ + 0.07€ level: 3 - HandId: #4614529677619363841-13-1772906420 - Holdem no limit (20/40) - 2026/03/07 18:00:20 UTC
Table: 'Expresso Nitro(1074403915)#0' 3-max (real money) Seat #1 is the button
Seat 1: cirius61 (540)
Seat 3: MathisKcr (360)
*** ANTE/BLINDS ***
cirius61 posts small blind 20
MathisKcr posts big blind 40
Dealt to MathisKcr [6s 4c]
*** PRE-FLOP *** 
cirius61 calls 20
MathisKcr checks
*** FLOP *** [6d 2h 9h]
MathisKcr bets 320 and is all-in
cirius61 calls 320
*** TURN *** [6d 2h 9h][As]
*** RIVER *** [6d 2h 9h As][7s]
*** SHOW DOWN ***
MathisKcr shows [6s 4c] (One pair : 6)
cirius61 shows [9d Js] (One pair : 9)
cirius61 collected 720 from pot
*** SUMMARY ***
Total pot 720 | No rake
Board: [6d 2h 9h As 7s]
Seat 1: cirius61 (small blind) (button) showed [9d Js] and won 720 with One pair : 9
Seat 3: MathisKcr (big blind) showed [6s 4c] and lost with One pair : 6


