Winamax Poker - Tournament "Expresso Nitro" buyIn: 0.93€ + 0.07€ level: 1 - HandId: #4650444155493810177-1-1774095809 - Holdem no limit (10/20) - 2026/03/21 12:23:29 UTC
Table: 'Expresso Nitro(1082765906)#0' 3-max (real money) Seat #3 is the button
Seat 1: MathisKcr (300)
Seat 2: pail76760 (300)
Seat 3: onepeace25 (300)
*** ANTE/BLINDS ***
MathisKcr posts small blind 10
pail76760 posts big blind 20
Dealt to MathisKcr [Kc 5c]
*** PRE-FLOP *** 
onepeace25 calls 20
MathisKcr calls 10
pail76760 checks
*** FLOP *** [3s Js 5h]
MathisKcr checks
pail76760 checks
onepeace25 bets 21
MathisKcr calls 21
pail76760 folds
*** TURN *** [3s Js 5h][3c]
MathisKcr checks
onepeace25 bets 36
MathisKcr calls 36
*** RIVER *** [3s Js 5h 3c][Ks]
MathisKcr bets 113
onepeace25 raises 110 to 223 and is all-in
MathisKcr calls 110 and is all-in
*** SHOW DOWN ***
MathisKcr shows [Kc 5c] (Two pairs : Kings and 5)
onepeace25 shows [Kh Jc] (Two pairs : Kings and Jacks)
onepeace25 collected 620 from pot
*** SUMMARY ***
Total pot 620 | No rake
Board: [3s Js 5h 3c Ks]
Seat 1: MathisKcr (small blind) showed [Kc 5c] and lost with Two pairs : Kings and 5
Seat 3: onepeace25 (button) showed [Kh Jc] and won 620 with Two pairs : Kings and Jacks


