Winamax Poker - Tournament "Expresso Nitro" buyIn: 0.93€ + 0.07€ level: 1 - HandId: #4584323348720254977-1-1771668360 - Holdem no limit (10/20) - 2026/02/21 10:06:00 UTC
Table: 'Expresso Nitro(1067370956)#0' 3-max (real money) Seat #3 is the button
Seat 1: Cbes (300)
Seat 2: MathisKcr (300)
Seat 3: BArbe_R0usse (300)
*** ANTE/BLINDS ***
Cbes posts small blind 10
MathisKcr posts big blind 20
Dealt to MathisKcr [2h 9d]
*** PRE-FLOP *** 
BArbe_R0usse raises 20 to 40
Cbes calls 30
MathisKcr folds
*** FLOP *** [Ah As Qh]
Cbes checks
BArbe_R0usse checks
*** TURN *** [Ah As Qh][3s]
Cbes checks
BArbe_R0usse bets 30
Cbes folds
BArbe_R0usse collected 130 from pot
*** SUMMARY ***
Total pot 130 | No rake
Board: [Ah As Qh 3s]
Seat 3: BArbe_R0usse (button) won 130


Winamax Poker - Tournament "Expresso Nitro" buyIn: 0.93€ + 0.07€ level: 2 - HandId: #4584323348720254977-2-1771668422 - Holdem no limit (15/30) - 2026/02/21 10:07:02 UTC
Table: 'Expresso Nitro(1067370956)#0' 3-max (real money) Seat #1 is the button
Seat 1: Cbes (260)
Seat 2: MathisKcr (280)
Seat 3: BArbe_R0usse (360)
*** ANTE/BLINDS ***
MathisKcr posts small blind 15
BArbe_R0usse posts big blind 30
Dealt to MathisKcr [3c Ah]
*** PRE-FLOP *** 
Cbes folds
MathisKcr raises 30 to 60
BArbe_R0usse calls 30
*** FLOP *** [5d Qs Td]
MathisKcr checks
BArbe_R0usse bets 300 and is all-in
MathisKcr folds
BArbe_R0usse collected 420 from pot
*** SUMMARY ***
Total pot 420 | No rake
Board: [5d Qs Td]
Seat 3: BArbe_R0usse (big blind) won 420


Winamax Poker - Tournament "Expresso Nitro" buyIn: 0.93€ + 0.07€ level: 3 - HandId: #4584323348720254977-4-1771668529 - Holdem no limit (20/40) - 2026/02/21 10:08:49 UTC
Table: 'Expresso Nitro(1067370956)#0' 3-max (real money) Seat #3 is the button
Seat 1: Cbes (280)
Seat 2: MathisKcr (220)
Seat 3: BArbe_R0usse (400)
*** ANTE/BLINDS ***
Cbes posts small blind 20
MathisKcr posts big blind 40
Dealt to MathisKcr [Kd Th]
*** PRE-FLOP *** 
BArbe_R0usse folds
Cbes folds
MathisKcr collected 60 from pot
*** SUMMARY ***
Total pot 60 | No rake
Seat 2: MathisKcr (big blind) won 60


Winamax Poker - Tournament "Expresso Nitro" buyIn: 0.93€ + 0.07€ level: 3 - HandId: #4584323348720254977-5-1771668536 - Holdem no limit (20/40) - 2026/02/21 10:08:56 UTC
Table: 'Expresso Nitro(1067370956)#0' 3-max (real money) Seat #1 is the button
Seat 1: Cbes (260)
Seat 2: MathisKcr (240)
Seat 3: BArbe_R0usse (400)
*** ANTE/BLINDS ***
MathisKcr posts small blind 20
BArbe_R0usse posts big blind 40
Dealt to MathisKcr [7c Js]
*** PRE-FLOP *** 
Cbes folds
MathisKcr raises 40 to 80
BArbe_R0usse calls 40
*** FLOP *** [9h 3d Tc]
MathisKcr bets 160 and is all-in
BArbe_R0usse calls 160
*** TURN *** [9h 3d Tc][3s]
*** RIVER *** [9h 3d Tc 3s][Kd]
*** SHOW DOWN ***
MathisKcr shows [7c Js] (One pair : 3)
BArbe_R0usse shows [Ks Jh] (Two pairs : Kings and 3)
BArbe_R0usse collected 480 from pot
*** SUMMARY ***
Total pot 480 | No rake
Board: [9h 3d Tc 3s Kd]
Seat 2: MathisKcr (small blind) showed [7c Js] and lost with One pair : 3
Seat 3: BArbe_R0usse (big blind) showed [Ks Jh] and won 480 with Two pairs : Kings and 3


