Winamax Poker - Tournament "Expresso Nitro" buyIn: 0.93€ + 0.07€ level: 1 - HandId: #4698441905380261889-1-1775914483 - Holdem no limit (10/20) - 2026/04/11 13:34:43 UTC
Table: 'Expresso Nitro(1093941253)#0' 3-max (real money) Seat #3 is the button
Seat 1: franco765 (300)
Seat 2: Giggs1509 (300)
Seat 3: MathisKcr (300)
*** ANTE/BLINDS ***
franco765 posts small blind 10
Giggs1509 posts big blind 20
Dealt to MathisKcr [7h 6h]
*** PRE-FLOP *** 
MathisKcr raises 20 to 40
franco765 calls 30
Giggs1509 calls 20
*** FLOP *** [4d Ah 9s]
franco765 bets 260 and is all-in
Giggs1509 folds
MathisKcr folds
franco765 collected 380 from pot
*** SUMMARY ***
Total pot 380 | No rake
Board: [4d Ah 9s]
Seat 1: franco765 (small blind) won 380


Winamax Poker - Tournament "Expresso Nitro" buyIn: 0.93€ + 0.07€ level: 1 - HandId: #4698441905380261889-2-1775914498 - Holdem no limit (10/20) - 2026/04/11 13:34:58 UTC
Table: 'Expresso Nitro(1093941253)#0' 3-max (real money) Seat #1 is the button
Seat 1: franco765 (380)
Seat 2: Giggs1509 (260)
Seat 3: MathisKcr (260)
*** ANTE/BLINDS ***
Giggs1509 posts small blind 10
MathisKcr posts big blind 20
Dealt to MathisKcr [8h Qs]
*** PRE-FLOP *** 
franco765 folds
Giggs1509 folds
MathisKcr collected 30 from pot
*** SUMMARY ***
Total pot 30 | No rake
Seat 3: MathisKcr (big blind) won 30


Winamax Poker - Tournament "Expresso Nitro" buyIn: 0.93€ + 0.07€ level: 1 - HandId: #4698441905380261889-3-1775914503 - Holdem no limit (10/20) - 2026/04/11 13:35:03 UTC
Table: 'Expresso Nitro(1093941253)#0' 3-max (real money) Seat #2 is the button
Seat 1: franco765 (380)
Seat 2: Giggs1509 (250)
Seat 3: MathisKcr (270)
*** ANTE/BLINDS ***
MathisKcr posts small blind 10
franco765 posts big blind 20
Dealt to MathisKcr [4c 9c]
*** PRE-FLOP *** 
Giggs1509 raises 50 to 70
MathisKcr folds
franco765 calls 50
*** FLOP *** [2s Qh 7c]
franco765 checks
Giggs1509 checks
*** TURN *** [2s Qh 7c][7h]
franco765 checks
Giggs1509 bets 98
franco765 folds
Giggs1509 collected 248 from pot
*** SUMMARY ***
Total pot 248 | No rake
Board: [2s Qh 7c 7h]
Seat 2: Giggs1509 (button) won 248


Winamax Poker - Tournament "Expresso Nitro" buyIn: 0.93€ + 0.07€ level: 1 - HandId: #4698441905380261889-4-1775914523 - Holdem no limit (10/20) - 2026/04/11 13:35:23 UTC
Table: 'Expresso Nitro(1093941253)#0' 3-max (real money) Seat #3 is the button
Seat 1: franco765 (310)
Seat 2: Giggs1509 (330)
Seat 3: MathisKcr (260)
*** ANTE/BLINDS ***
franco765 posts small blind 10
Giggs1509 posts big blind 20
Dealt to MathisKcr [6d Qc]
*** PRE-FLOP *** 
MathisKcr raises 20 to 40
franco765 folds
Giggs1509 folds
MathisKcr collected 70 from pot
*** SUMMARY ***
Total pot 70 | No rake
Seat 3: MathisKcr (button) won 70


Winamax Poker - Tournament "Expresso Nitro" buyIn: 0.93€ + 0.07€ level: 1 - HandId: #4698441905380261889-5-1775914533 - Holdem no limit (10/20) - 2026/04/11 13:35:33 UTC
Table: 'Expresso Nitro(1093941253)#0' 3-max (real money) Seat #1 is the button
Seat 1: franco765 (300)
Seat 2: Giggs1509 (310)
Seat 3: MathisKcr (290)
*** ANTE/BLINDS ***
Giggs1509 posts small blind 10
MathisKcr posts big blind 20
Dealt to MathisKcr [9s Ac]
*** PRE-FLOP *** 
franco765 folds
Giggs1509 folds
MathisKcr collected 30 from pot
*** SUMMARY ***
Total pot 30 | No rake
Seat 3: MathisKcr (big blind) won 30


Winamax Poker - Tournament "Expresso Nitro" buyIn: 0.93€ + 0.07€ level: 1 - HandId: #4698441905380261889-6-1775914538 - Holdem no limit (10/20) - 2026/04/11 13:35:38 UTC
Table: 'Expresso Nitro(1093941253)#0' 3-max (real money) Seat #2 is the button
Seat 1: franco765 (300)
Seat 2: Giggs1509 (300)
Seat 3: MathisKcr (300)
*** ANTE/BLINDS ***
MathisKcr posts small blind 10
franco765 posts big blind 20
Dealt to MathisKcr [Qs 4c]
*** PRE-FLOP *** 
Giggs1509 folds
MathisKcr raises 280 to 300 and is all-in
franco765 folds
MathisKcr collected 320 from pot
*** SUMMARY ***
Total pot 320 | No rake
Seat 3: MathisKcr (small blind) won 320


Winamax Poker - Tournament "Expresso Nitro" buyIn: 0.93€ + 0.07€ level: 2 - HandId: #4698441905380261889-7-1775914546 - Holdem no limit (15/30) - 2026/04/11 13:35:46 UTC
Table: 'Expresso Nitro(1093941253)#0' 3-max (real money) Seat #3 is the button
Seat 1: franco765 (280)
Seat 2: Giggs1509 (300)
Seat 3: MathisKcr (320)
*** ANTE/BLINDS ***
franco765 posts small blind 15
Giggs1509 posts big blind 30
Dealt to MathisKcr [Tc Th]
*** PRE-FLOP *** 
MathisKcr raises 30 to 60
franco765 folds
Giggs1509 folds
MathisKcr collected 105 from pot
*** SUMMARY ***
Total pot 105 | No rake
Seat 3: MathisKcr (button) won 105


Winamax Poker - Tournament "Expresso Nitro" buyIn: 0.93€ + 0.07€ level: 2 - HandId: #4698441905380261889-8-1775914559 - Holdem no limit (15/30) - 2026/04/11 13:35:59 UTC
Table: 'Expresso Nitro(1093941253)#0' 3-max (real money) Seat #1 is the button
Seat 1: franco765 (265)
Seat 2: Giggs1509 (270)
Seat 3: MathisKcr (365)
*** ANTE/BLINDS ***
Giggs1509 posts small blind 15
MathisKcr posts big blind 30
Dealt to MathisKcr [2h 5h]
*** PRE-FLOP *** 
franco765 folds
Giggs1509 raises 30 to 60
MathisKcr folds
Giggs1509 collected 90 from pot
*** SUMMARY ***
Total pot 90 | No rake
Seat 2: Giggs1509 (small blind) won 90


Winamax Poker - Tournament "Expresso Nitro" buyIn: 0.93€ + 0.07€ level: 2 - HandId: #4698441905380261889-9-1775914568 - Holdem no limit (15/30) - 2026/04/11 13:36:08 UTC
Table: 'Expresso Nitro(1093941253)#0' 3-max (real money) Seat #2 is the button
Seat 1: franco765 (265)
Seat 2: Giggs1509 (300)
Seat 3: MathisKcr (335)
*** ANTE/BLINDS ***
MathisKcr posts small blind 15
franco765 posts big blind 30
Dealt to MathisKcr [Tc 7d]
*** PRE-FLOP *** 
Giggs1509 folds
MathisKcr folds
franco765 collected 45 from pot
*** SUMMARY ***
Total pot 45 | No rake
Seat 1: franco765 (big blind) won 45


Winamax Poker - Tournament "Expresso Nitro" buyIn: 0.93€ + 0.07€ level: 2 - HandId: #4698441905380261889-10-1775914574 - Holdem no limit (15/30) - 2026/04/11 13:36:14 UTC
Table: 'Expresso Nitro(1093941253)#0' 3-max (real money) Seat #3 is the button
Seat 1: franco765 (280)
Seat 2: Giggs1509 (300)
Seat 3: MathisKcr (320)
*** ANTE/BLINDS ***
franco765 posts small blind 15
Giggs1509 posts big blind 30
Dealt to MathisKcr [Jc 4s]
*** PRE-FLOP *** 
MathisKcr folds
franco765 calls 15
Giggs1509 checks
*** FLOP *** [8c 9h 7s]
franco765 checks
Giggs1509 checks
*** TURN *** [8c 9h 7s][3s]
franco765 checks
Giggs1509 bets 39
franco765 calls 39
*** RIVER *** [8c 9h 7s 3s][Tc]
franco765 checks
Giggs1509 checks
*** SHOW DOWN ***
Giggs1509 shows [Qs 7h] (One pair : 7)
franco765 shows [Kd Td] (One pair : Tens)
franco765 collected 138 from pot
*** SUMMARY ***
Total pot 138 | No rake
Board: [8c 9h 7s 3s Tc]
Seat 1: franco765 (small blind) showed [Kd Td] and won 138 with One pair : Tens
Seat 2: Giggs1509 (big blind) showed [Qs 7h] and lost with One pair : 7


Winamax Poker - Tournament "Expresso Nitro" buyIn: 0.93€ + 0.07€ level: 2 - HandId: #4698441905380261889-11-1775914589 - Holdem no limit (15/30) - 2026/04/11 13:36:29 UTC
Table: 'Expresso Nitro(1093941253)#0' 3-max (real money) Seat #1 is the button
Seat 1: franco765 (349)
Seat 2: Giggs1509 (231)
Seat 3: MathisKcr (320)
*** ANTE/BLINDS ***
Giggs1509 posts small blind 15
MathisKcr posts big blind 30
Dealt to MathisKcr [Th 5h]
*** PRE-FLOP *** 
franco765 calls 30
Giggs1509 folds
MathisKcr checks
*** FLOP *** [Jc 8s Tc]
MathisKcr bets 49
franco765 raises 49 to 98
MathisKcr calls 49
*** TURN *** [Jc 8s Tc][Qs]
MathisKcr checks
franco765 checks
*** RIVER *** [Jc 8s Tc Qs][Ac]
MathisKcr checks
franco765 bets 95
MathisKcr folds
franco765 collected 366 from pot
*** SUMMARY ***
Total pot 366 | No rake
Board: [Jc 8s Tc Qs Ac]
Seat 1: franco765 (button) won 366


Winamax Poker - Tournament "Expresso Nitro" buyIn: 0.93€ + 0.07€ level: 3 - HandId: #4698441905380261889-12-1775914629 - Holdem no limit (20/40) - 2026/04/11 13:37:09 UTC
Table: 'Expresso Nitro(1093941253)#0' 3-max (real money) Seat #2 is the button
Seat 1: franco765 (492)
Seat 2: Giggs1509 (216)
Seat 3: MathisKcr (192)
*** ANTE/BLINDS ***
MathisKcr posts small blind 20
franco765 posts big blind 40
Dealt to MathisKcr [8d 3d]
*** PRE-FLOP *** 
Giggs1509 raises 100 to 140
MathisKcr folds
franco765 folds
Giggs1509 collected 200 from pot
*** SUMMARY ***
Total pot 200 | No rake
Seat 2: Giggs1509 (button) won 200


Winamax Poker - Tournament "Expresso Nitro" buyIn: 0.93€ + 0.07€ level: 3 - HandId: #4698441905380261889-13-1775914635 - Holdem no limit (20/40) - 2026/04/11 13:37:15 UTC
Table: 'Expresso Nitro(1093941253)#0' 3-max (real money) Seat #3 is the button
Seat 1: franco765 (452)
Seat 2: Giggs1509 (276)
Seat 3: MathisKcr (172)
*** ANTE/BLINDS ***
franco765 posts small blind 20
Giggs1509 posts big blind 40
Dealt to MathisKcr [5s Ac]
*** PRE-FLOP *** 
MathisKcr raises 132 to 172 and is all-in
franco765 calls 152
Giggs1509 folds
*** FLOP *** [5h 9h Jd]
*** TURN *** [5h 9h Jd][Qd]
*** RIVER *** [5h 9h Jd Qd][3s]
*** SHOW DOWN ***
MathisKcr shows [5s Ac] (One pair : 5)
franco765 shows [Kd Qh] (One pair : Queens)
franco765 collected 384 from pot
*** SUMMARY ***
Total pot 384 | No rake
Board: [5h 9h Jd Qd 3s]
Seat 1: franco765 (small blind) showed [Kd Qh] and won 384 with One pair : Queens
Seat 3: MathisKcr (button) showed [5s Ac] and lost with One pair : 5


