Winamax Poker - Tournament "Expresso Nitro" buyIn: 0.93€ + 0.07€ level: 1 - HandId: #4667187200734003201-1-1774734652 - Holdem no limit (10/20) - 2026/03/28 21:50:52 UTC
Table: 'Expresso Nitro(1086664200)#0' 3-max (real money) Seat #3 is the button
Seat 1: MathisKcr (300)
Seat 2: Sojebo78 (300)
Seat 3: La-SquaLance (300)
*** ANTE/BLINDS ***
MathisKcr posts small blind 10
Sojebo78 posts big blind 20
Dealt to MathisKcr [8s 3s]
*** PRE-FLOP *** 
La-SquaLance folds
MathisKcr folds
Sojebo78 collected 30 from pot
*** SUMMARY ***
Total pot 30 | No rake
Seat 2: Sojebo78 (big blind) won 30


Winamax Poker - Tournament "Expresso Nitro" buyIn: 0.93€ + 0.07€ level: 1 - HandId: #4667187200734003201-2-1774734661 - Holdem no limit (10/20) - 2026/03/28 21:51:01 UTC
Table: 'Expresso Nitro(1086664200)#0' 3-max (real money) Seat #1 is the button
Seat 1: MathisKcr (290)
Seat 2: Sojebo78 (310)
Seat 3: La-SquaLance (300)
*** ANTE/BLINDS ***
Sojebo78 posts small blind 10
La-SquaLance posts big blind 20
Dealt to MathisKcr [Kd Th]
*** PRE-FLOP *** 
MathisKcr raises 20 to 40
Sojebo78 calls 30
La-SquaLance folds
*** FLOP *** [8h 6c 4h]
Sojebo78 checks
MathisKcr checks
*** TURN *** [8h 6c 4h][Qs]
Sojebo78 checks
MathisKcr bets 35
Sojebo78 calls 35
*** RIVER *** [8h 6c 4h Qs][8d]
Sojebo78 checks
MathisKcr bets 85
Sojebo78 folds
MathisKcr collected 255 from pot
*** SUMMARY ***
Total pot 255 | No rake
Board: [8h 6c 4h Qs 8d]
Seat 1: MathisKcr (button) won 255


Winamax Poker - Tournament "Expresso Nitro" buyIn: 0.93€ + 0.07€ level: 2 - HandId: #4667187200734003201-3-1774734713 - Holdem no limit (15/30) - 2026/03/28 21:51:53 UTC
Table: 'Expresso Nitro(1086664200)#0' 3-max (real money) Seat #2 is the button
Seat 1: MathisKcr (385)
Seat 2: Sojebo78 (235)
Seat 3: La-SquaLance (280)
*** ANTE/BLINDS ***
La-SquaLance posts small blind 15
MathisKcr posts big blind 30
Dealt to MathisKcr [5h 7s]
*** PRE-FLOP *** 
Sojebo78 calls 30
La-SquaLance calls 15
MathisKcr checks
*** FLOP *** [Kc 7d Ks]
La-SquaLance checks
MathisKcr bets 60
Sojebo78 folds
La-SquaLance folds
MathisKcr collected 150 from pot
*** SUMMARY ***
Total pot 150 | No rake
Board: [Kc 7d Ks]
Seat 1: MathisKcr (big blind) won 150


Winamax Poker - Tournament "Expresso Nitro" buyIn: 0.93€ + 0.07€ level: 2 - HandId: #4667187200734003201-4-1774734761 - Holdem no limit (15/30) - 2026/03/28 21:52:41 UTC
Table: 'Expresso Nitro(1086664200)#0' 3-max (real money) Seat #3 is the button
Seat 1: MathisKcr (445)
Seat 2: Sojebo78 (205)
Seat 3: La-SquaLance (250)
*** ANTE/BLINDS ***
MathisKcr posts small blind 15
Sojebo78 posts big blind 30
Dealt to MathisKcr [8h 6d]
*** PRE-FLOP *** 
La-SquaLance raises 75 to 105
MathisKcr folds
Sojebo78 folds
La-SquaLance collected 150 from pot
*** SUMMARY ***
Total pot 150 | No rake
Seat 3: La-SquaLance (button) won 150


Winamax Poker - Tournament "Expresso Nitro" buyIn: 0.93€ + 0.07€ level: 3 - HandId: #4667187200734003201-5-1774734781 - Holdem no limit (20/40) - 2026/03/28 21:53:01 UTC
Table: 'Expresso Nitro(1086664200)#0' 3-max (real money) Seat #1 is the button
Seat 1: MathisKcr (430)
Seat 2: Sojebo78 (175)
Seat 3: La-SquaLance (295)
*** ANTE/BLINDS ***
Sojebo78 posts small blind 20
La-SquaLance posts big blind 40
Dealt to MathisKcr [5d 6s]
*** PRE-FLOP *** 
MathisKcr folds
Sojebo78 calls 20
La-SquaLance raises 80 to 120
Sojebo78 folds
La-SquaLance collected 160 from pot
*** SUMMARY ***
Total pot 160 | No rake
Seat 3: La-SquaLance (big blind) won 160


Winamax Poker - Tournament "Expresso Nitro" buyIn: 0.93€ + 0.07€ level: 3 - HandId: #4667187200734003201-6-1774734793 - Holdem no limit (20/40) - 2026/03/28 21:53:13 UTC
Table: 'Expresso Nitro(1086664200)#0' 3-max (real money) Seat #2 is the button
Seat 1: MathisKcr (430)
Seat 2: Sojebo78 (135)
Seat 3: La-SquaLance (335)
*** ANTE/BLINDS ***
La-SquaLance posts small blind 20
MathisKcr posts big blind 40
Dealt to MathisKcr [9d 5s]
*** PRE-FLOP *** 
Sojebo78 raises 95 to 135 and is all-in
La-SquaLance folds
MathisKcr folds
Sojebo78 collected 195 from pot
*** SUMMARY ***
Total pot 195 | No rake
Seat 2: Sojebo78 (button) won 195


Winamax Poker - Tournament "Expresso Nitro" buyIn: 0.93€ + 0.07€ level: 3 - HandId: #4667187200734003201-7-1774734806 - Holdem no limit (20/40) - 2026/03/28 21:53:26 UTC
Table: 'Expresso Nitro(1086664200)#0' 3-max (real money) Seat #3 is the button
Seat 1: MathisKcr (390)
Seat 2: Sojebo78 (195)
Seat 3: La-SquaLance (315)
*** ANTE/BLINDS ***
MathisKcr posts small blind 20
Sojebo78 posts big blind 40
Dealt to MathisKcr [2c 2d]
*** PRE-FLOP *** 
La-SquaLance calls 40
MathisKcr raises 350 to 390 and is all-in
Sojebo78 folds
La-SquaLance calls 275 and is all-in
*** FLOP *** [9s Ac 3s]
*** TURN *** [9s Ac 3s][Ts]
*** RIVER *** [9s Ac 3s Ts][Th]
*** SHOW DOWN ***
La-SquaLance shows [Kc 7s] (One pair : Tens)
MathisKcr shows [2c 2d] (Two pairs : Tens and 2)
MathisKcr collected 745 from pot
*** SUMMARY ***
Total pot 745 | No rake
Board: [9s Ac 3s Ts Th]
Seat 1: MathisKcr (small blind) showed [2c 2d] and won 745 with Two pairs : Tens and 2
Seat 3: La-SquaLance (button) showed [Kc 7s] and lost with One pair : Tens


Winamax Poker - Tournament "Expresso Nitro" buyIn: 0.93€ + 0.07€ level: 4 - HandId: #4667187200734003201-8-1774734837 - Holdem no limit (30/60) - 2026/03/28 21:53:57 UTC
Table: 'Expresso Nitro(1086664200)#0' 3-max (real money) Seat #2 is the button
Seat 1: MathisKcr (745)
Seat 2: Sojebo78 (155)
*** ANTE/BLINDS ***
Sojebo78 posts small blind 30
MathisKcr posts big blind 60
Dealt to MathisKcr [9s 8h]
*** PRE-FLOP *** 
Sojebo78 raises 95 to 155 and is all-in
MathisKcr calls 95
*** FLOP *** [6c Ac 5h]
*** TURN *** [6c Ac 5h][4d]
*** RIVER *** [6c Ac 5h 4d][Tc]
*** SHOW DOWN ***
MathisKcr shows [9s 8h] (High card : Ace)
Sojebo78 shows [4c Ah] (Two pairs : Aces and 4)
Sojebo78 collected 310 from pot
*** SUMMARY ***
Total pot 310 | No rake
Board: [6c Ac 5h 4d Tc]
Seat 1: MathisKcr (big blind) showed [9s 8h] and lost with High card : Ace
Seat 2: Sojebo78 (small blind) (button) showed [4c Ah] and won 310 with Two pairs : Aces and 4


Winamax Poker - Tournament "Expresso Nitro" buyIn: 0.93€ + 0.07€ level: 4 - HandId: #4667187200734003201-9-1774734856 - Holdem no limit (30/60) - 2026/03/28 21:54:16 UTC
Table: 'Expresso Nitro(1086664200)#0' 3-max (real money) Seat #1 is the button
Seat 1: MathisKcr (590)
Seat 2: Sojebo78 (310)
*** ANTE/BLINDS ***
MathisKcr posts small blind 30
Sojebo78 posts big blind 60
Dealt to MathisKcr [4c 7d]
*** PRE-FLOP *** 
MathisKcr folds
Sojebo78 collected 90 from pot
*** SUMMARY ***
Total pot 90 | No rake
Seat 2: Sojebo78 (big blind) won 90


Winamax Poker - Tournament "Expresso Nitro" buyIn: 0.93€ + 0.07€ level: 4 - HandId: #4667187200734003201-10-1774734862 - Holdem no limit (30/60) - 2026/03/28 21:54:22 UTC
Table: 'Expresso Nitro(1086664200)#0' 3-max (real money) Seat #2 is the button
Seat 1: MathisKcr (560)
Seat 2: Sojebo78 (340)
*** ANTE/BLINDS ***
Sojebo78 posts small blind 30
MathisKcr posts big blind 60
Dealt to MathisKcr [2c Jh]
*** PRE-FLOP *** 
Sojebo78 raises 280 to 340 and is all-in
MathisKcr folds
Sojebo78 collected 400 from pot
*** SUMMARY ***
Total pot 400 | No rake
Seat 2: Sojebo78 (small blind) (button) won 400


Winamax Poker - Tournament "Expresso Nitro" buyIn: 0.93€ + 0.07€ level: 4 - HandId: #4667187200734003201-11-1774734867 - Holdem no limit (30/60) - 2026/03/28 21:54:27 UTC
Table: 'Expresso Nitro(1086664200)#0' 3-max (real money) Seat #1 is the button
Seat 1: MathisKcr (500)
Seat 2: Sojebo78 (400)
*** ANTE/BLINDS ***
MathisKcr posts small blind 30
Sojebo78 posts big blind 60
Dealt to MathisKcr [7c Jd]
*** PRE-FLOP *** 
MathisKcr raises 440 to 500 and is all-in
Sojebo78 calls 340 and is all-in
*** FLOP *** [Jc As Kh]
*** TURN *** [Jc As Kh][8h]
*** RIVER *** [Jc As Kh 8h][5s]
*** SHOW DOWN ***
MathisKcr shows [7c Jd] (One pair : Jacks)
Sojebo78 shows [Ad Ks] (Two pairs : Aces and Kings)
Sojebo78 collected 800 from main pot
MathisKcr collected 100 from side pot 1
*** SUMMARY ***
Total pot 900 | No rake
Board: [Jc As Kh 8h 5s]
Seat 1: MathisKcr (small blind) (button) showed [7c Jd] and won 100 with One pair : Jacks
Seat 2: Sojebo78 (big blind) showed [Ad Ks] and won 800 with Two pairs : Aces and Kings


Winamax Poker - Tournament "Expresso Nitro" buyIn: 0.93€ + 0.07€ level: 4 - HandId: #4667187200734003201-12-1774734879 - Holdem no limit (30/60) - 2026/03/28 21:54:39 UTC
Table: 'Expresso Nitro(1086664200)#0' 3-max (real money) Seat #2 is the button
Seat 1: MathisKcr (100)
Seat 2: Sojebo78 (800)
*** ANTE/BLINDS ***
Sojebo78 posts small blind 30
MathisKcr posts big blind 60
Dealt to MathisKcr [5s Kd]
*** PRE-FLOP *** 
Sojebo78 raises 740 to 800 and is all-in
MathisKcr calls 40 and is all-in
*** FLOP *** [Kh 2c 8s]
*** TURN *** [Kh 2c 8s][9s]
*** RIVER *** [Kh 2c 8s 9s][7c]
*** SHOW DOWN ***
MathisKcr shows [5s Kd] (One pair : Kings)
Sojebo78 shows [4c 9h] (One pair : 9)
Sojebo78 collected 700 from side pot 1
MathisKcr collected 200 from main pot
*** SUMMARY ***
Total pot 900 | No rake
Board: [Kh 2c 8s 9s 7c]
Seat 1: MathisKcr (big blind) showed [5s Kd] and won 200 with One pair : Kings
Seat 2: Sojebo78 (small blind) (button) showed [4c 9h] and won 700 with One pair : 9


Winamax Poker - Tournament "Expresso Nitro" buyIn: 0.93€ + 0.07€ level: 5 - HandId: #4667187200734003201-13-1774734899 - Holdem no limit (40/80) - 2026/03/28 21:54:59 UTC
Table: 'Expresso Nitro(1086664200)#0' 3-max (real money) Seat #1 is the button
Seat 1: MathisKcr (200)
Seat 2: Sojebo78 (700)
*** ANTE/BLINDS ***
MathisKcr posts small blind 40
Sojebo78 posts big blind 80
Dealt to MathisKcr [8h 9s]
*** PRE-FLOP *** 
MathisKcr folds
Sojebo78 collected 120 from pot
*** SUMMARY ***
Total pot 120 | No rake
Seat 2: Sojebo78 (big blind) won 120


Winamax Poker - Tournament "Expresso Nitro" buyIn: 0.93€ + 0.07€ level: 5 - HandId: #4667187200734003201-14-1774734904 - Holdem no limit (40/80) - 2026/03/28 21:55:04 UTC
Table: 'Expresso Nitro(1086664200)#0' 3-max (real money) Seat #2 is the button
Seat 1: MathisKcr (160)
Seat 2: Sojebo78 (740)
*** ANTE/BLINDS ***
Sojebo78 posts small blind 40
MathisKcr posts big blind 80
Dealt to MathisKcr [Qd Qs]
*** PRE-FLOP *** 
Sojebo78 raises 660 to 740 and is all-in
MathisKcr calls 80 and is all-in
*** FLOP *** [2s Qc 9s]
*** TURN *** [2s Qc 9s][4c]
*** RIVER *** [2s Qc 9s 4c][Ah]
*** SHOW DOWN ***
MathisKcr shows [Qd Qs] (Trips of Queens)
Sojebo78 shows [Ac 3c] (One pair : Aces)
Sojebo78 collected 580 from side pot 1
MathisKcr collected 320 from main pot
*** SUMMARY ***
Total pot 900 | No rake
Board: [2s Qc 9s 4c Ah]
Seat 1: MathisKcr (big blind) showed [Qd Qs] and won 320 with Trips of Queens
Seat 2: Sojebo78 (small blind) (button) showed [Ac 3c] and won 580 with One pair : Aces


Winamax Poker - Tournament "Expresso Nitro" buyIn: 0.93€ + 0.07€ level: 5 - HandId: #4667187200734003201-15-1774734915 - Holdem no limit (40/80) - 2026/03/28 21:55:15 UTC
Table: 'Expresso Nitro(1086664200)#0' 3-max (real money) Seat #1 is the button
Seat 1: MathisKcr (320)
Seat 2: Sojebo78 (580)
*** ANTE/BLINDS ***
MathisKcr posts small blind 40
Sojebo78 posts big blind 80
Dealt to MathisKcr [Qs 9h]
*** PRE-FLOP *** 
MathisKcr raises 240 to 320 and is all-in
Sojebo78 folds
MathisKcr collected 400 from pot
*** SUMMARY ***
Total pot 400 | No rake
Seat 1: MathisKcr (small blind) (button) won 400


Winamax Poker - Tournament "Expresso Nitro" buyIn: 0.93€ + 0.07€ level: 5 - HandId: #4667187200734003201-16-1774734921 - Holdem no limit (40/80) - 2026/03/28 21:55:21 UTC
Table: 'Expresso Nitro(1086664200)#0' 3-max (real money) Seat #2 is the button
Seat 1: MathisKcr (400)
Seat 2: Sojebo78 (500)
*** ANTE/BLINDS ***
Sojebo78 posts small blind 40
MathisKcr posts big blind 80
Dealt to MathisKcr [8h 5d]
*** PRE-FLOP *** 
Sojebo78 raises 420 to 500 and is all-in
MathisKcr folds
Sojebo78 collected 580 from pot
*** SUMMARY ***
Total pot 580 | No rake
Seat 2: Sojebo78 (small blind) (button) won 580


Winamax Poker - Tournament "Expresso Nitro" buyIn: 0.93€ + 0.07€ level: 5 - HandId: #4667187200734003201-17-1774734927 - Holdem no limit (40/80) - 2026/03/28 21:55:27 UTC
Table: 'Expresso Nitro(1086664200)#0' 3-max (real money) Seat #1 is the button
Seat 1: MathisKcr (320)
Seat 2: Sojebo78 (580)
*** ANTE/BLINDS ***
MathisKcr posts small blind 40
Sojebo78 posts big blind 80
Dealt to MathisKcr [Qd 5s]
*** PRE-FLOP *** 
MathisKcr raises 240 to 320 and is all-in
Sojebo78 raises 260 to 580 and is all-in
*** FLOP *** [Qh Jh Qs]
*** TURN *** [Qh Jh Qs][Qc]
*** RIVER *** [Qh Jh Qs Qc][3d]
*** SHOW DOWN ***
MathisKcr shows [Qd 5s] (Quads of Queens)
Sojebo78 shows [8s Ac] (Trips of Queens)
Sojebo78 collected 260 from side pot 1
MathisKcr collected 640 from main pot
*** SUMMARY ***
Total pot 900 | No rake
Board: [Qh Jh Qs Qc 3d]
Seat 1: MathisKcr (small blind) (button) showed [Qd 5s] and won 640 with Quads of Queens
Seat 2: Sojebo78 (big blind) showed [8s Ac] and won 260 with Trips of Queens


Winamax Poker - Tournament "Expresso Nitro" buyIn: 0.93€ + 0.07€ level: 5 - HandId: #4667187200734003201-18-1774734939 - Holdem no limit (40/80) - 2026/03/28 21:55:39 UTC
Table: 'Expresso Nitro(1086664200)#0' 3-max (real money) Seat #2 is the button
Seat 1: MathisKcr (640)
Seat 2: Sojebo78 (260)
*** ANTE/BLINDS ***
Sojebo78 posts small blind 40
MathisKcr posts big blind 80
Dealt to MathisKcr [9d 4s]
*** PRE-FLOP *** 
Sojebo78 raises 180 to 260 and is all-in
MathisKcr folds
Sojebo78 collected 340 from pot
*** SUMMARY ***
Total pot 340 | No rake
Seat 2: Sojebo78 (small blind) (button) won 340


Winamax Poker - Tournament "Expresso Nitro" buyIn: 0.93€ + 0.07€ level: 5 - HandId: #4667187200734003201-19-1774734944 - Holdem no limit (40/80) - 2026/03/28 21:55:44 UTC
Table: 'Expresso Nitro(1086664200)#0' 3-max (real money) Seat #1 is the button
Seat 1: MathisKcr (560)
Seat 2: Sojebo78 (340)
*** ANTE/BLINDS ***
MathisKcr posts small blind 40
Sojebo78 posts big blind 80
Dealt to MathisKcr [9s Qs]
*** PRE-FLOP *** 
MathisKcr raises 480 to 560 and is all-in
Sojebo78 folds
MathisKcr collected 640 from pot
*** SUMMARY ***
Total pot 640 | No rake
Seat 1: MathisKcr (small blind) (button) won 640


Winamax Poker - Tournament "Expresso Nitro" buyIn: 0.93€ + 0.07€ level: 6 - HandId: #4667187200734003201-20-1774734951 - Holdem no limit (50/100) - 2026/03/28 21:55:51 UTC
Table: 'Expresso Nitro(1086664200)#0' 3-max (real money) Seat #2 is the button
Seat 1: MathisKcr (640)
Seat 2: Sojebo78 (260)
*** ANTE/BLINDS ***
Sojebo78 posts small blind 50
MathisKcr posts big blind 100
Dealt to MathisKcr [9d Td]
*** PRE-FLOP *** 
Sojebo78 raises 160 to 260 and is all-in
MathisKcr calls 160
*** FLOP *** [Qh 9s Kc]
*** TURN *** [Qh 9s Kc][8c]
*** RIVER *** [Qh 9s Kc 8c][6c]
*** SHOW DOWN ***
Sojebo78 shows [5h Ah] (High card : Ace)
MathisKcr shows [9d Td] (One pair : 9)
MathisKcr collected 520 from pot
*** SUMMARY ***
Total pot 520 | No rake
Board: [Qh 9s Kc 8c 6c]
Seat 1: MathisKcr (big blind) showed [9d Td] and won 520 with One pair : 9
Seat 2: Sojebo78 (small blind) (button) showed [5h Ah] and lost with High card : Ace


