Winamax Poker - Tournament "Expresso Nitro" buyIn: 0.93€ + 0.07€ level: 1 - HandId: #4675628666896515073-1-1775066339 - Holdem no limit (10/20) - 2026/04/01 17:58:59 UTC
Table: 'Expresso Nitro(1088629632)#0' 3-max (real money) Seat #1 is the button
Seat 1: MathisKcr (300)
Seat 2: Lorina02 (300)
Seat 3: TECNI22 (300)
*** ANTE/BLINDS ***
Lorina02 posts small blind 10
TECNI22 posts big blind 20
Dealt to MathisKcr [5d 9d]
*** PRE-FLOP *** 
MathisKcr folds
Lorina02 calls 10
TECNI22 checks
*** FLOP *** [2d Kh Jc]
Lorina02 checks
TECNI22 bets 20
Lorina02 calls 20
*** TURN *** [2d Kh Jc][5c]
Lorina02 checks
TECNI22 checks
*** RIVER *** [2d Kh Jc 5c][9s]
Lorina02 checks
TECNI22 checks
*** SHOW DOWN ***
Lorina02 shows [Ah 6c] (High card : Ace)
TECNI22 shows [Ac 8h] (High card : Ace)
TECNI22 collected 80 from pot
*** SUMMARY ***
Total pot 80 | No rake
Board: [2d Kh Jc 5c 9s]
Seat 2: Lorina02 (small blind) showed [Ah 6c] and lost with High card : Ace
Seat 3: TECNI22 (big blind) showed [Ac 8h] and won 80 with High card : Ace


Winamax Poker - Tournament "Expresso Nitro" buyIn: 0.93€ + 0.07€ level: 1 - HandId: #4675628666896515073-2-1775066366 - Holdem no limit (10/20) - 2026/04/01 17:59:26 UTC
Table: 'Expresso Nitro(1088629632)#0' 3-max (real money) Seat #2 is the button
Seat 1: MathisKcr (300)
Seat 2: Lorina02 (260)
Seat 3: TECNI22 (340)
*** ANTE/BLINDS ***
TECNI22 posts small blind 10
MathisKcr posts big blind 20
Dealt to MathisKcr [Jd 7h]
*** PRE-FLOP *** 
Lorina02 folds
TECNI22 raises 40 to 60
MathisKcr calls 40
*** FLOP *** [8d Ac Ts]
TECNI22 bets 280 and is all-in
MathisKcr folds
TECNI22 collected 400 from pot
*** SUMMARY ***
Total pot 400 | No rake
Board: [8d Ac Ts]
Seat 3: TECNI22 (small blind) won 400


Winamax Poker - Tournament "Expresso Nitro" buyIn: 0.93€ + 0.07€ level: 1 - HandId: #4675628666896515073-3-1775066385 - Holdem no limit (10/20) - 2026/04/01 17:59:45 UTC
Table: 'Expresso Nitro(1088629632)#0' 3-max (real money) Seat #3 is the button
Seat 1: MathisKcr (240)
Seat 2: Lorina02 (260)
Seat 3: TECNI22 (400)
*** ANTE/BLINDS ***
MathisKcr posts small blind 10
Lorina02 posts big blind 20
Dealt to MathisKcr [2c 8s]
*** PRE-FLOP *** 
TECNI22 calls 20
MathisKcr folds
Lorina02 raises 50 to 70
TECNI22 calls 50
*** FLOP *** [Tc Jc 9d]
Lorina02 bets 150
TECNI22 raises 180 to 330 and is all-in
Lorina02 calls 40 and is all-in
*** TURN *** [Tc Jc 9d][5h]
*** RIVER *** [Tc Jc 9d 5h][6c]
*** SHOW DOWN ***
Lorina02 shows [Jd Qs] (One pair : Jacks)
TECNI22 shows [Th 9s] (Two pairs : Tens and 9)
TECNI22 collected 670 from pot
*** SUMMARY ***
Total pot 670 | No rake
Board: [Tc Jc 9d 5h 6c]
Seat 2: Lorina02 (big blind) showed [Jd Qs] and lost with One pair : Jacks
Seat 3: TECNI22 (button) showed [Th 9s] and won 670 with Two pairs : Tens and 9


Winamax Poker - Tournament "Expresso Nitro" buyIn: 0.93€ + 0.07€ level: 2 - HandId: #4675628666896515073-4-1775066414 - Holdem no limit (15/30) - 2026/04/01 18:00:14 UTC
Table: 'Expresso Nitro(1088629632)#0' 3-max (real money) Seat #3 is the button
Seat 1: MathisKcr (230)
Seat 3: TECNI22 (670)
*** ANTE/BLINDS ***
TECNI22 posts small blind 15
MathisKcr posts big blind 30
Dealt to MathisKcr [Td 2d]
*** PRE-FLOP *** 
TECNI22 raises 30 to 60
MathisKcr calls 30
*** FLOP *** [5h 5c 4c]
MathisKcr bets 42
TECNI22 folds
MathisKcr collected 162 from pot
*** SUMMARY ***
Total pot 162 | No rake
Board: [5h 5c 4c]
Seat 1: MathisKcr (big blind) won 162


Winamax Poker - Tournament "Expresso Nitro" buyIn: 0.93€ + 0.07€ level: 2 - HandId: #4675628666896515073-5-1775066425 - Holdem no limit (15/30) - 2026/04/01 18:00:25 UTC
Table: 'Expresso Nitro(1088629632)#0' 3-max (real money) Seat #1 is the button
Seat 1: MathisKcr (290)
Seat 3: TECNI22 (610)
*** ANTE/BLINDS ***
MathisKcr posts small blind 15
TECNI22 posts big blind 30
Dealt to MathisKcr [Jc 8d]
*** PRE-FLOP *** 
MathisKcr raises 260 to 290 and is all-in
TECNI22 folds
MathisKcr collected 320 from pot
*** SUMMARY ***
Total pot 320 | No rake
Seat 1: MathisKcr (small blind) (button) won 320


Winamax Poker - Tournament "Expresso Nitro" buyIn: 0.93€ + 0.07€ level: 2 - HandId: #4675628666896515073-6-1775066438 - Holdem no limit (15/30) - 2026/04/01 18:00:38 UTC
Table: 'Expresso Nitro(1088629632)#0' 3-max (real money) Seat #3 is the button
Seat 1: MathisKcr (320)
Seat 3: TECNI22 (580)
*** ANTE/BLINDS ***
TECNI22 posts small blind 15
MathisKcr posts big blind 30
Dealt to MathisKcr [8d 5c]
*** PRE-FLOP *** 
TECNI22 folds
MathisKcr collected 45 from pot
*** SUMMARY ***
Total pot 45 | No rake
Seat 1: MathisKcr (big blind) won 45


Winamax Poker - Tournament "Expresso Nitro" buyIn: 0.93€ + 0.07€ level: 2 - HandId: #4675628666896515073-7-1775066443 - Holdem no limit (15/30) - 2026/04/01 18:00:43 UTC
Table: 'Expresso Nitro(1088629632)#0' 3-max (real money) Seat #1 is the button
Seat 1: MathisKcr (335)
Seat 3: TECNI22 (565)
*** ANTE/BLINDS ***
MathisKcr posts small blind 15
TECNI22 posts big blind 30
Dealt to MathisKcr [8h 9s]
*** PRE-FLOP *** 
MathisKcr folds
TECNI22 collected 45 from pot
*** SUMMARY ***
Total pot 45 | No rake
Seat 3: TECNI22 (big blind) won 45


Winamax Poker - Tournament "Expresso Nitro" buyIn: 0.93€ + 0.07€ level: 2 - HandId: #4675628666896515073-8-1775066448 - Holdem no limit (15/30) - 2026/04/01 18:00:48 UTC
Table: 'Expresso Nitro(1088629632)#0' 3-max (real money) Seat #3 is the button
Seat 1: MathisKcr (320)
Seat 3: TECNI22 (580)
*** ANTE/BLINDS ***
TECNI22 posts small blind 15
MathisKcr posts big blind 30
Dealt to MathisKcr [5h 8s]
*** PRE-FLOP *** 
TECNI22 calls 15
MathisKcr checks
*** FLOP *** [9s Jd Ad]
MathisKcr checks
TECNI22 bets 30
MathisKcr folds
TECNI22 collected 90 from pot
*** SUMMARY ***
Total pot 90 | No rake
Board: [9s Jd Ad]
Seat 3: TECNI22 (small blind) (button) won 90


Winamax Poker - Tournament "Expresso Nitro" buyIn: 0.93€ + 0.07€ level: 3 - HandId: #4675628666896515073-9-1775066459 - Holdem no limit (20/40) - 2026/04/01 18:00:59 UTC
Table: 'Expresso Nitro(1088629632)#0' 3-max (real money) Seat #1 is the button
Seat 1: MathisKcr (290)
Seat 3: TECNI22 (610)
*** ANTE/BLINDS ***
MathisKcr posts small blind 20
TECNI22 posts big blind 40
Dealt to MathisKcr [As 8c]
*** PRE-FLOP *** 
MathisKcr raises 250 to 290 and is all-in
TECNI22 calls 250
*** FLOP *** [6c 7c 5s]
*** TURN *** [6c 7c 5s][3s]
*** RIVER *** [6c 7c 5s 3s][Td]
*** SHOW DOWN ***
TECNI22 shows [Qs 9s] (High card : Queen)
MathisKcr shows [As 8c] (High card : Ace)
MathisKcr collected 580 from pot
*** SUMMARY ***
Total pot 580 | No rake
Board: [6c 7c 5s 3s Td]
Seat 1: MathisKcr (small blind) (button) showed [As 8c] and won 580 with High card : Ace
Seat 3: TECNI22 (big blind) showed [Qs 9s] and lost with High card : Queen


Winamax Poker - Tournament "Expresso Nitro" buyIn: 0.93€ + 0.07€ level: 3 - HandId: #4675628666896515073-10-1775066473 - Holdem no limit (20/40) - 2026/04/01 18:01:13 UTC
Table: 'Expresso Nitro(1088629632)#0' 3-max (real money) Seat #3 is the button
Seat 1: MathisKcr (580)
Seat 3: TECNI22 (320)
*** ANTE/BLINDS ***
TECNI22 posts small blind 20
MathisKcr posts big blind 40
Dealt to MathisKcr [6d Th]
*** PRE-FLOP *** 
TECNI22 raises 280 to 320 and is all-in
MathisKcr folds
TECNI22 collected 360 from pot
*** SUMMARY ***
Total pot 360 | No rake
Seat 3: TECNI22 (small blind) (button) won 360


Winamax Poker - Tournament "Expresso Nitro" buyIn: 0.93€ + 0.07€ level: 3 - HandId: #4675628666896515073-11-1775066480 - Holdem no limit (20/40) - 2026/04/01 18:01:20 UTC
Table: 'Expresso Nitro(1088629632)#0' 3-max (real money) Seat #1 is the button
Seat 1: MathisKcr (540)
Seat 3: TECNI22 (360)
*** ANTE/BLINDS ***
MathisKcr posts small blind 20
TECNI22 posts big blind 40
Dealt to MathisKcr [Ad 4s]
*** PRE-FLOP *** 
MathisKcr raises 500 to 540 and is all-in
TECNI22 calls 320 and is all-in
*** FLOP *** [5h 2s 9d]
*** TURN *** [5h 2s 9d][7h]
*** RIVER *** [5h 2s 9d 7h][3d]
*** SHOW DOWN ***
MathisKcr shows [Ad 4s] (Straight 5 high)
TECNI22 shows [4c As] (Straight 5 high)
TECNI22 collected 360 from main pot
MathisKcr collected 540 from side pot 1
*** SUMMARY ***
Total pot 900 | No rake
Board: [5h 2s 9d 7h 3d]
Seat 1: MathisKcr (small blind) (button) showed [Ad 4s] and won 540 with Straight 5 high
Seat 3: TECNI22 (big blind) showed [4c As] and won 360 with Straight 5 high


Winamax Poker - Tournament "Expresso Nitro" buyIn: 0.93€ + 0.07€ level: 3 - HandId: #4675628666896515073-12-1775066493 - Holdem no limit (20/40) - 2026/04/01 18:01:33 UTC
Table: 'Expresso Nitro(1088629632)#0' 3-max (real money) Seat #3 is the button
Seat 1: MathisKcr (540)
Seat 3: TECNI22 (360)
*** ANTE/BLINDS ***
TECNI22 posts small blind 20
MathisKcr posts big blind 40
Dealt to MathisKcr [As Ac]
*** PRE-FLOP *** 
TECNI22 raises 40 to 80
MathisKcr raises 460 to 540 and is all-in
TECNI22 calls 280 and is all-in
*** FLOP *** [5c 9s 4h]
*** TURN *** [5c 9s 4h][7h]
*** RIVER *** [5c 9s 4h 7h][3s]
*** SHOW DOWN ***
TECNI22 shows [Jd Jh] (One pair : Jacks)
MathisKcr shows [As Ac] (One pair : Aces)
MathisKcr collected 900 from pot
*** SUMMARY ***
Total pot 900 | No rake
Board: [5c 9s 4h 7h 3s]
Seat 1: MathisKcr (big blind) showed [As Ac] and won 900 with One pair : Aces
Seat 3: TECNI22 (small blind) (button) showed [Jd Jh] and lost with One pair : Jacks


