Winamax Poker - Tournament "Expresso" buyIn: 1.86€ + 0.14€ level: 1 - HandId: #4609709972693975041-1-1772713441 - Holdem no limit (10/20) - 2026/03/05 12:24:01 UTC
Table: 'Expresso(1073281740)#0' 3-max (real money) Seat #1 is the button
Seat 1: Nath3452 (500)
Seat 2: MathisKcr (500)
Seat 3: chouxbixdu80 (500)
*** ANTE/BLINDS ***
MathisKcr posts small blind 10
chouxbixdu80 posts big blind 20
Dealt to MathisKcr [4d 3c]
*** PRE-FLOP *** 
Nath3452 raises 20 to 40
MathisKcr folds
chouxbixdu80 calls 20
*** FLOP *** [9d 2c 4s]
chouxbixdu80 bets 31
Nath3452 calls 31
*** TURN *** [9d 2c 4s][4h]
chouxbixdu80 bets 53
Nath3452 raises 376 to 429 and is all-in
chouxbixdu80 folds
Nath3452 collected 634 from pot
*** SUMMARY ***
Total pot 634 | No rake
Board: [9d 2c 4s 4h]
Seat 1: Nath3452 (button) won 634


Winamax Poker - Tournament "Expresso" buyIn: 1.86€ + 0.14€ level: 1 - HandId: #4609709972693975041-2-1772713473 - Holdem no limit (10/20) - 2026/03/05 12:24:33 UTC
Table: 'Expresso(1073281740)#0' 3-max (real money) Seat #2 is the button
Seat 1: Nath3452 (634)
Seat 2: MathisKcr (490)
Seat 3: chouxbixdu80 (376)
*** ANTE/BLINDS ***
chouxbixdu80 posts small blind 10
Nath3452 posts big blind 20
Dealt to MathisKcr [9c 4s]
*** PRE-FLOP *** 
MathisKcr folds
chouxbixdu80 calls 10
Nath3452 checks
*** FLOP *** [Ad 2c Jh]
chouxbixdu80 checks
Nath3452 checks
*** TURN *** [Ad 2c Jh][Kd]
chouxbixdu80 bets 40
Nath3452 calls 40
*** RIVER *** [Ad 2c Jh Kd][Qc]
chouxbixdu80 bets 316 and is all-in
Nath3452 folds
chouxbixdu80 collected 436 from pot
*** SUMMARY ***
Total pot 436 | No rake
Board: [Ad 2c Jh Kd Qc]
Seat 3: chouxbixdu80 (small blind) won 436


Winamax Poker - Tournament "Expresso" buyIn: 1.86€ + 0.14€ level: 1 - HandId: #4609709972693975041-3-1772713502 - Holdem no limit (10/20) - 2026/03/05 12:25:02 UTC
Table: 'Expresso(1073281740)#0' 3-max (real money) Seat #3 is the button
Seat 1: Nath3452 (574)
Seat 2: MathisKcr (490)
Seat 3: chouxbixdu80 (436)
*** ANTE/BLINDS ***
Nath3452 posts small blind 10
MathisKcr posts big blind 20
Dealt to MathisKcr [5c Qc]
*** PRE-FLOP *** 
chouxbixdu80 calls 20
Nath3452 folds
MathisKcr checks
*** FLOP *** [As Ks 4h]
MathisKcr checks
chouxbixdu80 bets 33
MathisKcr folds
chouxbixdu80 collected 83 from pot
*** SUMMARY ***
Total pot 83 | No rake
Board: [As Ks 4h]
Seat 3: chouxbixdu80 (button) won 83


Winamax Poker - Tournament "Expresso" buyIn: 1.86€ + 0.14€ level: 1 - HandId: #4609709972693975041-4-1772713518 - Holdem no limit (10/20) - 2026/03/05 12:25:18 UTC
Table: 'Expresso(1073281740)#0' 3-max (real money) Seat #1 is the button
Seat 1: Nath3452 (564)
Seat 2: MathisKcr (470)
Seat 3: chouxbixdu80 (466)
*** ANTE/BLINDS ***
MathisKcr posts small blind 10
chouxbixdu80 posts big blind 20
Dealt to MathisKcr [Qh 2d]
*** PRE-FLOP *** 
Nath3452 calls 20
MathisKcr folds
chouxbixdu80 checks
*** FLOP *** [9d Ah 3c]
chouxbixdu80 bets 33
Nath3452 calls 33
*** TURN *** [9d Ah 3c][Kc]
chouxbixdu80 bets 116
Nath3452 calls 116
*** RIVER *** [9d Ah 3c Kc][4s]
chouxbixdu80 bets 122
Nath3452 calls 122
*** SHOW DOWN ***
chouxbixdu80 shows [2h 4h] (One pair : 4)
Nath3452 shows [6d As] (One pair : Aces)
Nath3452 collected 592 from pot
*** SUMMARY ***
Total pot 592 | No rake
Board: [9d Ah 3c Kc 4s]
Seat 1: Nath3452 (button) showed [6d As] and won 592 with One pair : Aces
Seat 3: chouxbixdu80 (big blind) showed [2h 4h] and lost with One pair : 4


Winamax Poker - Tournament "Expresso" buyIn: 1.86€ + 0.14€ level: 2 - HandId: #4609709972693975041-5-1772713549 - Holdem no limit (15/30) - 2026/03/05 12:25:49 UTC
Table: 'Expresso(1073281740)#0' 3-max (real money) Seat #2 is the button
Seat 1: Nath3452 (865)
Seat 2: MathisKcr (460)
Seat 3: chouxbixdu80 (175)
*** ANTE/BLINDS ***
chouxbixdu80 posts small blind 15
Nath3452 posts big blind 30
Dealt to MathisKcr [8h Kc]
*** PRE-FLOP *** 
MathisKcr raises 30 to 60
chouxbixdu80 raises 115 to 175 and is all-in
Nath3452 folds
MathisKcr calls 115
*** FLOP *** [9s 9c 2h]
*** TURN *** [9s 9c 2h][7h]
*** RIVER *** [9s 9c 2h 7h][Kh]
*** SHOW DOWN ***
chouxbixdu80 shows [Ac 5s] (One pair : 9)
MathisKcr shows [8h Kc] (Two pairs : Kings and 9)
MathisKcr collected 380 from pot
*** SUMMARY ***
Total pot 380 | No rake
Board: [9s 9c 2h 7h Kh]
Seat 2: MathisKcr (button) showed [8h Kc] and won 380 with Two pairs : Kings and 9
Seat 3: chouxbixdu80 (small blind) showed [Ac 5s] and lost with One pair : 9


Winamax Poker - Tournament "Expresso" buyIn: 1.86€ + 0.14€ level: 2 - HandId: #4609709972693975041-6-1772713574 - Holdem no limit (15/30) - 2026/03/05 12:26:14 UTC
Table: 'Expresso(1073281740)#0' 3-max (real money) Seat #1 is the button
Seat 1: Nath3452 (835)
Seat 2: MathisKcr (665)
*** ANTE/BLINDS ***
Nath3452 posts small blind 15
MathisKcr posts big blind 30
Dealt to MathisKcr [6h 8h]
*** PRE-FLOP *** 
Nath3452 raises 30 to 60
MathisKcr calls 30
*** FLOP *** [3c 4s Qc]
MathisKcr checks
Nath3452 checks
*** TURN *** [3c 4s Qc][Jh]
MathisKcr checks
Nath3452 bets 78
MathisKcr folds
Nath3452 collected 198 from pot
*** SUMMARY ***
Total pot 198 | No rake
Board: [3c 4s Qc Jh]
Seat 1: Nath3452 (small blind) (button) won 198


Winamax Poker - Tournament "Expresso" buyIn: 1.86€ + 0.14€ level: 2 - HandId: #4609709972693975041-7-1772713591 - Holdem no limit (15/30) - 2026/03/05 12:26:31 UTC
Table: 'Expresso(1073281740)#0' 3-max (real money) Seat #2 is the button
Seat 1: Nath3452 (895)
Seat 2: MathisKcr (605)
*** ANTE/BLINDS ***
MathisKcr posts small blind 15
Nath3452 posts big blind 30
Dealt to MathisKcr [Jh 9c]
*** PRE-FLOP *** 
MathisKcr raises 30 to 60
Nath3452 calls 30
*** FLOP *** [Ks 4c 6s]
Nath3452 checks
MathisKcr checks
*** TURN *** [Ks 4c 6s][2h]
Nath3452 bets 78
MathisKcr folds
Nath3452 collected 198 from pot
*** SUMMARY ***
Total pot 198 | No rake
Board: [Ks 4c 6s 2h]
Seat 1: Nath3452 (big blind) won 198


Winamax Poker - Tournament "Expresso" buyIn: 1.86€ + 0.14€ level: 2 - HandId: #4609709972693975041-8-1772713618 - Holdem no limit (15/30) - 2026/03/05 12:26:58 UTC
Table: 'Expresso(1073281740)#0' 3-max (real money) Seat #1 is the button
Seat 1: Nath3452 (955)
Seat 2: MathisKcr (545)
*** ANTE/BLINDS ***
Nath3452 posts small blind 15
MathisKcr posts big blind 30
Dealt to MathisKcr [2d 3s]
*** PRE-FLOP *** 
Nath3452 folds
MathisKcr collected 45 from pot
*** SUMMARY ***
Total pot 45 | No rake
Seat 2: MathisKcr (big blind) won 45


Winamax Poker - Tournament "Expresso" buyIn: 1.86€ + 0.14€ level: 3 - HandId: #4609709972693975041-9-1772713629 - Holdem no limit (20/40) - 2026/03/05 12:27:09 UTC
Table: 'Expresso(1073281740)#0' 3-max (real money) Seat #2 is the button
Seat 1: Nath3452 (940)
Seat 2: MathisKcr (560)
*** ANTE/BLINDS ***
MathisKcr posts small blind 20
Nath3452 posts big blind 40
Dealt to MathisKcr [9h Ad]
*** PRE-FLOP *** 
MathisKcr raises 80 to 120
Nath3452 calls 80
*** FLOP *** [2h 8c 9c]
Nath3452 bets 156
MathisKcr calls 156
*** TURN *** [2h 8c 9c][4d]
Nath3452 bets 359
MathisKcr calls 284 and is all-in
*** RIVER *** [2h 8c 9c 4d][Td]
*** SHOW DOWN ***
MathisKcr shows [9h Ad] (One pair : 9)
Nath3452 shows [9s 8s] (Two pairs : 9 and 8)
Nath3452 collected 1195 from pot
*** SUMMARY ***
Total pot 1195 | No rake
Board: [2h 8c 9c 4d Td]
Seat 1: Nath3452 (big blind) showed [9s 8s] and won 1195 with Two pairs : 9 and 8
Seat 2: MathisKcr (small blind) (button) showed [9h Ad] and lost with One pair : 9


