Winamax Poker - Tournament "Expresso Nitro" buyIn: 0.93€ + 0.07€ level: 1 - HandId: #4611666132728807425-1-1772790859 - Holdem no limit (10/20) - 2026/03/06 09:54:19 UTC
Table: 'Expresso Nitro(1073737194)#0' 3-max (real money) Seat #1 is the button
Seat 1: MathisKcr (300)
Seat 2: KANNYASS (300)
Seat 3: JeSaPLGoaT (300)
*** ANTE/BLINDS ***
KANNYASS posts small blind 10
JeSaPLGoaT posts big blind 20
Dealt to MathisKcr [Td Js]
*** PRE-FLOP *** 
MathisKcr raises 40 to 60
KANNYASS folds
JeSaPLGoaT folds
MathisKcr collected 90 from pot
*** SUMMARY ***
Total pot 90 | No rake
Seat 1: MathisKcr (button) won 90


Winamax Poker - Tournament "Expresso Nitro" buyIn: 0.93€ + 0.07€ level: 1 - HandId: #4611666132728807425-2-1772790873 - Holdem no limit (10/20) - 2026/03/06 09:54:33 UTC
Table: 'Expresso Nitro(1073737194)#0' 3-max (real money) Seat #2 is the button
Seat 1: MathisKcr (330)
Seat 2: KANNYASS (290)
Seat 3: JeSaPLGoaT (280)
*** ANTE/BLINDS ***
JeSaPLGoaT posts small blind 10
MathisKcr posts big blind 20
Dealt to MathisKcr [Jd 5h]
*** PRE-FLOP *** 
KANNYASS calls 20
JeSaPLGoaT calls 10
MathisKcr checks
*** FLOP *** [Kc 5c Qs]
JeSaPLGoaT checks
MathisKcr bets 21
KANNYASS folds
JeSaPLGoaT folds
MathisKcr collected 81 from pot
*** SUMMARY ***
Total pot 81 | No rake
Board: [Kc 5c Qs]
Seat 1: MathisKcr (big blind) won 81


Winamax Poker - Tournament "Expresso Nitro" buyIn: 0.93€ + 0.07€ level: 1 - HandId: #4611666132728807425-3-1772790897 - Holdem no limit (10/20) - 2026/03/06 09:54:57 UTC
Table: 'Expresso Nitro(1073737194)#0' 3-max (real money) Seat #3 is the button
Seat 1: MathisKcr (370)
Seat 2: KANNYASS (270)
Seat 3: JeSaPLGoaT (260)
*** ANTE/BLINDS ***
MathisKcr posts small blind 10
KANNYASS posts big blind 20
Dealt to MathisKcr [Ah Ad]
*** PRE-FLOP *** 
JeSaPLGoaT folds
MathisKcr calls 10
KANNYASS checks
*** FLOP *** [2h 9d Qd]
MathisKcr checks
KANNYASS bets 250 and is all-in
MathisKcr calls 250
*** TURN *** [2h 9d Qd][7c]
*** RIVER *** [2h 9d Qd 7c][2d]
*** SHOW DOWN ***
KANNYASS shows [6h Qc] (Two pairs : Queens and 2)
MathisKcr shows [Ah Ad] (Two pairs : Aces and 2)
MathisKcr collected 540 from pot
*** SUMMARY ***
Total pot 540 | No rake
Board: [2h 9d Qd 7c 2d]
Seat 1: MathisKcr (small blind) showed [Ah Ad] and won 540 with Two pairs : Aces and 2
Seat 2: KANNYASS (big blind) showed [6h Qc] and lost with Two pairs : Queens and 2


Winamax Poker - Tournament "Expresso Nitro" buyIn: 0.93€ + 0.07€ level: 2 - HandId: #4611666132728807425-4-1772790919 - Holdem no limit (15/30) - 2026/03/06 09:55:19 UTC
Table: 'Expresso Nitro(1073737194)#0' 3-max (real money) Seat #3 is the button
Seat 1: MathisKcr (640)
Seat 3: JeSaPLGoaT (260)
*** ANTE/BLINDS ***
JeSaPLGoaT posts small blind 15
MathisKcr posts big blind 30
Dealt to MathisKcr [2h Ks]
*** PRE-FLOP *** 
JeSaPLGoaT calls 15
MathisKcr checks
*** FLOP *** [4s Qh 2s]
MathisKcr bets 39
JeSaPLGoaT folds
MathisKcr collected 99 from pot
*** SUMMARY ***
Total pot 99 | No rake
Board: [4s Qh 2s]
Seat 1: MathisKcr (big blind) won 99


Winamax Poker - Tournament "Expresso Nitro" buyIn: 0.93€ + 0.07€ level: 2 - HandId: #4611666132728807425-5-1772790932 - Holdem no limit (15/30) - 2026/03/06 09:55:32 UTC
Table: 'Expresso Nitro(1073737194)#0' 3-max (real money) Seat #1 is the button
Seat 1: MathisKcr (670)
Seat 3: JeSaPLGoaT (230)
*** ANTE/BLINDS ***
MathisKcr posts small blind 15
JeSaPLGoaT posts big blind 30
Dealt to MathisKcr [4s 5s]
*** PRE-FLOP *** 
MathisKcr calls 15
JeSaPLGoaT checks
*** FLOP *** [2c 9d 8h]
JeSaPLGoaT checks
MathisKcr bets 39
JeSaPLGoaT folds
MathisKcr collected 99 from pot
*** SUMMARY ***
Total pot 99 | No rake
Board: [2c 9d 8h]
Seat 1: MathisKcr (small blind) (button) won 99


Winamax Poker - Tournament "Expresso Nitro" buyIn: 0.93€ + 0.07€ level: 2 - HandId: #4611666132728807425-6-1772790947 - Holdem no limit (15/30) - 2026/03/06 09:55:47 UTC
Table: 'Expresso Nitro(1073737194)#0' 3-max (real money) Seat #3 is the button
Seat 1: MathisKcr (700)
Seat 3: JeSaPLGoaT (200)
*** ANTE/BLINDS ***
JeSaPLGoaT posts small blind 15
MathisKcr posts big blind 30
Dealt to MathisKcr [4d Jd]
*** PRE-FLOP *** 
JeSaPLGoaT folds
MathisKcr collected 45 from pot
*** SUMMARY ***
Total pot 45 | No rake
Seat 1: MathisKcr (big blind) won 45


Winamax Poker - Tournament "Expresso Nitro" buyIn: 0.93€ + 0.07€ level: 2 - HandId: #4611666132728807425-7-1772790953 - Holdem no limit (15/30) - 2026/03/06 09:55:53 UTC
Table: 'Expresso Nitro(1073737194)#0' 3-max (real money) Seat #1 is the button
Seat 1: MathisKcr (715)
Seat 3: JeSaPLGoaT (185)
*** ANTE/BLINDS ***
MathisKcr posts small blind 15
JeSaPLGoaT posts big blind 30
Dealt to MathisKcr [8s Kh]
*** PRE-FLOP *** 
MathisKcr raises 60 to 90
JeSaPLGoaT folds
MathisKcr collected 120 from pot
*** SUMMARY ***
Total pot 120 | No rake
Seat 1: MathisKcr (small blind) (button) won 120


Winamax Poker - Tournament "Expresso Nitro" buyIn: 0.93€ + 0.07€ level: 2 - HandId: #4611666132728807425-8-1772790963 - Holdem no limit (15/30) - 2026/03/06 09:56:03 UTC
Table: 'Expresso Nitro(1073737194)#0' 3-max (real money) Seat #3 is the button
Seat 1: MathisKcr (745)
Seat 3: JeSaPLGoaT (155)
*** ANTE/BLINDS ***
JeSaPLGoaT posts small blind 15
MathisKcr posts big blind 30
Dealt to MathisKcr [4c 8c]
*** PRE-FLOP *** 
JeSaPLGoaT folds
MathisKcr collected 45 from pot
*** SUMMARY ***
Total pot 45 | No rake
Seat 1: MathisKcr (big blind) won 45


Winamax Poker - Tournament "Expresso Nitro" buyIn: 0.93€ + 0.07€ level: 2 - HandId: #4611666132728807425-9-1772790971 - Holdem no limit (15/30) - 2026/03/06 09:56:11 UTC
Table: 'Expresso Nitro(1073737194)#0' 3-max (real money) Seat #1 is the button
Seat 1: MathisKcr (760)
Seat 3: JeSaPLGoaT (140)
*** ANTE/BLINDS ***
MathisKcr posts small blind 15
JeSaPLGoaT posts big blind 30
Dealt to MathisKcr [Ad Ah]
*** PRE-FLOP *** 
MathisKcr calls 15
JeSaPLGoaT checks
*** FLOP *** [As 8c Ac]
JeSaPLGoaT checks
MathisKcr checks
*** TURN *** [As 8c Ac][Tc]
JeSaPLGoaT checks
MathisKcr checks
*** RIVER *** [As 8c Ac Tc][Jd]
JeSaPLGoaT checks
MathisKcr bets 30
JeSaPLGoaT calls 30
*** SHOW DOWN ***
JeSaPLGoaT shows [5d 8h] (Two pairs : Aces and 8)
MathisKcr shows [Ad Ah] (Quads of Aces)
MathisKcr collected 120 from pot
*** SUMMARY ***
Total pot 120 | No rake
Board: [As 8c Ac Tc Jd]
Seat 1: MathisKcr (small blind) (button) showed [Ad Ah] and won 120 with Quads of Aces
Seat 3: JeSaPLGoaT (big blind) showed [5d 8h] and lost with Two pairs : Aces and 8


Winamax Poker - Tournament "Expresso Nitro" buyIn: 0.93€ + 0.07€ level: 3 - HandId: #4611666132728807425-10-1772791005 - Holdem no limit (20/40) - 2026/03/06 09:56:45 UTC
Table: 'Expresso Nitro(1073737194)#0' 3-max (real money) Seat #3 is the button
Seat 1: MathisKcr (820)
Seat 3: JeSaPLGoaT (80)
*** ANTE/BLINDS ***
JeSaPLGoaT posts small blind 20
MathisKcr posts big blind 40
Dealt to MathisKcr [6c Ac]
*** PRE-FLOP *** 
JeSaPLGoaT raises 40 to 80 and is all-in
MathisKcr calls 40
*** FLOP *** [2h 5s 5c]
*** TURN *** [2h 5s 5c][Qh]
*** RIVER *** [2h 5s 5c Qh][Ks]
*** SHOW DOWN ***
MathisKcr shows [6c Ac] (One pair : 5)
JeSaPLGoaT shows [Jd 2c] (Two pairs : 5 and 2)
JeSaPLGoaT collected 160 from pot
*** SUMMARY ***
Total pot 160 | No rake
Board: [2h 5s 5c Qh Ks]
Seat 1: MathisKcr (big blind) showed [6c Ac] and lost with One pair : 5
Seat 3: JeSaPLGoaT (small blind) (button) showed [Jd 2c] and won 160 with Two pairs : 5 and 2


Winamax Poker - Tournament "Expresso Nitro" buyIn: 0.93€ + 0.07€ level: 3 - HandId: #4611666132728807425-11-1772791022 - Holdem no limit (20/40) - 2026/03/06 09:57:02 UTC
Table: 'Expresso Nitro(1073737194)#0' 3-max (real money) Seat #1 is the button
Seat 1: MathisKcr (740)
Seat 3: JeSaPLGoaT (160)
*** ANTE/BLINDS ***
MathisKcr posts small blind 20
JeSaPLGoaT posts big blind 40
Dealt to MathisKcr [7d 6d]
*** PRE-FLOP *** 
MathisKcr raises 700 to 740 and is all-in
JeSaPLGoaT calls 120 and is all-in
*** FLOP *** [Ah 9s Ks]
*** TURN *** [Ah 9s Ks][8s]
*** RIVER *** [Ah 9s Ks 8s][Ad]
*** SHOW DOWN ***
MathisKcr shows [7d 6d] (One pair : Aces)
JeSaPLGoaT shows [9d Qh] (Two pairs : Aces and 9)
JeSaPLGoaT collected 320 from main pot
MathisKcr collected 580 from side pot 1
*** SUMMARY ***
Total pot 900 | No rake
Board: [Ah 9s Ks 8s Ad]
Seat 1: MathisKcr (small blind) (button) showed [7d 6d] and won 580 with One pair : Aces
Seat 3: JeSaPLGoaT (big blind) showed [9d Qh] and won 320 with Two pairs : Aces and 9


Winamax Poker - Tournament "Expresso Nitro" buyIn: 0.93€ + 0.07€ level: 3 - HandId: #4611666132728807425-12-1772791035 - Holdem no limit (20/40) - 2026/03/06 09:57:15 UTC
Table: 'Expresso Nitro(1073737194)#0' 3-max (real money) Seat #3 is the button
Seat 1: MathisKcr (580)
Seat 3: JeSaPLGoaT (320)
*** ANTE/BLINDS ***
JeSaPLGoaT posts small blind 20
MathisKcr posts big blind 40
Dealt to MathisKcr [6c Ad]
*** PRE-FLOP *** 
JeSaPLGoaT folds
MathisKcr collected 60 from pot
*** SUMMARY ***
Total pot 60 | No rake
Seat 1: MathisKcr (big blind) won 60


Winamax Poker - Tournament "Expresso Nitro" buyIn: 0.93€ + 0.07€ level: 4 - HandId: #4611666132728807425-13-1772791040 - Holdem no limit (30/60) - 2026/03/06 09:57:20 UTC
Table: 'Expresso Nitro(1073737194)#0' 3-max (real money) Seat #1 is the button
Seat 1: MathisKcr (600)
Seat 3: JeSaPLGoaT (300)
*** ANTE/BLINDS ***
MathisKcr posts small blind 30
JeSaPLGoaT posts big blind 60
Dealt to MathisKcr [Tc 6s]
*** PRE-FLOP *** 
MathisKcr raises 60 to 120
JeSaPLGoaT calls 60
*** FLOP *** [4h Ac 6d]
JeSaPLGoaT checks
MathisKcr bets 480 and is all-in
JeSaPLGoaT folds
MathisKcr collected 720 from pot
*** SUMMARY ***
Total pot 720 | No rake
Board: [4h Ac 6d]
Seat 1: MathisKcr (small blind) (button) won 720


Winamax Poker - Tournament "Expresso Nitro" buyIn: 0.93€ + 0.07€ level: 4 - HandId: #4611666132728807425-14-1772791052 - Holdem no limit (30/60) - 2026/03/06 09:57:32 UTC
Table: 'Expresso Nitro(1073737194)#0' 3-max (real money) Seat #3 is the button
Seat 1: MathisKcr (720)
Seat 3: JeSaPLGoaT (180)
*** ANTE/BLINDS ***
JeSaPLGoaT posts small blind 30
MathisKcr posts big blind 60
Dealt to MathisKcr [Th 2c]
*** PRE-FLOP *** 
JeSaPLGoaT raises 120 to 180 and is all-in
MathisKcr folds
JeSaPLGoaT collected 240 from pot
*** SUMMARY ***
Total pot 240 | No rake
Seat 3: JeSaPLGoaT (small blind) (button) won 240


Winamax Poker - Tournament "Expresso Nitro" buyIn: 0.93€ + 0.07€ level: 4 - HandId: #4611666132728807425-15-1772791060 - Holdem no limit (30/60) - 2026/03/06 09:57:40 UTC
Table: 'Expresso Nitro(1073737194)#0' 3-max (real money) Seat #1 is the button
Seat 1: MathisKcr (660)
Seat 3: JeSaPLGoaT (240)
*** ANTE/BLINDS ***
MathisKcr posts small blind 30
JeSaPLGoaT posts big blind 60
Dealt to MathisKcr [Ad 8s]
*** PRE-FLOP *** 
MathisKcr raises 600 to 660 and is all-in
JeSaPLGoaT calls 180 and is all-in
*** FLOP *** [2c Kh As]
*** TURN *** [2c Kh As][5s]
*** RIVER *** [2c Kh As 5s][6c]
*** SHOW DOWN ***
JeSaPLGoaT shows [Jc Th] (High card : Ace)
MathisKcr shows [Ad 8s] (One pair : Aces)
MathisKcr collected 900 from pot
*** SUMMARY ***
Total pot 900 | No rake
Board: [2c Kh As 5s 6c]
Seat 1: MathisKcr (small blind) (button) showed [Ad 8s] and won 900 with One pair : Aces
Seat 3: JeSaPLGoaT (big blind) showed [Jc Th] and lost with High card : Ace


