Winamax Poker - Tournament "MYSTERY KO" buyIn: 1.80€ + 0.20€ level: 1 - HandId: #4565411164606955527-1-1773525609 - Holdem no limit (25/100/200) - 2026/03/14 22:00:09 UTC
Table: 'MYSTERY KO(1062967620)#0006' 6-max (real money) Seat #5 is the button
Seat 1: PannpanQQ (20000)
Seat 2: MathisKcr (20000)
Seat 3: JohnSy1972 (20000)
Seat 4: MagnusleR (20000)
Seat 5: Anneek (20000)
Seat 6: eAzy jAm (20000)
*** ANTE/BLINDS ***
eAzy jAm posts ante 25
PannpanQQ posts ante 25
MathisKcr posts ante 25
JohnSy1972 posts ante 25
MagnusleR posts ante 25
Anneek posts ante 25
eAzy jAm posts small blind 100
PannpanQQ posts big blind 200
Dealt to MathisKcr [8s As]
*** PRE-FLOP *** 
MathisKcr raises 200 to 400
JohnSy1972 calls 400
MagnusleR folds
Anneek folds
eAzy jAm calls 300
PannpanQQ folds
*** FLOP *** [8d Ac 3h]
eAzy jAm checks
MathisKcr bets 543
JohnSy1972 folds
eAzy jAm calls 543
*** TURN *** [8d Ac 3h][Kh]
eAzy jAm checks
MathisKcr bets 923
eAzy jAm calls 923
*** RIVER *** [8d Ac 3h Kh][4c]
eAzy jAm checks
MathisKcr bets 1800
eAzy jAm calls 1800
*** SHOW DOWN ***
eAzy jAm shows [Ah 6h] (One pair : Aces)
MathisKcr shows [8s As] (Two pairs : Aces and 8)
MathisKcr collected 8082 from pot
*** SUMMARY ***
Total pot 8082 | No rake
Board: [8d Ac 3h Kh 4c]
Seat 2: MathisKcr showed [8s As] and won 8082 with Two pairs : Aces and 8
Seat 6: eAzy jAm (small blind) showed [Ah 6h] and lost with One pair : Aces


Winamax Poker - Tournament "MYSTERY KO" buyIn: 1.80€ + 0.20€ level: 1 - HandId: #4565411164606955527-2-1773525723 - Holdem no limit (25/100/200) - 2026/03/14 22:02:03 UTC
Table: 'MYSTERY KO(1062967620)#0006' 6-max (real money) Seat #6 is the button
Seat 1: PannpanQQ (19775)
Seat 2: MathisKcr (24391)
Seat 3: JohnSy1972 (19575)
Seat 4: MagnusleR (19975)
Seat 5: Anneek (19975)
Seat 6: eAzy jAm (16309)
*** ANTE/BLINDS ***
PannpanQQ posts ante 25
MathisKcr posts ante 25
JohnSy1972 posts ante 25
MagnusleR posts ante 25
Anneek posts ante 25
eAzy jAm posts ante 25
PannpanQQ posts small blind 100
MathisKcr posts big blind 200
Dealt to MathisKcr [6h Jh]
*** PRE-FLOP *** 
JohnSy1972 calls 200
MagnusleR folds
Anneek folds
eAzy jAm folds
PannpanQQ folds
MathisKcr checks
*** FLOP *** [2d Kd 8c]
MathisKcr checks
JohnSy1972 bets 400
MathisKcr folds
JohnSy1972 collected 1050 from pot
*** SUMMARY ***
Total pot 1050 | No rake
Board: [2d Kd 8c]
Seat 3: JohnSy1972 won 1050


Winamax Poker - Tournament "MYSTERY KO" buyIn: 1.80€ + 0.20€ level: 1 - HandId: #4565411164606955527-3-1773525757 - Holdem no limit (25/100/200) - 2026/03/14 22:02:37 UTC
Table: 'MYSTERY KO(1062967620)#0006' 6-max (real money) Seat #1 is the button
Seat 1: PannpanQQ (19650)
Seat 2: MathisKcr (24166)
Seat 3: JohnSy1972 (20000)
Seat 4: MagnusleR (19950)
Seat 5: Anneek (19950)
Seat 6: eAzy jAm (16284)
*** ANTE/BLINDS ***
MathisKcr posts ante 25
JohnSy1972 posts ante 25
PannpanQQ posts ante 25
MagnusleR posts ante 25
Anneek posts ante 25
eAzy jAm posts ante 25
MathisKcr posts small blind 100
JohnSy1972 posts big blind 200
Dealt to MathisKcr [2d Kc]
*** PRE-FLOP *** 
MagnusleR raises 400 to 600
Anneek folds
eAzy jAm calls 600
PannpanQQ folds
MathisKcr folds
JohnSy1972 calls 400
*** FLOP *** [5s 8s 7c]
JohnSy1972 bets 2050
MagnusleR folds
eAzy jAm folds
JohnSy1972 collected 4100 from pot
*** SUMMARY ***
Total pot 4100 | No rake
Board: [5s 8s 7c]
Seat 3: JohnSy1972 (big blind) won 4100


Winamax Poker - Tournament "MYSTERY KO" buyIn: 1.80€ + 0.20€ level: 1 - HandId: #4565411164606955527-4-1773525797 - Holdem no limit (25/100/200) - 2026/03/14 22:03:17 UTC
Table: 'MYSTERY KO(1062967620)#0006' 6-max (real money) Seat #2 is the button
Seat 1: PannpanQQ (19625)
Seat 2: MathisKcr (24041)
Seat 3: JohnSy1972 (21425)
Seat 4: MagnusleR (19325)
Seat 5: Anneek (19925)
Seat 6: eAzy jAm (15659)
*** ANTE/BLINDS ***
JohnSy1972 posts ante 25
MagnusleR posts ante 25
PannpanQQ posts ante 25
MathisKcr posts ante 25
Anneek posts ante 25
eAzy jAm posts ante 25
JohnSy1972 posts small blind 100
MagnusleR posts big blind 200
Dealt to MathisKcr [Qs 2c]
*** PRE-FLOP *** 
Anneek folds
eAzy jAm raises 400 to 600
PannpanQQ raises 1200 to 1800
MathisKcr folds
JohnSy1972 raises 6400 to 8200
MagnusleR folds
eAzy jAm raises 7434 to 15634 and is all-in
PannpanQQ raises 3966 to 19600 and is all-in
JohnSy1972 calls 11400
*** FLOP *** [2s 6s 9h]
*** TURN *** [2s 6s 9h][3c]
*** RIVER *** [2s 6s 9h 3c][5d]
*** SHOW DOWN ***
PannpanQQ shows [Qd Ad] (High card : Ace)
eAzy jAm shows [Jd Jc] (One pair : Jacks)
JohnSy1972 shows [Ah As] (One pair : Aces)
JohnSy1972 collected 55184 from pot
*** SUMMARY ***
Total pot 55184 | No rake
Board: [2s 6s 9h 3c 5d]
Seat 1: PannpanQQ showed [Qd Ad] and lost with High card : Ace
Seat 3: JohnSy1972 (small blind) showed [Ah As] and won 55184 with One pair : Aces
Seat 6: eAzy jAm showed [Jd Jc] and lost with One pair : Jacks


Winamax Poker - Tournament "MYSTERY KO" buyIn: 1.80€ + 0.20€ level: 1 - HandId: #4565411164606955527-5-1773525882 - Holdem no limit (25/100/200) - 2026/03/14 22:04:42 UTC
Table: 'MYSTERY KO(1062967620)#0006' 6-max (real money) Seat #3 is the button
Seat 2: MathisKcr (24016)
Seat 3: JohnSy1972 (56984)
Seat 4: MagnusleR (19100)
Seat 5: Anneek (19900)
*** ANTE/BLINDS ***
MagnusleR posts ante 25
Anneek posts ante 25
MathisKcr posts ante 25
JohnSy1972 posts ante 25
MagnusleR posts small blind 100
Anneek posts big blind 200
Dealt to MathisKcr [3h 2h]
*** PRE-FLOP *** 
MathisKcr folds
JohnSy1972 folds
MagnusleR folds
Anneek collected 400 from pot
*** SUMMARY ***
Total pot 400 | No rake
Seat 5: Anneek (big blind) won 400


Winamax Poker - Tournament "MYSTERY KO" buyIn: 1.80€ + 0.20€ level: 1 - HandId: #4565411164606955527-6-1773525897 - Holdem no limit (25/100/200) - 2026/03/14 22:04:57 UTC
Table: 'MYSTERY KO(1062967620)#0006' 6-max (real money) Seat #4 is the button
Seat 2: MathisKcr (23991)
Seat 3: JohnSy1972 (56959)
Seat 4: MagnusleR (18975)
Seat 5: Anneek (20075)
Seat 6: Ketsui (19825)
*** ANTE/BLINDS ***
Anneek posts ante 25
Ketsui posts ante 25
MathisKcr posts ante 25
JohnSy1972 posts ante 25
MagnusleR posts ante 25
Anneek posts small blind 100
Ketsui posts big blind 200
Dealt to MathisKcr [Ad 3c]
*** PRE-FLOP *** 
MathisKcr raises 200 to 400
JohnSy1972 calls 400
MagnusleR folds
Anneek folds
Ketsui calls 200
*** FLOP *** [Th 6h 2s]
Ketsui checks
MathisKcr checks
JohnSy1972 bets 500
Ketsui folds
MathisKcr folds
JohnSy1972 collected 1925 from pot
*** SUMMARY ***
Total pot 1925 | No rake
Board: [Th 6h 2s]
Seat 3: JohnSy1972 won 1925


Winamax Poker - Tournament "MYSTERY KO" buyIn: 1.80€ + 0.20€ level: 1 - HandId: #4565411164606955527-7-1773525954 - Holdem no limit (25/100/200) - 2026/03/14 22:05:54 UTC
Table: 'MYSTERY KO(1062967620)#0006' 6-max (real money) Seat #5 is the button
Seat 1: Tisela (20000)
Seat 2: MathisKcr (23566)
Seat 3: JohnSy1972 (57959)
Seat 4: MagnusleR (18950)
Seat 5: Anneek (19950)
Seat 6: Ketsui (19400)
*** ANTE/BLINDS ***
Ketsui posts ante 25
Tisela posts ante 25
MathisKcr posts ante 25
JohnSy1972 posts ante 25
MagnusleR posts ante 25
Anneek posts ante 25
Ketsui posts small blind 100
Tisela posts big blind 200
Dealt to MathisKcr [As Ah]
*** PRE-FLOP *** 
MathisKcr raises 200 to 400
JohnSy1972 folds
MagnusleR folds
Anneek raises 800 to 1200
Ketsui folds
Tisela calls 1000
MathisKcr raises 1600 to 2800
Anneek calls 1600
Tisela calls 1600
*** FLOP *** [2h 8s 3d]
Tisela checks
MathisKcr bets 2163
Anneek calls 2163
Tisela folds
*** TURN *** [2h 8s 3d][Jd]
MathisKcr bets 3244
Anneek raises 11718 to 14962 and is all-in
MathisKcr calls 11718
*** RIVER *** [2h 8s 3d Jd][Jc]
*** SHOW DOWN ***
Anneek shows [Qc Qs] (Two pairs : Queens and Jacks)
MathisKcr shows [As Ah] (Two pairs : Aces and Jacks)
MathisKcr collected 42900 from pot
*** SUMMARY ***
Total pot 42900 | No rake
Board: [2h 8s 3d Jd Jc]
Seat 2: MathisKcr showed [As Ah] and won 42900 with Two pairs : Aces and Jacks
Seat 5: Anneek (button) showed [Qc Qs] and lost with Two pairs : Queens and Jacks


Winamax Poker - Tournament "MYSTERY KO" buyIn: 1.80€ + 0.20€ level: 1 - HandId: #4565411164606955527-8-1773526055 - Holdem no limit (25/100/200) - 2026/03/14 22:07:35 UTC
Table: 'MYSTERY KO(1062967620)#0006' 6-max (real money) Seat #6 is the button
Seat 1: Tisela (17175)
Seat 2: MathisKcr (46516)
Seat 3: JohnSy1972 (57934)
Seat 4: MagnusleR (18925)
Seat 6: Ketsui (19275)
*** ANTE/BLINDS ***
Tisela posts ante 25
MathisKcr posts ante 25
JohnSy1972 posts ante 25
MagnusleR posts ante 25
Ketsui posts ante 25
Tisela posts small blind 100
MathisKcr posts big blind 200
Dealt to MathisKcr [4d Ah]
*** PRE-FLOP *** 
JohnSy1972 folds
MagnusleR folds
Ketsui raises 260 to 460
Tisela calls 360
MathisKcr calls 260
*** FLOP *** [Qh 5h 6h]
Tisela bets 527
MathisKcr calls 527
Ketsui folds
*** TURN *** [Qh 5h 6h][5d]
Tisela bets 896
MathisKcr calls 896
*** RIVER *** [Qh 5h 6h 5d][2h]
Tisela bets 1523
MathisKcr raises 1523 to 3046
Tisela folds
MathisKcr collected 8920 from pot
*** SUMMARY ***
Total pot 8920 | No rake
Board: [Qh 5h 6h 5d 2h]
Seat 2: MathisKcr (big blind) won 8920


Winamax Poker - Tournament "MYSTERY KO" buyIn: 1.80€ + 0.20€ level: 1 - HandId: #4565411164606955527-9-1773526121 - Holdem no limit (25/100/200) - 2026/03/14 22:08:41 UTC
Table: 'MYSTERY KO(1062967620)#0006' 6-max (real money) Seat #1 is the button
Seat 1: Tisela (13744)
Seat 2: MathisKcr (50482)
Seat 3: JohnSy1972 (57909)
Seat 4: MagnusleR (18900)
Seat 5: All_in&Tom (20000)
Seat 6: Ketsui (18790)
*** ANTE/BLINDS ***
MathisKcr posts ante 25
JohnSy1972 posts ante 25
Tisela posts ante 25
MagnusleR posts ante 25
All_in&Tom posts ante 25
Ketsui posts ante 25
MathisKcr posts small blind 100
JohnSy1972 posts big blind 200
Dealt to MathisKcr [4d As]
*** PRE-FLOP *** 
MagnusleR raises 400 to 600
All_in&Tom calls 600
Ketsui calls 600
Tisela calls 600
MathisKcr calls 500
JohnSy1972 folds
*** FLOP *** [Td 8s Kd]
MathisKcr checks
MagnusleR checks
All_in&Tom checks
Ketsui checks
Tisela checks
*** TURN *** [Td 8s Kd][8h]
MathisKcr checks
MagnusleR checks
All_in&Tom checks
Ketsui checks
Tisela checks
*** RIVER *** [Td 8s Kd 8h][3h]
MathisKcr checks
MagnusleR checks
All_in&Tom checks
Ketsui checks
Tisela bets 1173
MathisKcr folds
MagnusleR calls 1173
All_in&Tom folds
Ketsui folds
*** SHOW DOWN ***
Tisela shows [Qs 4h] (One pair : 8)
MagnusleR shows [Js Jd] (Two pairs : Jacks and 8)
MagnusleR collected 5696 from pot
*** SUMMARY ***
Total pot 5696 | No rake
Board: [Td 8s Kd 8h 3h]
Seat 1: Tisela (button) showed [Qs 4h] and lost with One pair : 8
Seat 4: MagnusleR showed [Js Jd] and won 5696 with Two pairs : Jacks and 8


Winamax Poker - Tournament "MYSTERY KO" buyIn: 1.80€ + 0.20€ level: 1 - HandId: #4565411164606955527-10-1773526245 - Holdem no limit (25/100/200) - 2026/03/14 22:10:45 UTC
Table: 'MYSTERY KO(1062967620)#0006' 6-max (real money) Seat #2 is the button
Seat 1: Tisela (11946)
Seat 2: MathisKcr (49857)
Seat 3: JohnSy1972 (57684)
Seat 4: MagnusleR (22798)
Seat 5: All_in&Tom (19375)
Seat 6: Ketsui (18165)
*** ANTE/BLINDS ***
JohnSy1972 posts ante 25
MagnusleR posts ante 25
Tisela posts ante 25
MathisKcr posts ante 25
All_in&Tom posts ante 25
Ketsui posts ante 25
JohnSy1972 posts small blind 100
MagnusleR posts big blind 200
Dealt to MathisKcr [Kc Ah]
*** PRE-FLOP *** 
All_in&Tom folds
Ketsui raises 260 to 460
Tisela calls 460
MathisKcr raises 920 to 1380
JohnSy1972 folds
MagnusleR folds
Ketsui calls 920
Tisela calls 920
*** FLOP *** [3h 9s 3s]
Ketsui checks
Tisela bets 4590
MathisKcr folds
Ketsui folds
Tisela collected 9180 from pot
*** SUMMARY ***
Total pot 9180 | No rake
Board: [3h 9s 3s]
Seat 1: Tisela won 9180


Winamax Poker - Tournament "MYSTERY KO" buyIn: 1.80€ + 0.20€ level: 1 - HandId: #4565411164606955527-11-1773526355 - Holdem no limit (25/100/200) - 2026/03/14 22:12:35 UTC
Table: 'MYSTERY KO(1062967620)#0006' 6-max (real money) Seat #3 is the button
Seat 1: Tisela (15131)
Seat 2: MathisKcr (48452)
Seat 3: JohnSy1972 (57559)
Seat 4: MagnusleR (22573)
Seat 5: All_in&Tom (19350)
Seat 6: Ketsui (16760)
*** ANTE/BLINDS ***
MagnusleR posts ante 25
All_in&Tom posts ante 25
Tisela posts ante 25
MathisKcr posts ante 25
JohnSy1972 posts ante 25
Ketsui posts ante 25
MagnusleR posts small blind 100
All_in&Tom posts big blind 200
Dealt to MathisKcr [5c 3h]
*** PRE-FLOP *** 
Ketsui folds
Tisela folds
MathisKcr folds
JohnSy1972 folds
MagnusleR calls 100
All_in&Tom checks
*** FLOP *** [4c Jd Jc]
MagnusleR checks
All_in&Tom checks
*** TURN *** [4c Jd Jc][2h]
MagnusleR checks
All_in&Tom checks
*** RIVER *** [4c Jd Jc 2h][Ac]
MagnusleR bets 275
All_in&Tom folds
MagnusleR collected 825 from pot
*** SUMMARY ***
Total pot 825 | No rake
Board: [4c Jd Jc 2h Ac]
Seat 4: MagnusleR (small blind) won 825


Winamax Poker - Tournament "MYSTERY KO" buyIn: 1.80€ + 0.20€ level: 1 - HandId: #4565411164606955527-12-1773526413 - Holdem no limit (25/100/200) - 2026/03/14 22:13:33 UTC
Table: 'MYSTERY KO(1062967620)#0006' 6-max (real money) Seat #4 is the button
Seat 2: MathisKcr (48427)
Seat 3: JohnSy1972 (57534)
Seat 4: MagnusleR (22898)
Seat 5: All_in&Tom (19125)
Seat 6: Ketsui (16735)
*** ANTE/BLINDS ***
All_in&Tom posts ante 25
Ketsui posts ante 25
MathisKcr posts ante 25
JohnSy1972 posts ante 25
MagnusleR posts ante 25
All_in&Tom posts small blind 100
Ketsui posts big blind 200
Dealt to MathisKcr [2d Qs]
*** PRE-FLOP *** 
MathisKcr folds
JohnSy1972 folds
MagnusleR folds
All_in&Tom calls 100
Ketsui checks
*** FLOP *** [Qh Td 4c]
All_in&Tom bets 210
Ketsui folds
All_in&Tom collected 735 from pot
*** SUMMARY ***
Total pot 735 | No rake
Board: [Qh Td 4c]
Seat 5: All_in&Tom (small blind) won 735


Winamax Poker - Tournament "MYSTERY KO" buyIn: 1.80€ + 0.20€ level: 1 - HandId: #4565411164606955527-13-1773526468 - Holdem no limit (25/100/200) - 2026/03/14 22:14:28 UTC
Table: 'MYSTERY KO(1062967620)#0006' 6-max (real money) Seat #5 is the button
Seat 1: Lolopike (20000)
Seat 2: MathisKcr (48402)
Seat 3: JohnSy1972 (57509)
Seat 4: MagnusleR (22873)
Seat 5: All_in&Tom (19425)
Seat 6: Ketsui (16510)
*** ANTE/BLINDS ***
Ketsui posts ante 25
Lolopike posts ante 25
MathisKcr posts ante 25
JohnSy1972 posts ante 25
MagnusleR posts ante 25
All_in&Tom posts ante 25
Ketsui posts small blind 100
Lolopike posts big blind 200
Dealt to MathisKcr [5c 6d]
*** PRE-FLOP *** 
MathisKcr folds
JohnSy1972 folds
MagnusleR folds
All_in&Tom raises 400 to 600
Ketsui folds
Lolopike calls 400
*** FLOP *** [8c Ac 7s]
Lolopike checks
All_in&Tom bets 479
Lolopike calls 479
*** TURN *** [8c Ac 7s][4c]
Lolopike checks
All_in&Tom checks
*** RIVER *** [8c Ac 7s 4c][4s]
Lolopike checks
All_in&Tom checks
*** SHOW DOWN ***
All_in&Tom shows [9h Qd] (One pair : 4)
Lolopike shows [8h Ks] (Two pairs : 8 and 4)
Lolopike collected 2408 from pot
*** SUMMARY ***
Total pot 2408 | No rake
Board: [8c Ac 7s 4c 4s]
Seat 1: Lolopike (big blind) showed [8h Ks] and won 2408 with Two pairs : 8 and 4
Seat 5: All_in&Tom (button) showed [9h Qd] and lost with One pair : 4


Winamax Poker - Tournament "MYSTERY KO" buyIn: 1.80€ + 0.20€ level: 2 - HandId: #4565411164606955527-14-1773526538 - Holdem no limit (30/125/250) - 2026/03/14 22:15:38 UTC
Table: 'MYSTERY KO(1062967620)#0006' 6-max (real money) Seat #6 is the button
Seat 1: Lolopike (21304)
Seat 2: MathisKcr (48377)
Seat 3: JohnSy1972 (57484)
Seat 4: MagnusleR (22848)
Seat 5: All_in&Tom (18321)
Seat 6: Ketsui (16385)
*** ANTE/BLINDS ***
Lolopike posts ante 30
MathisKcr posts ante 30
JohnSy1972 posts ante 30
MagnusleR posts ante 30
All_in&Tom posts ante 30
Ketsui posts ante 30
Lolopike posts small blind 125
MathisKcr posts big blind 250
Dealt to MathisKcr [4c 2s]
*** PRE-FLOP *** 
JohnSy1972 folds
MagnusleR folds
All_in&Tom folds
Ketsui raises 325 to 575
Lolopike raises 1150 to 1725
MathisKcr folds
Ketsui folds
Lolopike collected 2730 from pot
*** SUMMARY ***
Total pot 2730 | No rake
Seat 1: Lolopike (small blind) won 2730


Winamax Poker - Tournament "MYSTERY KO" buyIn: 1.80€ + 0.20€ level: 2 - HandId: #4565411164606955527-15-1773526561 - Holdem no limit (30/125/250) - 2026/03/14 22:16:01 UTC
Table: 'MYSTERY KO(1062967620)#0006' 6-max (real money) Seat #1 is the button
Seat 1: Lolopike (22279)
Seat 2: MathisKcr (48097)
Seat 3: JohnSy1972 (57454)
Seat 4: MagnusleR (22818)
Seat 5: All_in&Tom (18291)
Seat 6: Ketsui (15780)
*** ANTE/BLINDS ***
MathisKcr posts ante 30
JohnSy1972 posts ante 30
Lolopike posts ante 30
MagnusleR posts ante 30
All_in&Tom posts ante 30
Ketsui posts ante 30
MathisKcr posts small blind 125
JohnSy1972 posts big blind 250
Dealt to MathisKcr [Kd Js]
*** PRE-FLOP *** 
MagnusleR folds
All_in&Tom folds
Ketsui raises 325 to 575
Lolopike folds
MathisKcr raises 1150 to 1725
JohnSy1972 folds
Ketsui calls 1150
*** FLOP *** [Qh Kc 4s]
MathisKcr checks
Ketsui checks
*** TURN *** [Qh Kc 4s][7h]
MathisKcr bets 1940
Ketsui calls 1940
*** RIVER *** [Qh Kc 4s 7h][3c]
MathisKcr bets 5044
Ketsui calls 5044
*** SHOW DOWN ***
Ketsui shows [Ah Qs] (One pair : Queens)
MathisKcr shows [Kd Js] (One pair : Kings)
MathisKcr collected 17848 from pot
*** SUMMARY ***
Total pot 17848 | No rake
Board: [Qh Kc 4s 7h 3c]
Seat 2: MathisKcr (small blind) showed [Kd Js] and won 17848 with One pair : Kings
Seat 6: Ketsui showed [Ah Qs] and lost with One pair : Queens


Winamax Poker - Tournament "MYSTERY KO" buyIn: 1.80€ + 0.20€ level: 2 - HandId: #4565411164606955527-16-1773526661 - Holdem no limit (30/125/250) - 2026/03/14 22:17:41 UTC
Table: 'MYSTERY KO(1062967620)#0006' 6-max (real money) Seat #2 is the button
Seat 1: Lolopike (22249)
Seat 2: MathisKcr (57206)
Seat 3: JohnSy1972 (57174)
Seat 4: MagnusleR (22788)
Seat 5: All_in&Tom (18261)
Seat 6: Ketsui (7041)
*** ANTE/BLINDS ***
JohnSy1972 posts ante 30
MagnusleR posts ante 30
Lolopike posts ante 30
MathisKcr posts ante 30
All_in&Tom posts ante 30
Ketsui posts ante 30
JohnSy1972 posts small blind 125
MagnusleR posts big blind 250
Dealt to MathisKcr [3s Jh]
*** PRE-FLOP *** 
All_in&Tom folds
Ketsui folds
Lolopike folds
MathisKcr calls 250
JohnSy1972 raises 625 to 875
MagnusleR calls 625
MathisKcr folds
*** FLOP *** [4h Qh Kd]
JohnSy1972 bets 3000
MagnusleR calls 3000
*** TURN *** [4h Qh Kd][9d]
JohnSy1972 bets 10000
MagnusleR folds
JohnSy1972 collected 18180 from pot
*** SUMMARY ***
Total pot 18180 | No rake
Board: [4h Qh Kd 9d]
Seat 3: JohnSy1972 (small blind) won 18180


Winamax Poker - Tournament "MYSTERY KO" buyIn: 1.80€ + 0.20€ level: 3 - HandId: #4565411164606955527-17-1773526732 - Holdem no limit (35/150/300) - 2026/03/14 22:18:52 UTC
Table: 'MYSTERY KO(1062967620)#0006' 6-max (real money) Seat #3 is the button
Seat 1: Lolopike (22219)
Seat 2: MathisKcr (56926)
Seat 3: JohnSy1972 (61449)
Seat 4: MagnusleR (18883)
Seat 5: All_in&Tom (18231)
Seat 6: Ketsui (7011)
*** ANTE/BLINDS ***
MagnusleR posts ante 35
All_in&Tom posts ante 35
Lolopike posts ante 35
MathisKcr posts ante 35
JohnSy1972 posts ante 35
Ketsui posts ante 35
MagnusleR posts small blind 150
All_in&Tom posts big blind 300
Dealt to MathisKcr [3h 5c]
*** PRE-FLOP *** 
Ketsui folds
Lolopike folds
MathisKcr folds
JohnSy1972 folds
MagnusleR calls 150
All_in&Tom checks
*** FLOP *** [9c 8s Ac]
MagnusleR checks
All_in&Tom checks
*** TURN *** [9c 8s Ac][2s]
MagnusleR checks
All_in&Tom bets 535
MagnusleR calls 535
*** RIVER *** [9c 8s Ac 2s][Qc]
MagnusleR checks
All_in&Tom checks
*** SHOW DOWN ***
MagnusleR shows [Ks 9h] (One pair : 9)
All_in&Tom shows [Ad 6h] (One pair : Aces)
All_in&Tom collected 1880 from pot
*** SUMMARY ***
Total pot 1880 | No rake
Board: [9c 8s Ac 2s Qc]
Seat 4: MagnusleR (small blind) showed [Ks 9h] and lost with One pair : 9
Seat 5: All_in&Tom (big blind) showed [Ad 6h] and won 1880 with One pair : Aces


Winamax Poker - Tournament "MYSTERY KO" buyIn: 1.80€ + 0.20€ level: 3 - HandId: #4565411164606955527-18-1773526763 - Holdem no limit (35/150/300) - 2026/03/14 22:19:23 UTC
Table: 'MYSTERY KO(1062967620)#0006' 6-max (real money) Seat #4 is the button
Seat 1: Lolopike (22184)
Seat 2: MathisKcr (56891)
Seat 3: JohnSy1972 (61414)
Seat 4: MagnusleR (18013)
Seat 5: All_in&Tom (19241)
Seat 6: Ketsui (6976)
*** ANTE/BLINDS ***
All_in&Tom posts ante 35
Ketsui posts ante 35
Lolopike posts ante 35
MathisKcr posts ante 35
JohnSy1972 posts ante 35
MagnusleR posts ante 35
All_in&Tom posts small blind 150
Ketsui posts big blind 300
Dealt to MathisKcr [Jh 9d]
*** PRE-FLOP *** 
Lolopike folds
MathisKcr raises 300 to 600
JohnSy1972 folds
MagnusleR folds
All_in&Tom folds
Ketsui folds
MathisKcr collected 1260 from pot
*** SUMMARY ***
Total pot 1260 | No rake
Seat 2: MathisKcr won 1260


Winamax Poker - Tournament "MYSTERY KO" buyIn: 1.80€ + 0.20€ level: 3 - HandId: #4565411164606955527-19-1773526785 - Holdem no limit (35/150/300) - 2026/03/14 22:19:45 UTC
Table: 'MYSTERY KO(1062967620)#0006' 6-max (real money) Seat #5 is the button
Seat 1: Lolopike (22149)
Seat 2: MathisKcr (57516)
Seat 3: JohnSy1972 (61379)
Seat 4: MagnusleR (17978)
Seat 5: All_in&Tom (19056)
Seat 6: Ketsui (6641)
*** ANTE/BLINDS ***
Ketsui posts ante 35
Lolopike posts ante 35
MathisKcr posts ante 35
JohnSy1972 posts ante 35
MagnusleR posts ante 35
All_in&Tom posts ante 35
Ketsui posts small blind 150
Lolopike posts big blind 300
Dealt to MathisKcr [Ah Ks]
*** PRE-FLOP *** 
MathisKcr raises 300 to 600
JohnSy1972 folds
MagnusleR calls 600
All_in&Tom raises 2100 to 2700
Ketsui folds
Lolopike folds
MathisKcr raises 5400 to 8100
MagnusleR raises 9843 to 17943 and is all-in
All_in&Tom calls 15243
MathisKcr calls 9843
*** FLOP *** [Kd 7s Qc]
MathisKcr bets 1200
All_in&Tom calls 1078 and is all-in
*** TURN *** [Kd 7s Qc][4d]
*** RIVER *** [Kd 7s Qc 4d][5h]
*** SHOW DOWN ***
MagnusleR shows [Tc Td] (One pair : Tens)
All_in&Tom shows [Jc Jd] (One pair : Jacks)
MathisKcr shows [Ah Ks] (One pair : Kings)
MathisKcr collected 56767 from pot
*** SUMMARY ***
Total pot 56767 | No rake
Board: [Kd 7s Qc 4d 5h]
Seat 2: MathisKcr showed [Ah Ks] and won 56767 with One pair : Kings
Seat 4: MagnusleR showed [Tc Td] and lost with One pair : Tens
Seat 5: All_in&Tom (button) showed [Jc Jd] and lost with One pair : Jacks


Winamax Poker - Tournament "MYSTERY KO" buyIn: 1.80€ + 0.20€ level: 4 - HandId: #4565411164606955527-20-1773526865 - Holdem no limit (40/175/350) - 2026/03/14 22:21:05 UTC
Table: 'MYSTERY KO(1062967620)#0006' 6-max (real money) Seat #6 is the button
Seat 1: Lolopike (21814)
Seat 2: MathisKcr (95105)
Seat 3: JohnSy1972 (61344)
Seat 6: Ketsui (6456)
*** ANTE/BLINDS ***
Lolopike posts ante 40
MathisKcr posts ante 40
JohnSy1972 posts ante 40
Ketsui posts ante 40
Lolopike posts small blind 175
MathisKcr posts big blind 350
Dealt to MathisKcr [6s Qc]
*** PRE-FLOP *** 
JohnSy1972 folds
Ketsui folds
Lolopike folds
MathisKcr collected 685 from pot
*** SUMMARY ***
Total pot 685 | No rake
Seat 2: MathisKcr (big blind) won 685


Winamax Poker - Tournament "MYSTERY KO" buyIn: 1.80€ + 0.20€ level: 4 - HandId: #4565411164606955527-21-1773526881 - Holdem no limit (40/175/350) - 2026/03/14 22:21:21 UTC
Table: 'MYSTERY KO(1062967620)#0006' 6-max (real money) Seat #1 is the button
Seat 1: Lolopike (21599)
Seat 2: MathisKcr (95400)
Seat 3: JohnSy1972 (61304)
Seat 4: Gkeeper21 (20000)
Seat 5: MfArNeAdE (22695)
Seat 6: Ketsui (6416)
*** ANTE/BLINDS ***
MathisKcr posts ante 40
JohnSy1972 posts ante 40
Lolopike posts ante 40
Gkeeper21 posts ante 40
MfArNeAdE posts ante 40
Ketsui posts ante 40
MathisKcr posts small blind 175
JohnSy1972 posts big blind 350
Dealt to MathisKcr [Qc Th]
*** PRE-FLOP *** 
Gkeeper21 folds
MfArNeAdE folds
Ketsui raises 6026 to 6376 and is all-in
Lolopike folds
MathisKcr calls 6201
JohnSy1972 folds
*** FLOP *** [7s Ac 6s]
*** TURN *** [7s Ac 6s][8d]
*** RIVER *** [7s Ac 6s 8d][6h]
*** SHOW DOWN ***
MathisKcr shows [Qc Th] (One pair : 6)
Ketsui shows [4s 4d] (Two pairs : 6 and 4)
Ketsui collected 13342 from pot
*** SUMMARY ***
Total pot 13342 | No rake
Board: [7s Ac 6s 8d 6h]
Seat 2: MathisKcr (small blind) showed [Qc Th] and lost with One pair : 6
Seat 6: Ketsui showed [4s 4d] and won 13342 with Two pairs : 6 and 4


Winamax Poker - Tournament "MYSTERY KO" buyIn: 1.80€ + 0.20€ level: 4 - HandId: #4565411164606955527-22-1773526929 - Holdem no limit (40/175/350) - 2026/03/14 22:22:09 UTC
Table: 'MYSTERY KO(1062967620)#0006' 6-max (real money) Seat #2 is the button
Seat 1: Lolopike (21559)
Seat 2: MathisKcr (88984)
Seat 3: JohnSy1972 (60914)
Seat 4: Gkeeper21 (19960)
Seat 5: MfArNeAdE (22655)
Seat 6: Ketsui (13342)
*** ANTE/BLINDS ***
JohnSy1972 posts ante 40
Gkeeper21 posts ante 40
Lolopike posts ante 40
MathisKcr posts ante 40
MfArNeAdE posts ante 40
Ketsui posts ante 40
JohnSy1972 posts small blind 175
Gkeeper21 posts big blind 350
Dealt to MathisKcr [8d Ts]
*** PRE-FLOP *** 
MfArNeAdE folds
Ketsui folds
Lolopike folds
MathisKcr raises 350 to 700
JohnSy1972 folds
Gkeeper21 folds
MathisKcr collected 1465 from pot
*** SUMMARY ***
Total pot 1465 | No rake
Seat 2: MathisKcr (button) won 1465


Winamax Poker - Tournament "MYSTERY KO" buyIn: 1.80€ + 0.20€ level: 4 - HandId: #4565411164606955527-23-1773526973 - Holdem no limit (40/175/350) - 2026/03/14 22:22:53 UTC
Table: 'MYSTERY KO(1062967620)#0006' 6-max (real money) Seat #3 is the button
Seat 1: Lolopike (21519)
Seat 2: MathisKcr (89709)
Seat 3: JohnSy1972 (60699)
Seat 4: Gkeeper21 (19570)
Seat 5: MfArNeAdE (22615)
Seat 6: Ketsui (13302)
*** ANTE/BLINDS ***
Gkeeper21 posts ante 40
MfArNeAdE posts ante 40
Lolopike posts ante 40
MathisKcr posts ante 40
JohnSy1972 posts ante 40
Ketsui posts ante 40
Gkeeper21 posts small blind 175
MfArNeAdE posts big blind 350
Dealt to MathisKcr [5s 5c]
*** PRE-FLOP *** 
Ketsui folds
Lolopike raises 350 to 700
MathisKcr raises 88969 to 89669 and is all-in
JohnSy1972 folds
Gkeeper21 folds
MfArNeAdE folds
Lolopike folds
MathisKcr collected 91134 from pot
*** SUMMARY ***
Total pot 91134 | No rake
Seat 2: MathisKcr won 91134


Winamax Poker - Tournament "MYSTERY KO" buyIn: 1.80€ + 0.20€ level: 4 - HandId: #4565411164606955527-24-1773527013 - Holdem no limit (40/175/350) - 2026/03/14 22:23:33 UTC
Table: 'MYSTERY KO(1062967620)#0006' 6-max (real money) Seat #4 is the button
Seat 1: Lolopike (20779)
Seat 2: MathisKcr (91134)
Seat 3: JohnSy1972 (60659)
Seat 4: Gkeeper21 (19355)
Seat 5: MfArNeAdE (22225)
Seat 6: Ketsui (13262)
*** ANTE/BLINDS ***
MfArNeAdE posts ante 40
Ketsui posts ante 40
Lolopike posts ante 40
MathisKcr posts ante 40
JohnSy1972 posts ante 40
Gkeeper21 posts ante 40
MfArNeAdE posts small blind 175
Ketsui posts big blind 350
Dealt to MathisKcr [9d Tc]
*** PRE-FLOP *** 
Lolopike raises 350 to 700
MathisKcr folds
JohnSy1972 folds
Gkeeper21 raises 1400 to 2100
MfArNeAdE folds
Ketsui folds
Lolopike raises 18639 to 20739 and is all-in
Gkeeper21 calls 17215 and is all-in
*** FLOP *** [3s 9h 2h]
*** TURN *** [3s 9h 2h][As]
*** RIVER *** [3s 9h 2h As][3d]
*** SHOW DOWN ***
Lolopike shows [8c 8h] (Two pairs : 8 and 3)
Gkeeper21 shows [Js Jh] (Two pairs : Jacks and 3)
Gkeeper21 collected 39395 from main pot
Lolopike collected 1424 from side pot 1
*** SUMMARY ***
Total pot 40819 | No rake
Board: [3s 9h 2h As 3d]
Seat 1: Lolopike showed [8c 8h] and won 1424 with Two pairs : 8 and 3
Seat 4: Gkeeper21 (button) showed [Js Jh] and won 39395 with Two pairs : Jacks and 3


Winamax Poker - Tournament "MYSTERY KO" buyIn: 1.80€ + 0.20€ level: 5 - HandId: #4565411164606955527-25-1773527062 - Holdem no limit (50/200/400) - 2026/03/14 22:24:22 UTC
Table: 'MYSTERY KO(1062967620)#0006' 6-max (real money) Seat #5 is the button
Seat 1: Lolopike (1424)
Seat 2: MathisKcr (91094)
Seat 3: JohnSy1972 (60619)
Seat 4: Gkeeper21 (39395)
Seat 5: MfArNeAdE (22010)
Seat 6: Ketsui (12872)
*** ANTE/BLINDS ***
Ketsui posts ante 50
Lolopike posts ante 50
MathisKcr posts ante 50
JohnSy1972 posts ante 50
Gkeeper21 posts ante 50
MfArNeAdE posts ante 50
Ketsui posts small blind 200
Lolopike posts big blind 400
Dealt to MathisKcr [Ts 6c]
*** PRE-FLOP *** 
MathisKcr folds
JohnSy1972 raises 800 to 1200
Gkeeper21 folds
MfArNeAdE folds
Ketsui folds
Lolopike raises 174 to 1374 and is all-in
JohnSy1972 calls 174
*** FLOP *** [Ad As Qh]
*** TURN *** [Ad As Qh][Ac]
*** RIVER *** [Ad As Qh Ac][Ks]
*** SHOW DOWN ***
Lolopike shows [7c 5h] (Trips of Aces)
JohnSy1972 shows [Jc Kd] (Full of Aces and Kings)
JohnSy1972 collected 3248 from pot
*** SUMMARY ***
Total pot 3248 | No rake
Board: [Ad As Qh Ac Ks]
Seat 1: Lolopike (big blind) showed [7c 5h] and lost with Trips of Aces
Seat 3: JohnSy1972 showed [Jc Kd] and won 3248 with Full of Aces and Kings


Winamax Poker - Tournament "MYSTERY KO" buyIn: 1.80€ + 0.20€ level: 5 - HandId: #4565411164606955527-26-1773527093 - Holdem no limit (50/200/400) - 2026/03/14 22:24:53 UTC
Table: 'MYSTERY KO(1062967620)#0006' 6-max (real money) Seat #6 is the button
Seat 2: MathisKcr (91044)
Seat 3: JohnSy1972 (62443)
Seat 4: Gkeeper21 (39345)
Seat 5: MfArNeAdE (21960)
Seat 6: Ketsui (12622)
*** ANTE/BLINDS ***
MathisKcr posts ante 50
JohnSy1972 posts ante 50
Gkeeper21 posts ante 50
MfArNeAdE posts ante 50
Ketsui posts ante 50
MathisKcr posts big blind 400
Dealt to MathisKcr [2d Th]
*** PRE-FLOP *** 
JohnSy1972 raises 1600 to 2000
Gkeeper21 folds
MfArNeAdE folds
Ketsui folds
MathisKcr folds
JohnSy1972 collected 2650 from pot
*** SUMMARY ***
Total pot 2650 | No rake
Seat 3: JohnSy1972 won 2650


Winamax Poker - Tournament "MYSTERY KO" buyIn: 1.80€ + 0.20€ level: 5 - HandId: #4565411164606955527-27-1773527131 - Holdem no limit (50/200/400) - 2026/03/14 22:25:31 UTC
Table: 'MYSTERY KO(1062967620)#0006' 6-max (real money) Seat #1 is the button
Seat 1: SA Padrino63 (20000)
Seat 2: MathisKcr (90594)
Seat 3: JohnSy1972 (63043)
Seat 4: Gkeeper21 (39295)
Seat 5: MfArNeAdE (21910)
Seat 6: Ketsui (12572)
*** ANTE/BLINDS ***
MathisKcr posts ante 50
JohnSy1972 posts ante 50
Gkeeper21 posts ante 50
MfArNeAdE posts ante 50
Ketsui posts ante 50
MathisKcr posts small blind 200
JohnSy1972 posts big blind 400
Dealt to MathisKcr [Ks Js]
*** PRE-FLOP *** 
Gkeeper21 folds
MfArNeAdE folds
Ketsui folds
MathisKcr raises 400 to 800
JohnSy1972 calls 400
*** FLOP *** [Ah 4h 9c]
MathisKcr bets 925
JohnSy1972 raises 1075 to 2000
MathisKcr calls 1075
*** TURN *** [Ah 4h 9c][Kc]
MathisKcr checks
JohnSy1972 bets 3200
MathisKcr calls 3200
*** RIVER *** [Ah 4h 9c Kc][Td]
MathisKcr checks
JohnSy1972 checks
*** SHOW DOWN ***
MathisKcr shows [Ks Js] (One pair : Kings)
JohnSy1972 shows [As 7d] (One pair : Aces)
JohnSy1972 collected 12250 from pot
*** SUMMARY ***
Total pot 12250 | No rake
Board: [Ah 4h 9c Kc Td]
Seat 2: MathisKcr (small blind) showed [Ks Js] and lost with One pair : Kings
Seat 3: JohnSy1972 (big blind) showed [As 7d] and won 12250 with One pair : Aces


Winamax Poker - Tournament "MYSTERY KO" buyIn: 1.80€ + 0.20€ level: 5 - HandId: #4565411164606955527-28-1773527201 - Holdem no limit (50/200/400) - 2026/03/14 22:26:41 UTC
Table: 'MYSTERY KO(1062967620)#0006' 6-max (real money) Seat #2 is the button
Seat 1: SA Padrino63 (20000)
Seat 2: MathisKcr (84544)
Seat 3: JohnSy1972 (69243)
Seat 4: Gkeeper21 (39245)
Seat 5: MfArNeAdE (21860)
Seat 6: Ketsui (12522)
*** ANTE/BLINDS ***
JohnSy1972 posts ante 50
Gkeeper21 posts ante 50
SA Padrino63 posts ante 50
MathisKcr posts ante 50
MfArNeAdE posts ante 50
Ketsui posts ante 50
JohnSy1972 posts small blind 200
Gkeeper21 posts big blind 400
Dealt to MathisKcr [Tc 7d]
*** PRE-FLOP *** 
MfArNeAdE raises 400 to 800
Ketsui folds
SA Padrino63 calls 800
MathisKcr folds
JohnSy1972 folds
Gkeeper21 calls 400
*** FLOP *** [6h 4s 2s]
Gkeeper21 checks
MfArNeAdE bets 800
SA Padrino63 calls 800
Gkeeper21 folds
*** TURN *** [6h 4s 2s][Js]
MfArNeAdE bets 1125
SA Padrino63 calls 1125
*** RIVER *** [6h 4s 2s Js][5d]
MfArNeAdE checks
SA Padrino63 checks
*** SHOW DOWN ***
SA Padrino63 shows [Qh 8s] (High card : Queen)
MfArNeAdE shows [6c 6s] (Trips of 6)
MfArNeAdE collected 6750 from pot
*** SUMMARY ***
Total pot 6750 | No rake
Board: [6h 4s 2s Js 5d]
Seat 1: SA Padrino63 showed [Qh 8s] and lost with High card : Queen
Seat 5: MfArNeAdE showed [6c 6s] and won 6750 with Trips of 6


Winamax Poker - Tournament "MYSTERY KO" buyIn: 1.80€ + 0.20€ level: 6 - HandId: #4565411164606955527-29-1773527312 - Holdem no limit (60/250/500) - 2026/03/14 22:28:32 UTC
Table: 'MYSTERY KO(1062967620)#0006' 6-max (real money) Seat #3 is the button
Seat 1: SA Padrino63 (17225)
Seat 2: MathisKcr (84494)
Seat 3: JohnSy1972 (68993)
Seat 4: Gkeeper21 (38395)
Seat 5: MfArNeAdE (25835)
Seat 6: Ketsui (12472)
*** ANTE/BLINDS ***
Gkeeper21 posts ante 60
MfArNeAdE posts ante 60
SA Padrino63 posts ante 60
MathisKcr posts ante 60
JohnSy1972 posts ante 60
Ketsui posts ante 60
Gkeeper21 posts small blind 250
MfArNeAdE posts big blind 500
Dealt to MathisKcr [2d 4h]
*** PRE-FLOP *** 
Ketsui folds
SA Padrino63 folds
MathisKcr folds
JohnSy1972 folds
Gkeeper21 folds
MfArNeAdE collected 1110 from pot
*** SUMMARY ***
Total pot 1110 | No rake
Seat 5: MfArNeAdE (big blind) won 1110


Winamax Poker - Tournament "MYSTERY KO" buyIn: 1.80€ + 0.20€ level: 6 - HandId: #4565411164606955527-30-1773527336 - Holdem no limit (60/250/500) - 2026/03/14 22:28:56 UTC
Table: 'MYSTERY KO(1062967620)#0006' 6-max (real money) Seat #4 is the button
Seat 1: SA Padrino63 (17165)
Seat 2: MathisKcr (84434)
Seat 3: JohnSy1972 (68933)
Seat 4: Gkeeper21 (38085)
Seat 5: MfArNeAdE (26385)
Seat 6: Ketsui (12412)
*** ANTE/BLINDS ***
MfArNeAdE posts ante 60
Ketsui posts ante 60
SA Padrino63 posts ante 60
MathisKcr posts ante 60
JohnSy1972 posts ante 60
Gkeeper21 posts ante 60
MfArNeAdE posts small blind 250
Ketsui posts big blind 500
Dealt to MathisKcr [Jc 2h]
*** PRE-FLOP *** 
SA Padrino63 folds
MathisKcr folds
JohnSy1972 folds
Gkeeper21 folds
MfArNeAdE calls 250
Ketsui checks
*** FLOP *** [Ad 7h 6c]
MfArNeAdE checks
Ketsui checks
*** TURN *** [Ad 7h 6c][3s]
MfArNeAdE bets 680
Ketsui calls 680
*** RIVER *** [Ad 7h 6c 3s][Ts]
MfArNeAdE bets 1360
Ketsui calls 1360
*** SHOW DOWN ***
Ketsui shows [Qc 7c] (One pair : 7)
MfArNeAdE shows [Qh Qs] (One pair : Queens)
MfArNeAdE collected 5440 from pot
*** SUMMARY ***
Total pot 5440 | No rake
Board: [Ad 7h 6c 3s Ts]
Seat 5: MfArNeAdE (small blind) showed [Qh Qs] and won 5440 with One pair : Queens
Seat 6: Ketsui (big blind) showed [Qc 7c] and lost with One pair : 7


Winamax Poker - Tournament "MYSTERY KO" buyIn: 1.80€ + 0.20€ level: 7 - HandId: #4565411164606955527-31-1773527438 - Holdem no limit (70/300/600) - 2026/03/14 22:30:38 UTC
Table: 'MYSTERY KO(1062967620)#0006' 6-max (real money) Seat #5 is the button
Seat 1: SA Padrino63 (17105)
Seat 2: MathisKcr (84374)
Seat 3: JohnSy1972 (68873)
Seat 4: Gkeeper21 (38025)
Seat 5: MfArNeAdE (29225)
Seat 6: Ketsui (9812)
*** ANTE/BLINDS ***
Ketsui posts ante 70
SA Padrino63 posts ante 70
MathisKcr posts ante 70
JohnSy1972 posts ante 70
Gkeeper21 posts ante 70
MfArNeAdE posts ante 70
Ketsui posts small blind 300
SA Padrino63 posts big blind 600
Dealt to MathisKcr [Th Js]
*** PRE-FLOP *** 
MathisKcr raises 600 to 1200
JohnSy1972 folds
Gkeeper21 calls 1200
MfArNeAdE folds
Ketsui folds
SA Padrino63 calls 600
*** FLOP *** [5h 4c Tc]
SA Padrino63 bets 1512
MathisKcr raises 3312 to 4824
Gkeeper21 folds
SA Padrino63 calls 3312
*** TURN *** [5h 4c Tc][7h]
SA Padrino63 checks
MathisKcr bets 4889
SA Padrino63 raises 6122 to 11011 and is all-in
MathisKcr calls 6122
*** RIVER *** [5h 4c Tc 7h][3h]
*** SHOW DOWN ***
MathisKcr shows [Th Js] (One pair : Tens)
SA Padrino63 shows [4h 2h] (Flush 7 high)
SA Padrino63 collected 35990 from pot
*** SUMMARY ***
Total pot 35990 | No rake
Board: [5h 4c Tc 7h 3h]
Seat 1: SA Padrino63 (big blind) showed [4h 2h] and won 35990 with Flush 7 high
Seat 2: MathisKcr showed [Th Js] and lost with One pair : Tens


Winamax Poker - Tournament "MYSTERY KO" buyIn: 1.80€ + 0.20€ level: 7 - HandId: #4565411164606955527-32-1773527514 - Holdem no limit (70/300/600) - 2026/03/14 22:31:54 UTC
Table: 'MYSTERY KO(1062967620)#0006' 6-max (real money) Seat #6 is the button
Seat 1: SA Padrino63 (35990)
Seat 2: MathisKcr (67269)
Seat 3: JohnSy1972 (68803)
Seat 4: Gkeeper21 (36755)
Seat 5: MfArNeAdE (29155)
Seat 6: Ketsui (9442)
*** ANTE/BLINDS ***
SA Padrino63 posts ante 70
MathisKcr posts ante 70
JohnSy1972 posts ante 70
Gkeeper21 posts ante 70
MfArNeAdE posts ante 70
Ketsui posts ante 70
SA Padrino63 posts small blind 300
MathisKcr posts big blind 600
Dealt to MathisKcr [4s 5h]
*** PRE-FLOP *** 
JohnSy1972 folds
Gkeeper21 folds
MfArNeAdE folds
Ketsui folds
SA Padrino63 calls 300
MathisKcr checks
*** FLOP *** [3d Qh 4d]
SA Padrino63 checks
MathisKcr bets 1200
SA Padrino63 folds
MathisKcr collected 2820 from pot
*** SUMMARY ***
Total pot 2820 | No rake
Board: [3d Qh 4d]
Seat 2: MathisKcr (big blind) won 2820


Winamax Poker - Tournament "MYSTERY KO" buyIn: 1.80€ + 0.20€ level: 8 - HandId: #4565411164606955527-33-1773527593 - Holdem no limit (80/350/700) - 2026/03/14 22:33:13 UTC
Table: 'MYSTERY KO(1062967620)#0006' 6-max (real money) Seat #1 is the button
Seat 1: SA Padrino63 (35320)
Seat 2: MathisKcr (68219)
Seat 3: JohnSy1972 (68733)
Seat 4: Gkeeper21 (36685)
Seat 5: MfArNeAdE (29085)
Seat 6: Ketsui (9372)
*** ANTE/BLINDS ***
MathisKcr posts ante 80
JohnSy1972 posts ante 80
SA Padrino63 posts ante 80
Gkeeper21 posts ante 80
MfArNeAdE posts ante 80
Ketsui posts ante 80
MathisKcr posts small blind 350
JohnSy1972 posts big blind 700
Dealt to MathisKcr [2s 3h]
*** PRE-FLOP *** 
Gkeeper21 folds
MfArNeAdE folds
Ketsui folds
SA Padrino63 folds
MathisKcr raises 1050 to 1750
JohnSy1972 folds
MathisKcr collected 2930 from pot
*** SUMMARY ***
Total pot 2930 | No rake
Seat 2: MathisKcr (small blind) won 2930


Winamax Poker - Tournament "MYSTERY KO" buyIn: 1.80€ + 0.20€ level: 8 - HandId: #4565411164606955527-34-1773527626 - Holdem no limit (80/350/700) - 2026/03/14 22:33:46 UTC
Table: 'MYSTERY KO(1062967620)#0006' 6-max (real money) Seat #2 is the button
Seat 1: SA Padrino63 (35240)
Seat 2: MathisKcr (69319)
Seat 3: JohnSy1972 (67953)
Seat 4: Gkeeper21 (36605)
Seat 5: MfArNeAdE (29005)
Seat 6: Ketsui (9292)
*** ANTE/BLINDS ***
JohnSy1972 posts ante 80
Gkeeper21 posts ante 80
SA Padrino63 posts ante 80
MathisKcr posts ante 80
MfArNeAdE posts ante 80
Ketsui posts ante 80
JohnSy1972 posts small blind 350
Gkeeper21 posts big blind 700
Dealt to MathisKcr [Jd Qh]
*** PRE-FLOP *** 
MfArNeAdE folds
Ketsui folds
SA Padrino63 folds
MathisKcr raises 700 to 1400
JohnSy1972 folds
Gkeeper21 raises 2800 to 4200
MathisKcr raises 65039 to 69239 and is all-in
Gkeeper21 calls 32325 and is all-in
*** FLOP *** [Ts 3d Ks]
*** TURN *** [Ts 3d Ks][9s]
*** RIVER *** [Ts 3d Ks 9s][7c]
*** SHOW DOWN ***
Gkeeper21 shows [Qd Ac] (High card : Ace)
MathisKcr shows [Jd Qh] (Straight King high)
MathisKcr collected 106594 from pot
*** SUMMARY ***
Total pot 106594 | No rake
Board: [Ts 3d Ks 9s 7c]
Seat 2: MathisKcr (button) showed [Jd Qh] and won 106594 with Straight King high
Seat 4: Gkeeper21 (big blind) showed [Qd Ac] and lost with High card : Ace


Winamax Poker - Tournament "MYSTERY KO" buyIn: 1.80€ + 0.20€ level: 8 - HandId: #4565411164606955527-35-1773527685 - Holdem no limit (80/350/700) - 2026/03/14 22:34:45 UTC
Table: 'MYSTERY KO(1062967620)#0006' 6-max (real money) Seat #3 is the button
Seat 1: SA Padrino63 (35160)
Seat 2: MathisKcr (106594)
Seat 3: JohnSy1972 (67523)
Seat 5: MfArNeAdE (28925)
Seat 6: Ketsui (9212)
*** ANTE/BLINDS ***
MfArNeAdE posts ante 80
SA Padrino63 posts ante 80
MathisKcr posts ante 80
JohnSy1972 posts ante 80
Ketsui posts ante 80
MfArNeAdE posts big blind 700
Dealt to MathisKcr [Jh 3d]
*** PRE-FLOP *** 
Ketsui folds
SA Padrino63 folds
MathisKcr folds
JohnSy1972 folds
MfArNeAdE collected 1100 from pot
*** SUMMARY ***
Total pot 1100 | No rake
Seat 5: MfArNeAdE (big blind) won 1100


Winamax Poker - Tournament "MYSTERY KO" buyIn: 1.80€ + 0.20€ level: 8 - HandId: #4565411164606955527-36-1773527711 - Holdem no limit (80/350/700) - 2026/03/14 22:35:11 UTC
Table: 'MYSTERY KO(1062967620)#0006' 6-max (real money) Seat #4 is the button
Seat 1: SA Padrino63 (35080)
Seat 2: MathisKcr (106514)
Seat 3: JohnSy1972 (67443)
Seat 5: MfArNeAdE (29245)
Seat 6: Ketsui (9132)
*** ANTE/BLINDS ***
MfArNeAdE posts ante 80
Ketsui posts ante 80
SA Padrino63 posts ante 80
MathisKcr posts ante 80
JohnSy1972 posts ante 80
MfArNeAdE posts small blind 350
Ketsui posts big blind 700
Dealt to MathisKcr [6h 7s]
*** PRE-FLOP *** 
SA Padrino63 calls 700
MathisKcr folds
JohnSy1972 folds
MfArNeAdE raises 2100 to 2800
Ketsui folds
SA Padrino63 calls 2100
*** FLOP *** [Td 7h Ts]
MfArNeAdE bets 1675
SA Padrino63 folds
MfArNeAdE collected 8375 from pot
*** SUMMARY ***
Total pot 8375 | No rake
Board: [Td 7h Ts]
Seat 5: MfArNeAdE (small blind) won 8375


Winamax Poker - Tournament "MYSTERY KO" buyIn: 1.80€ + 0.20€ level: 9 - HandId: #4565411164606955527-37-1773527783 - Holdem no limit (100/400/800) - 2026/03/14 22:36:23 UTC
Table: 'MYSTERY KO(1062967620)#0006' 6-max (real money) Seat #5 is the button
Seat 1: SA Padrino63 (32200)
Seat 2: MathisKcr (106434)
Seat 3: JohnSy1972 (67363)
Seat 4: honfleur19 (20000)
Seat 5: MfArNeAdE (33065)
Seat 6: Ketsui (8352)
*** ANTE/BLINDS ***
Ketsui posts ante 100
SA Padrino63 posts ante 100
MathisKcr posts ante 100
JohnSy1972 posts ante 100
honfleur19 posts ante 100
MfArNeAdE posts ante 100
Ketsui posts small blind 400
SA Padrino63 posts big blind 800
Dealt to MathisKcr [6s 2h]
*** PRE-FLOP *** 
MathisKcr folds
JohnSy1972 raises 1200 to 2000
honfleur19 folds
MfArNeAdE folds
Ketsui folds
SA Padrino63 raises 5000 to 7000
JohnSy1972 calls 5000
*** FLOP *** [4c Ks Ad]
SA Padrino63 bets 25100 and is all-in
JohnSy1972 folds
SA Padrino63 collected 40100 from pot
*** SUMMARY ***
Total pot 40100 | No rake
Board: [4c Ks Ad]
Seat 1: SA Padrino63 (big blind) won 40100


Winamax Poker - Tournament "MYSTERY KO" buyIn: 1.80€ + 0.20€ level: 9 - HandId: #4565411164606955527-38-1773527843 - Holdem no limit (100/400/800) - 2026/03/14 22:37:23 UTC
Table: 'MYSTERY KO(1062967620)#0006' 6-max (real money) Seat #6 is the button
Seat 1: SA Padrino63 (40100)
Seat 2: MathisKcr (106334)
Seat 3: JohnSy1972 (60263)
Seat 4: honfleur19 (19900)
Seat 5: MfArNeAdE (32965)
Seat 6: Ketsui (7852)
*** ANTE/BLINDS ***
SA Padrino63 posts ante 100
MathisKcr posts ante 100
JohnSy1972 posts ante 100
honfleur19 posts ante 100
MfArNeAdE posts ante 100
Ketsui posts ante 100
SA Padrino63 posts small blind 400
MathisKcr posts big blind 800
Dealt to MathisKcr [8d Kc]
*** PRE-FLOP *** 
JohnSy1972 folds
honfleur19 raises 1600 to 2400
MfArNeAdE raises 30465 to 32865 and is all-in
Ketsui folds
SA Padrino63 folds
MathisKcr folds
honfleur19 calls 17400 and is all-in
*** FLOP *** [6d 6s 2s]
*** TURN *** [6d 6s 2s][Ks]
*** RIVER *** [6d 6s 2s Ks][4c]
*** SHOW DOWN ***
honfleur19 shows [Ad Qd] (One pair : 6)
MfArNeAdE shows [9d 9h] (Two pairs : 9 and 6)
MfArNeAdE collected 54465 from pot
*** SUMMARY ***
Total pot 54465 | No rake
Board: [6d 6s 2s Ks 4c]
Seat 4: honfleur19 showed [Ad Qd] and lost with One pair : 6
Seat 5: MfArNeAdE showed [9d 9h] and won 54465 with Two pairs : 9 and 6


Winamax Poker - Tournament "MYSTERY KO" buyIn: 1.80€ + 0.20€ level: 9 - HandId: #4565411164606955527-39-1773527907 - Holdem no limit (100/400/800) - 2026/03/14 22:38:27 UTC
Table: 'MYSTERY KO(1062967620)#0006' 6-max (real money) Seat #1 is the button
Seat 1: SA Padrino63 (39600)
Seat 2: MathisKcr (105434)
Seat 3: JohnSy1972 (60163)
Seat 5: MfArNeAdE (54465)
Seat 6: Ketsui (7752)
*** ANTE/BLINDS ***
MathisKcr posts ante 100
JohnSy1972 posts ante 100
SA Padrino63 posts ante 100
MfArNeAdE posts ante 100
Ketsui posts ante 100
MathisKcr posts small blind 400
JohnSy1972 posts big blind 800
Dealt to MathisKcr [Js 8s]
*** PRE-FLOP *** 
MfArNeAdE folds
Ketsui folds
SA Padrino63 calls 800
MathisKcr raises 800 to 1600
JohnSy1972 folds
SA Padrino63 calls 800
*** FLOP *** [Jd Qh 5h]
MathisKcr bets 1575
SA Padrino63 folds
MathisKcr collected 6075 from pot
*** SUMMARY ***
Total pot 6075 | No rake
Board: [Jd Qh 5h]
Seat 2: MathisKcr (small blind) won 6075


Winamax Poker - Tournament "MYSTERY KO" buyIn: 1.80€ + 0.20€ level: 10 - HandId: #4565411164606955527-40-1773527983 - Holdem no limit (120/500/1000) - 2026/03/14 22:39:43 UTC
Table: 'MYSTERY KO(1062967620)#0006' 6-max (real money) Seat #2 is the button
Seat 1: SA Padrino63 (37900)
Seat 2: MathisKcr (108234)
Seat 3: JohnSy1972 (59263)
Seat 5: MfArNeAdE (54365)
Seat 6: Ketsui (7652)
*** ANTE/BLINDS ***
JohnSy1972 posts ante 120
MfArNeAdE posts ante 120
SA Padrino63 posts ante 120
MathisKcr posts ante 120
Ketsui posts ante 120
JohnSy1972 posts small blind 500
MfArNeAdE posts big blind 1000
Dealt to MathisKcr [3s 7d]
*** PRE-FLOP *** 
Ketsui raises 6532 to 7532 and is all-in
SA Padrino63 calls 7532
MathisKcr folds
JohnSy1972 folds
MfArNeAdE folds
*** FLOP *** [Tc Kc 6s]
*** TURN *** [Tc Kc 6s][9h]
*** RIVER *** [Tc Kc 6s 9h][5s]
*** SHOW DOWN ***
SA Padrino63 shows [6c Ac] (One pair : 6)
Ketsui shows [Qd Jd] (Straight King high)
Ketsui collected 17164 from pot
*** SUMMARY ***
Total pot 17164 | No rake
Board: [Tc Kc 6s 9h 5s]
Seat 1: SA Padrino63 showed [6c Ac] and lost with One pair : 6
Seat 6: Ketsui showed [Qd Jd] and won 17164 with Straight King high


Winamax Poker - Tournament "MYSTERY KO" buyIn: 1.80€ + 0.20€ level: 10 - HandId: #4565411164606955527-41-1773528026 - Holdem no limit (120/500/1000) - 2026/03/14 22:40:26 UTC
Table: 'MYSTERY KO(1062967620)#0006' 6-max (real money) Seat #3 is the button
Seat 1: SA Padrino63 (30248)
Seat 2: MathisKcr (108114)
Seat 3: JohnSy1972 (58643)
Seat 5: MfArNeAdE (53245)
Seat 6: Ketsui (17164)
*** ANTE/BLINDS ***
MfArNeAdE posts ante 120
Ketsui posts ante 120
SA Padrino63 posts ante 120
MathisKcr posts ante 120
JohnSy1972 posts ante 120
MfArNeAdE posts small blind 500
Ketsui posts big blind 1000
Dealt to MathisKcr [2s 8s]
*** PRE-FLOP *** 
SA Padrino63 calls 1000
MathisKcr folds
JohnSy1972 raises 1500 to 2500
MfArNeAdE raises 8500 to 11000
Ketsui folds
SA Padrino63 folds
JohnSy1972 calls 8500
*** FLOP *** [3d 3s 2h]
MfArNeAdE bets 6000
JohnSy1972 calls 6000
*** TURN *** [3d 3s 2h][4h]
MfArNeAdE bets 36125 and is all-in
JohnSy1972 folds
MfArNeAdE collected 72725 from pot
*** SUMMARY ***
Total pot 72725 | No rake
Board: [3d 3s 2h 4h]
Seat 5: MfArNeAdE (small blind) won 72725


Winamax Poker - Tournament "MYSTERY KO" buyIn: 1.80€ + 0.20€ level: 10 - HandId: #4565411164606955527-42-1773528109 - Holdem no limit (120/500/1000) - 2026/03/14 22:41:49 UTC
Table: 'MYSTERY KO(1062967620)#0006' 6-max (real money) Seat #5 is the button
Seat 1: SA Padrino63 (29128)
Seat 2: MathisKcr (107994)
Seat 3: JohnSy1972 (41523)
Seat 4: jlelcorzo (30517)
Seat 5: MfArNeAdE (72725)
Seat 6: Ketsui (16044)
*** ANTE/BLINDS ***
Ketsui posts ante 120
SA Padrino63 posts ante 120
MathisKcr posts ante 120
JohnSy1972 posts ante 120
jlelcorzo posts ante 120
MfArNeAdE posts ante 120
Ketsui posts small blind 500
SA Padrino63 posts big blind 1000
Dealt to MathisKcr [7c Qh]
*** PRE-FLOP *** 
MathisKcr raises 1000 to 2000
JohnSy1972 folds
jlelcorzo calls 2000
MfArNeAdE raises 9000 to 11000
Ketsui folds
SA Padrino63 folds
MathisKcr folds
jlelcorzo folds
MfArNeAdE collected 17220 from pot
*** SUMMARY ***
Total pot 17220 | No rake
Seat 5: MfArNeAdE (button) won 17220


Winamax Poker - Tournament "MYSTERY KO" buyIn: 1.80€ + 0.20€ level: 11 - HandId: #4565411164606955527-43-1773528159 - Holdem no limit (140/600/1200) - 2026/03/14 22:42:39 UTC
Table: 'MYSTERY KO(1062967620)#0006' 6-max (real money) Seat #6 is the button
Seat 1: SA Padrino63 (28008)
Seat 2: MathisKcr (105874)
Seat 3: JohnSy1972 (41403)
Seat 4: jlelcorzo (28397)
Seat 5: MfArNeAdE (78825)
Seat 6: Ketsui (15424)
*** ANTE/BLINDS ***
SA Padrino63 posts ante 140
MathisKcr posts ante 140
JohnSy1972 posts ante 140
jlelcorzo posts ante 140
MfArNeAdE posts ante 140
Ketsui posts ante 140
SA Padrino63 posts small blind 600
MathisKcr posts big blind 1200
Dealt to MathisKcr [6d 3c]
*** PRE-FLOP *** 
JohnSy1972 folds
jlelcorzo folds
MfArNeAdE raises 1200 to 2400
Ketsui raises 12884 to 15284 and is all-in
SA Padrino63 folds
MathisKcr folds
MfArNeAdE folds
Ketsui collected 20324 from pot
*** SUMMARY ***
Total pot 20324 | No rake
Seat 6: Ketsui (button) won 20324


Winamax Poker - Tournament "MYSTERY KO" buyIn: 1.80€ + 0.20€ level: 11 - HandId: #4565411164606955527-44-1773528212 - Holdem no limit (140/600/1200) - 2026/03/14 22:43:32 UTC
Table: 'MYSTERY KO(1062967620)#0006' 6-max (real money) Seat #1 is the button
Seat 1: SA Padrino63 (27268)
Seat 2: MathisKcr (104534)
Seat 3: JohnSy1972 (41263)
Seat 4: jlelcorzo (28257)
Seat 5: MfArNeAdE (76285)
Seat 6: Ketsui (20324)
*** ANTE/BLINDS ***
MathisKcr posts ante 140
JohnSy1972 posts ante 140
SA Padrino63 posts ante 140
jlelcorzo posts ante 140
MfArNeAdE posts ante 140
Ketsui posts ante 140
MathisKcr posts small blind 600
JohnSy1972 posts big blind 1200
Dealt to MathisKcr [9c Qh]
*** PRE-FLOP *** 
jlelcorzo folds
MfArNeAdE raises 1200 to 2400
Ketsui folds
SA Padrino63 calls 2400
MathisKcr calls 1800
JohnSy1972 calls 1200
*** FLOP *** [6h 3c 2s]
MathisKcr checks
JohnSy1972 checks
MfArNeAdE checks
SA Padrino63 bets 6786
MathisKcr folds
JohnSy1972 folds
MfArNeAdE folds
SA Padrino63 collected 17226 from pot
*** SUMMARY ***
Total pot 17226 | No rake
Board: [6h 3c 2s]
Seat 1: SA Padrino63 (button) won 17226


Winamax Poker - Tournament "MYSTERY KO" buyIn: 1.80€ + 0.20€ level: 12 - HandId: #4565411164606955527-45-1773528322 - Holdem no limit (160/700/1400) - 2026/03/14 22:45:22 UTC
Table: 'MYSTERY KO(1062967620)#0006' 6-max (real money) Seat #2 is the button
Seat 1: SA Padrino63 (35168)
Seat 2: MathisKcr (101994)
Seat 3: JohnSy1972 (38723)
Seat 4: jlelcorzo (28117)
Seat 5: MfArNeAdE (73745)
Seat 6: Ketsui (20184)
*** ANTE/BLINDS ***
JohnSy1972 posts ante 160
jlelcorzo posts ante 160
SA Padrino63 posts ante 160
MathisKcr posts ante 160
MfArNeAdE posts ante 160
Ketsui posts ante 160
JohnSy1972 posts small blind 700
jlelcorzo posts big blind 1400
Dealt to MathisKcr [6s 8d]
*** PRE-FLOP *** 
MfArNeAdE folds
Ketsui folds
SA Padrino63 calls 1400
MathisKcr folds
JohnSy1972 folds
jlelcorzo checks
*** FLOP *** [3s 9s As]
jlelcorzo checks
SA Padrino63 bets 1561
jlelcorzo folds
SA Padrino63 collected 6021 from pot
*** SUMMARY ***
Total pot 6021 | No rake
Board: [3s 9s As]
Seat 1: SA Padrino63 won 6021


Winamax Poker - Tournament "MYSTERY KO" buyIn: 1.80€ + 0.20€ level: 12 - HandId: #4565411164606955527-46-1773528358 - Holdem no limit (160/700/1400) - 2026/03/14 22:45:58 UTC
Table: 'MYSTERY KO(1062967620)#0006' 6-max (real money) Seat #3 is the button
Seat 1: SA Padrino63 (38068)
Seat 2: MathisKcr (101834)
Seat 3: JohnSy1972 (37863)
Seat 4: jlelcorzo (26557)
Seat 5: MfArNeAdE (73585)
Seat 6: Ketsui (20024)
*** ANTE/BLINDS ***
jlelcorzo posts ante 160
MfArNeAdE posts ante 160
SA Padrino63 posts ante 160
MathisKcr posts ante 160
JohnSy1972 posts ante 160
Ketsui posts ante 160
jlelcorzo posts small blind 700
MfArNeAdE posts big blind 1400
Dealt to MathisKcr [4d 5d]
*** PRE-FLOP *** 
Ketsui folds
SA Padrino63 folds
MathisKcr raises 1400 to 2800
JohnSy1972 folds
jlelcorzo calls 2100
MfArNeAdE raises 9100 to 11900
MathisKcr folds
jlelcorzo folds
MfArNeAdE collected 18460 from pot
*** SUMMARY ***
Total pot 18460 | No rake
Seat 5: MfArNeAdE (big blind) won 18460


Winamax Poker - Tournament "MYSTERY KO" buyIn: 1.80€ + 0.20€ level: 12 - HandId: #4565411164606955527-47-1773528405 - Holdem no limit (160/700/1400) - 2026/03/14 22:46:45 UTC
Table: 'MYSTERY KO(1062967620)#0006' 6-max (real money) Seat #4 is the button
Seat 1: SA Padrino63 (37908)
Seat 2: MathisKcr (98874)
Seat 3: JohnSy1972 (37703)
Seat 4: jlelcorzo (23597)
Seat 5: MfArNeAdE (79985)
Seat 6: Ketsui (19864)
*** ANTE/BLINDS ***
MfArNeAdE posts ante 160
Ketsui posts ante 160
SA Padrino63 posts ante 160
MathisKcr posts ante 160
JohnSy1972 posts ante 160
jlelcorzo posts ante 160
MfArNeAdE posts small blind 700
Ketsui posts big blind 1400
Dealt to MathisKcr [5h 8c]
*** PRE-FLOP *** 
SA Padrino63 calls 1400
MathisKcr folds
JohnSy1972 folds
jlelcorzo calls 1400
MfArNeAdE calls 700
Ketsui checks
*** FLOP *** [7s 3d 7c]
MfArNeAdE checks
Ketsui checks
SA Padrino63 checks
jlelcorzo checks
*** TURN *** [7s 3d 7c][8d]
MfArNeAdE checks
Ketsui checks
SA Padrino63 bets 2296
jlelcorzo folds
MfArNeAdE calls 2296
Ketsui folds
*** RIVER *** [7s 3d 7c 8d][As]
MfArNeAdE bets 4200
SA Padrino63 calls 4200
*** SHOW DOWN ***
SA Padrino63 shows [Kh 8s] (Two pairs : 8 and 7)
MfArNeAdE shows [3h Ad] (Two pairs : Aces and 7)
MfArNeAdE collected 19552 from pot
*** SUMMARY ***
Total pot 19552 | No rake
Board: [7s 3d 7c 8d As]
Seat 1: SA Padrino63 showed [Kh 8s] and lost with Two pairs : 8 and 7
Seat 5: MfArNeAdE (small blind) showed [3h Ad] and won 19552 with Two pairs : Aces and 7


Winamax Poker - Tournament "MYSTERY KO" buyIn: 1.80€ + 0.20€ level: 13 - HandId: #4565411164606955527-48-1773528590 - Holdem no limit (200/800/1600) - 2026/03/14 22:49:50 UTC
Table: 'MYSTERY KO(1062967620)#0006' 6-max (real money) Seat #5 is the button
Seat 1: SA Padrino63 (29852)
Seat 2: MathisKcr (98714)
Seat 3: JohnSy1972 (37543)
Seat 4: jlelcorzo (22037)
Seat 5: MfArNeAdE (91481)
Seat 6: Ketsui (18304)
*** ANTE/BLINDS ***
Ketsui posts ante 200
SA Padrino63 posts ante 200
MathisKcr posts ante 200
JohnSy1972 posts ante 200
jlelcorzo posts ante 200
MfArNeAdE posts ante 200
Ketsui posts small blind 800
SA Padrino63 posts big blind 1600
Dealt to MathisKcr [2s 7c]
*** PRE-FLOP *** 
MathisKcr folds
JohnSy1972 folds
jlelcorzo folds
MfArNeAdE folds
Ketsui raises 16504 to 18104 and is all-in
SA Padrino63 folds
Ketsui collected 20904 from pot
*** SUMMARY ***
Total pot 20904 | No rake
Seat 6: Ketsui (small blind) won 20904


Winamax Poker - Tournament "MYSTERY KO" buyIn: 1.80€ + 0.20€ level: 13 - HandId: #4565411164606955527-49-1773528629 - Holdem no limit (200/800/1600) - 2026/03/14 22:50:29 UTC
Table: 'MYSTERY KO(1062967620)#0006' 6-max (real money) Seat #6 is the button
Seat 1: SA Padrino63 (28052)
Seat 2: MathisKcr (98514)
Seat 3: JohnSy1972 (37343)
Seat 4: jlelcorzo (21837)
Seat 5: MfArNeAdE (91281)
Seat 6: Ketsui (20904)
*** ANTE/BLINDS ***
SA Padrino63 posts ante 200
MathisKcr posts ante 200
JohnSy1972 posts ante 200
jlelcorzo posts ante 200
MfArNeAdE posts ante 200
Ketsui posts ante 200
SA Padrino63 posts small blind 800
MathisKcr posts big blind 1600
Dealt to MathisKcr [8s Kh]
*** PRE-FLOP *** 
JohnSy1972 calls 1600
jlelcorzo folds
MfArNeAdE folds
Ketsui folds
SA Padrino63 calls 800
MathisKcr checks
*** FLOP *** [2h 3c 2s]
SA Padrino63 bets 1600
MathisKcr calls 1600
JohnSy1972 raises 4600 to 6200
SA Padrino63 folds
MathisKcr calls 4600
*** TURN *** [2h 3c 2s][Ah]
MathisKcr checks
JohnSy1972 bets 8000
MathisKcr calls 8000
*** RIVER *** [2h 3c 2s Ah][Qh]
MathisKcr checks
JohnSy1972 checks
*** SHOW DOWN ***
MathisKcr shows [8s Kh] (One pair : 2)
JohnSy1972 shows [6s 6h] (Two pairs : 6 and 2)
JohnSy1972 collected 36000 from pot
*** SUMMARY ***
Total pot 36000 | No rake
Board: [2h 3c 2s Ah Qh]
Seat 2: MathisKcr (big blind) showed [8s Kh] and lost with One pair : 2
Seat 3: JohnSy1972 showed [6s 6h] and won 36000 with Two pairs : 6 and 2


Winamax Poker - Tournament "MYSTERY KO" buyIn: 1.80€ + 0.20€ level: 14 - HandId: #4565411164606955527-50-1773528710 - Holdem no limit (250/1000/2000) - 2026/03/14 22:51:50 UTC
Table: 'MYSTERY KO(1062967620)#0006' 6-max (real money) Seat #1 is the button
Seat 1: SA Padrino63 (24652)
Seat 2: MathisKcr (82514)
Seat 3: JohnSy1972 (57343)
Seat 4: jlelcorzo (21637)
Seat 5: MfArNeAdE (91081)
Seat 6: Ketsui (20704)
*** ANTE/BLINDS ***
MathisKcr posts ante 250
JohnSy1972 posts ante 250
SA Padrino63 posts ante 250
jlelcorzo posts ante 250
MfArNeAdE posts ante 250
Ketsui posts ante 250
MathisKcr posts small blind 1000
JohnSy1972 posts big blind 2000
Dealt to MathisKcr [9h Ac]
*** PRE-FLOP *** 
jlelcorzo folds
MfArNeAdE folds
Ketsui folds
SA Padrino63 calls 2000
MathisKcr raises 3000 to 5000
JohnSy1972 folds
SA Padrino63 calls 3000
*** FLOP *** [2d 6h As]
MathisKcr bets 2000
SA Padrino63 folds
MathisKcr collected 15500 from pot
*** SUMMARY ***
Total pot 15500 | No rake
Board: [2d 6h As]
Seat 2: MathisKcr (small blind) won 15500


Winamax Poker - Tournament "MYSTERY KO" buyIn: 1.80€ + 0.20€ level: 14 - HandId: #4565411164606955527-51-1773528761 - Holdem no limit (250/1000/2000) - 2026/03/14 22:52:41 UTC
Table: 'MYSTERY KO(1062967620)#0006' 6-max (real money) Seat #2 is the button
Seat 1: SA Padrino63 (19402)
Seat 2: MathisKcr (90764)
Seat 3: JohnSy1972 (55093)
Seat 4: jlelcorzo (21387)
Seat 5: MfArNeAdE (90831)
Seat 6: Ketsui (20454)
*** ANTE/BLINDS ***
JohnSy1972 posts ante 250
jlelcorzo posts ante 250
SA Padrino63 posts ante 250
MathisKcr posts ante 250
MfArNeAdE posts ante 250
Ketsui posts ante 250
JohnSy1972 posts small blind 1000
jlelcorzo posts big blind 2000
Dealt to MathisKcr [7c 8d]
*** PRE-FLOP *** 
MfArNeAdE folds
Ketsui folds
SA Padrino63 raises 3000 to 5000
MathisKcr folds
JohnSy1972 folds
jlelcorzo raises 16137 to 21137 and is all-in
SA Padrino63 calls 14152 and is all-in
*** FLOP *** [4c Kh 9s]
*** TURN *** [4c Kh 9s][Jh]
*** RIVER *** [4c Kh 9s Jh][Qc]
*** SHOW DOWN ***
SA Padrino63 shows [As Kd] (One pair : Kings)
jlelcorzo shows [Ac Kc] (One pair : Kings)
jlelcorzo collected 22387 from side pot 1
SA Padrino63 collected 20402 from main pot
*** SUMMARY ***
Total pot 42789 | No rake
Board: [4c Kh 9s Jh Qc]
Seat 1: SA Padrino63 showed [As Kd] and won 20402 with One pair : Kings
Seat 4: jlelcorzo (big blind) showed [Ac Kc] and won 22387 with One pair : Kings


Winamax Poker - Tournament "MYSTERY KO" buyIn: 1.80€ + 0.20€ level: 14 - HandId: #4565411164606955527-52-1773528803 - Holdem no limit (250/1000/2000) - 2026/03/14 22:53:23 UTC
Table: 'MYSTERY KO(1062967620)#0006' 6-max (real money) Seat #3 is the button
Seat 1: SA Padrino63 (20402)
Seat 2: MathisKcr (90514)
Seat 3: JohnSy1972 (53843)
Seat 4: jlelcorzo (22387)
Seat 5: MfArNeAdE (90581)
Seat 6: Ketsui (20204)
*** ANTE/BLINDS ***
jlelcorzo posts ante 250
MfArNeAdE posts ante 250
SA Padrino63 posts ante 250
MathisKcr posts ante 250
JohnSy1972 posts ante 250
Ketsui posts ante 250
jlelcorzo posts small blind 1000
MfArNeAdE posts big blind 2000
Dealt to MathisKcr [3d 7h]
*** PRE-FLOP *** 
Ketsui raises 17954 to 19954 and is all-in
SA Padrino63 calls 19954
MathisKcr folds
JohnSy1972 folds
jlelcorzo folds
MfArNeAdE folds
*** FLOP *** [2s Qh Th]
*** TURN *** [2s Qh Th][3s]
*** RIVER *** [2s Qh Th 3s][4c]
*** SHOW DOWN ***
SA Padrino63 shows [2d Ah] (One pair : 2)
Ketsui shows [Ks Qs] (One pair : Queens)
Ketsui collected 44408 from pot
*** SUMMARY ***
Total pot 44408 | No rake
Board: [2s Qh Th 3s 4c]
Seat 1: SA Padrino63 showed [2d Ah] and lost with One pair : 2
Seat 6: Ketsui showed [Ks Qs] and won 44408 with One pair : Queens


Winamax Poker - Tournament "MYSTERY KO" buyIn: 1.80€ + 0.20€ level: 15 - HandId: #4565411164606955527-53-1773528866 - Holdem no limit (300/1250/2500) - 2026/03/14 22:54:26 UTC
Table: 'MYSTERY KO(1062967620)#0006' 6-max (real money) Seat #4 is the button
Seat 1: SA Padrino63 (198)
Seat 2: MathisKcr (90264)
Seat 3: JohnSy1972 (53593)
Seat 4: jlelcorzo (21137)
Seat 5: MfArNeAdE (88331)
Seat 6: Ketsui (44408)
*** ANTE/BLINDS ***
MfArNeAdE posts ante 300
Ketsui posts ante 300
SA Padrino63 posts ante 198 and is all-in
MathisKcr posts ante 300
JohnSy1972 posts ante 300
jlelcorzo posts ante 300
MfArNeAdE posts small blind 1250
Ketsui posts big blind 2500
Dealt to MathisKcr [8d Jh]
*** PRE-FLOP *** 
MathisKcr raises 2500 to 5000
JohnSy1972 folds
jlelcorzo folds
MfArNeAdE folds
Ketsui raises 39108 to 44108 and is all-in
MathisKcr folds
*** FLOP *** [8h 6s Qs]
*** TURN *** [8h 6s Qs][Kc]
*** RIVER *** [8h 6s Qs Kc][3s]
*** SHOW DOWN ***
SA Padrino63 shows [8c Th] (One pair : 8)
Ketsui shows [7s 7c] (One pair : 7)
Ketsui collected 50868 from side pot 1
SA Padrino63 collected 1188 from main pot
*** SUMMARY ***
Total pot 52056 | No rake
Board: [8h 6s Qs Kc 3s]
Seat 1: SA Padrino63 showed [8c Th] and won 1188 with One pair : 8
Seat 6: Ketsui (big blind) showed [7s 7c] and won 50868 with One pair : 7


Winamax Poker - Tournament "MYSTERY KO" buyIn: 1.80€ + 0.20€ level: 15 - HandId: #4565411164606955527-54-1773529260 - Holdem no limit (300/1250/2500) - 2026/03/14 23:01:00 UTC
Table: 'MYSTERY KO(1062967620)#0006' 6-max (real money) Seat #5 is the button
Seat 1: SA Padrino63 (1188)
Seat 2: MathisKcr (84964)
Seat 3: JohnSy1972 (53293)
Seat 4: jlelcorzo (20837)
Seat 5: MfArNeAdE (86781)
Seat 6: Ketsui (50868)
*** ANTE/BLINDS ***
Ketsui posts ante 300
SA Padrino63 posts ante 300
MathisKcr posts ante 300
JohnSy1972 posts ante 300
jlelcorzo posts ante 300
MfArNeAdE posts ante 300
Ketsui posts small blind 1250
SA Padrino63 posts big blind 888 and is all-in
Dealt to MathisKcr [Tc 5c]
*** PRE-FLOP *** 
MathisKcr folds
JohnSy1972 folds
jlelcorzo folds
MfArNeAdE calls 2500
Ketsui raises 48068 to 50568 and is all-in
MfArNeAdE folds
*** FLOP *** [Kc 9s Th]
*** TURN *** [Kc 9s Th][7s]
*** RIVER *** [Kc 9s Th 7s][Ts]
*** SHOW DOWN ***
SA Padrino63 shows [5h 7h] (Two pairs : Tens and 7)
Ketsui shows [3h Ad] (One pair : Tens)
Ketsui collected 51292 from side pot 1
SA Padrino63 collected 4464 from main pot
*** SUMMARY ***
Total pot 55756 | No rake
Board: [Kc 9s Th 7s Ts]
Seat 1: SA Padrino63 (big blind) showed [5h 7h] and won 4464 with Two pairs : Tens and 7
Seat 6: Ketsui (small blind) showed [3h Ad] and won 51292 with One pair : Tens


Winamax Poker - Tournament "MYSTERY KO" buyIn: 1.80€ + 0.20€ level: 15 - HandId: #4565411164606955527-55-1773529313 - Holdem no limit (300/1250/2500) - 2026/03/14 23:01:53 UTC
Table: 'MYSTERY KO(1062967620)#0006' 6-max (real money) Seat #6 is the button
Seat 1: SA Padrino63 (4464)
Seat 2: MathisKcr (84664)
Seat 3: JohnSy1972 (52993)
Seat 4: jlelcorzo (20537)
Seat 5: MfArNeAdE (83981)
Seat 6: Ketsui (51292)
*** ANTE/BLINDS ***
SA Padrino63 posts ante 300
MathisKcr posts ante 300
JohnSy1972 posts ante 300
jlelcorzo posts ante 300
MfArNeAdE posts ante 300
Ketsui posts ante 300
SA Padrino63 posts small blind 1250
MathisKcr posts big blind 2500
Dealt to MathisKcr [7s 8s]
*** PRE-FLOP *** 
JohnSy1972 raises 16250 to 18750
jlelcorzo folds
MfArNeAdE folds
Ketsui folds
SA Padrino63 calls 2914 and is all-in
MathisKcr folds
*** FLOP *** [7h 6d 2c]
*** TURN *** [7h 6d 2c][Ad]
*** RIVER *** [7h 6d 2c Ad][Jh]
*** SHOW DOWN ***
SA Padrino63 shows [5c 4d] (High card : Ace)
JohnSy1972 shows [Qh As] (One pair : Aces)
JohnSy1972 collected 27214 from pot
*** SUMMARY ***
Total pot 27214 | No rake
Board: [7h 6d 2c Ad Jh]
Seat 1: SA Padrino63 (small blind) showed [5c 4d] and lost with High card : Ace
Seat 3: JohnSy1972 showed [Qh As] and won 27214 with One pair : Aces


Winamax Poker - Tournament "MYSTERY KO" buyIn: 1.80€ + 0.20€ level: 16 - HandId: #4565411164606955527-56-1773529382 - Holdem no limit (350/1500/3000) - 2026/03/14 23:03:02 UTC
Table: 'MYSTERY KO(1062967620)#0006' 6-max (real money) Seat #1 is the button
Seat 2: MathisKcr (81864)
Seat 3: JohnSy1972 (61157)
Seat 4: jlelcorzo (20237)
Seat 5: MfArNeAdE (83681)
Seat 6: Ketsui (50992)
*** ANTE/BLINDS ***
MathisKcr posts ante 350
JohnSy1972 posts ante 350
jlelcorzo posts ante 350
MfArNeAdE posts ante 350
Ketsui posts ante 350
MathisKcr posts small blind 1500
JohnSy1972 posts big blind 3000
Dealt to MathisKcr [4s Ah]
*** PRE-FLOP *** 
jlelcorzo raises 16887 to 19887 and is all-in
MfArNeAdE folds
Ketsui folds
MathisKcr calls 18387
JohnSy1972 folds
*** FLOP *** [2h Tc Qs]
*** TURN *** [2h Tc Qs][4d]
*** RIVER *** [2h Tc Qs 4d][Qc]
*** SHOW DOWN ***
jlelcorzo shows [Js Kh] (One pair : Queens)
MathisKcr shows [4s Ah] (Two pairs : Queens and 4)
MathisKcr collected 44524 from pot
*** SUMMARY ***
Total pot 44524 | No rake
Board: [2h Tc Qs 4d Qc]
Seat 2: MathisKcr (small blind) showed [4s Ah] and won 44524 with Two pairs : Queens and 4
Seat 4: jlelcorzo showed [Js Kh] and lost with One pair : Queens


Winamax Poker - Tournament "MYSTERY KO" buyIn: 1.80€ + 0.20€ level: 16 - HandId: #4565411164606955527-57-1773529418 - Holdem no limit (350/1500/3000) - 2026/03/14 23:03:38 UTC
Table: 'MYSTERY KO(1062967620)#0006' 6-max (real money) Seat #2 is the button
Seat 2: MathisKcr (106151)
Seat 3: JohnSy1972 (57807)
Seat 5: MfArNeAdE (83331)
Seat 6: Ketsui (50642)
*** ANTE/BLINDS ***
JohnSy1972 posts ante 350
MfArNeAdE posts ante 350
MathisKcr posts ante 350
Ketsui posts ante 350
JohnSy1972 posts small blind 1500
MfArNeAdE posts big blind 3000
Dealt to MathisKcr [9h 8c]
*** PRE-FLOP *** 
Ketsui folds
MathisKcr raises 4500 to 7500
JohnSy1972 calls 6000
MfArNeAdE folds
*** FLOP *** [6s 2s Ad]
JohnSy1972 checks
MathisKcr bets 6790
JohnSy1972 folds
MathisKcr collected 26190 from pot
*** SUMMARY ***
Total pot 26190 | No rake
Board: [6s 2s Ad]
Seat 2: MathisKcr (button) won 26190


Winamax Poker - Tournament "MYSTERY KO" buyIn: 1.80€ + 0.20€ level: 16 - HandId: #4565411164606955527-58-1773529462 - Holdem no limit (350/1500/3000) - 2026/03/14 23:04:22 UTC
Table: 'MYSTERY KO(1062967620)#0006' 6-max (real money) Seat #3 is the button
Seat 1: killergolfer (96874)
Seat 2: MathisKcr (117701)
Seat 3: JohnSy1972 (49957)
Seat 5: MfArNeAdE (79981)
Seat 6: Ketsui (50292)
*** ANTE/BLINDS ***
MfArNeAdE posts ante 350
Ketsui posts ante 350
killergolfer posts ante 350
MathisKcr posts ante 350
JohnSy1972 posts ante 350
MfArNeAdE posts small blind 1500
Ketsui posts big blind 3000
Dealt to MathisKcr [Kd 2c]
*** PRE-FLOP *** 
killergolfer folds
MathisKcr folds
JohnSy1972 folds
MfArNeAdE raises 3000 to 6000
Ketsui calls 3000
*** FLOP *** [2d Ah Qc]
MfArNeAdE checks
Ketsui bets 3438
MfArNeAdE folds
Ketsui collected 17188 from pot
*** SUMMARY ***
Total pot 17188 | No rake
Board: [2d Ah Qc]
Seat 6: Ketsui (big blind) won 17188


Winamax Poker - Tournament "MYSTERY KO" buyIn: 1.80€ + 0.20€ level: 16 - HandId: #4565411164606955527-59-1773529538 - Holdem no limit (350/1500/3000) - 2026/03/14 23:05:38 UTC
Table: 'MYSTERY KO(1062967620)#0006' 6-max (real money) Seat #5 is the button
Seat 1: killergolfer (96524)
Seat 2: MathisKcr (117351)
Seat 3: JohnSy1972 (49607)
Seat 5: MfArNeAdE (73631)
Seat 6: Ketsui (57692)
*** ANTE/BLINDS ***
Ketsui posts ante 350
killergolfer posts ante 350
MathisKcr posts ante 350
JohnSy1972 posts ante 350
MfArNeAdE posts ante 350
Ketsui posts small blind 1500
killergolfer posts big blind 3000
Dealt to MathisKcr [9d 2h]
*** PRE-FLOP *** 
MathisKcr folds
JohnSy1972 raises 46257 to 49257 and is all-in
MfArNeAdE folds
Ketsui raises 8085 to 57342 and is all-in
killergolfer folds
*** FLOP *** [2c 6s 4h]
*** TURN *** [2c 6s 4h][9h]
*** RIVER *** [2c 6s 4h 9h][5d]
*** SHOW DOWN ***
JohnSy1972 shows [Jd Ad] (High card : Ace)
Ketsui shows [Qd Qc] (One pair : Queens)
Ketsui collected 111349 from pot
*** SUMMARY ***
Total pot 111349 | No rake
Board: [2c 6s 4h 9h 5d]
Seat 3: JohnSy1972 showed [Jd Ad] and lost with High card : Ace
Seat 6: Ketsui (small blind) showed [Qd Qc] and won 111349 with One pair : Queens


Winamax Poker - Tournament "MYSTERY KO" buyIn: 1.80€ + 0.20€ level: 17 - HandId: #4565411164606955527-60-1773529589 - Holdem no limit (400/1750/3500) - 2026/03/14 23:06:29 UTC
Table: 'MYSTERY KO(1062967620)#0006' 6-max (real money) Seat #6 is the button
Seat 1: killergolfer (93174)
Seat 2: MathisKcr (117001)
Seat 4: AS-gard9 (23107)
Seat 5: MfArNeAdE (73281)
Seat 6: Ketsui (111349)
*** ANTE/BLINDS ***
killergolfer posts ante 400
MathisKcr posts ante 400
AS-gard9 posts ante 400
MfArNeAdE posts ante 400
Ketsui posts ante 400
killergolfer posts small blind 1750
MathisKcr posts big blind 3500
Dealt to MathisKcr [2d 8h]
*** PRE-FLOP *** 
AS-gard9 folds
MfArNeAdE folds
Ketsui folds
killergolfer folds
MathisKcr collected 7250 from pot
*** SUMMARY ***
Total pot 7250 | No rake
Seat 2: MathisKcr (big blind) won 7250


Winamax Poker - Tournament "MYSTERY KO" buyIn: 1.80€ + 0.20€ level: 17 - HandId: #4565411164606955527-61-1773529626 - Holdem no limit (400/1750/3500) - 2026/03/14 23:07:06 UTC
Table: 'MYSTERY KO(1062967620)#0006' 6-max (real money) Seat #1 is the button
Seat 1: killergolfer (91024)
Seat 2: MathisKcr (120351)
Seat 4: AS-gard9 (22707)
Seat 5: MfArNeAdE (72881)
Seat 6: Ketsui (110949)
*** ANTE/BLINDS ***
MathisKcr posts ante 400
AS-gard9 posts ante 400
killergolfer posts ante 400
MfArNeAdE posts ante 400
Ketsui posts ante 400
MathisKcr posts small blind 1750
AS-gard9 posts big blind 3500
Dealt to MathisKcr [9c Qs]
*** PRE-FLOP *** 
MfArNeAdE folds
Ketsui folds
killergolfer folds
MathisKcr raises 3500 to 7000
AS-gard9 folds
MathisKcr collected 12500 from pot
*** SUMMARY ***
Total pot 12500 | No rake
Seat 2: MathisKcr (small blind) won 12500


Winamax Poker - Tournament "MYSTERY KO" buyIn: 1.80€ + 0.20€ level: 17 - HandId: #4565411164606955527-62-1773529664 - Holdem no limit (400/1750/3500) - 2026/03/14 23:07:44 UTC
Table: 'MYSTERY KO(1062967620)#0006' 6-max (real money) Seat #2 is the button
Seat 1: killergolfer (90624)
Seat 2: MathisKcr (125451)
Seat 4: AS-gard9 (18807)
Seat 5: MfArNeAdE (72481)
Seat 6: Ketsui (110549)
*** ANTE/BLINDS ***
AS-gard9 posts ante 400
MfArNeAdE posts ante 400
killergolfer posts ante 400
MathisKcr posts ante 400
Ketsui posts ante 400
AS-gard9 posts small blind 1750
MfArNeAdE posts big blind 3500
Dealt to MathisKcr [6c 8d]
*** PRE-FLOP *** 
Ketsui folds
killergolfer folds
MathisKcr folds
AS-gard9 raises 14907 to 18407 and is all-in
MfArNeAdE folds
AS-gard9 collected 23907 from pot
*** SUMMARY ***
Total pot 23907 | No rake
Seat 4: AS-gard9 (small blind) won 23907


Winamax Poker - Tournament "MYSTERY KO" buyIn: 1.80€ + 0.20€ level: 17 - HandId: #4565411164606955527-63-1773529720 - Holdem no limit (400/1750/3500) - 2026/03/14 23:08:40 UTC
Table: 'MYSTERY KO(1062967620)#0006' 6-max (real money) Seat #4 is the button
Seat 1: killergolfer (90224)
Seat 2: MathisKcr (125051)
Seat 3: nhkg71 (39588)
Seat 4: AS-gard9 (23907)
Seat 5: MfArNeAdE (68581)
Seat 6: Ketsui (110149)
*** ANTE/BLINDS ***
MfArNeAdE posts ante 400
Ketsui posts ante 400
killergolfer posts ante 400
MathisKcr posts ante 400
nhkg71 posts ante 400
AS-gard9 posts ante 400
MfArNeAdE posts small blind 1750
Ketsui posts big blind 3500
Dealt to MathisKcr [Ts 5c]
*** PRE-FLOP *** 
killergolfer folds
MathisKcr folds
nhkg71 folds
AS-gard9 folds
MfArNeAdE calls 1750
Ketsui raises 7000 to 10500
MfArNeAdE folds
Ketsui collected 16400 from pot
*** SUMMARY ***
Total pot 16400 | No rake
Seat 6: Ketsui (big blind) won 16400


Winamax Poker - Tournament "MYSTERY KO" buyIn: 1.80€ + 0.20€ level: 18 - HandId: #4565411164606955527-64-1773529756 - Holdem no limit (500/2000/4000) - 2026/03/14 23:09:16 UTC
Table: 'MYSTERY KO(1062967620)#0006' 6-max (real money) Seat #5 is the button
Seat 1: killergolfer (89824)
Seat 2: MathisKcr (124651)
Seat 3: nhkg71 (39188)
Seat 4: AS-gard9 (23507)
Seat 5: MfArNeAdE (64681)
Seat 6: Ketsui (115649)
*** ANTE/BLINDS ***
Ketsui posts ante 500
killergolfer posts ante 500
MathisKcr posts ante 500
nhkg71 posts ante 500
AS-gard9 posts ante 500
MfArNeAdE posts ante 500
Ketsui posts small blind 2000
killergolfer posts big blind 4000
Dealt to MathisKcr [Qh 4c]
*** PRE-FLOP *** 
MathisKcr raises 4000 to 8000
nhkg71 folds
AS-gard9 folds
MfArNeAdE folds
Ketsui folds
killergolfer raises 14000 to 22000
MathisKcr folds
killergolfer collected 35000 from pot
*** SUMMARY ***
Total pot 35000 | No rake
Seat 1: killergolfer (big blind) won 35000


Winamax Poker - Tournament "MYSTERY KO" buyIn: 1.80€ + 0.20€ level: 18 - HandId: #4565411164606955527-65-1773529815 - Holdem no limit (500/2000/4000) - 2026/03/14 23:10:15 UTC
Table: 'MYSTERY KO(1062967620)#0006' 6-max (real money) Seat #6 is the button
Seat 1: killergolfer (102324)
Seat 2: MathisKcr (116151)
Seat 3: nhkg71 (38688)
Seat 4: AS-gard9 (23007)
Seat 5: MfArNeAdE (64181)
Seat 6: Ketsui (113149)
*** ANTE/BLINDS ***
killergolfer posts ante 500
MathisKcr posts ante 500
nhkg71 posts ante 500
AS-gard9 posts ante 500
MfArNeAdE posts ante 500
Ketsui posts ante 500
killergolfer posts small blind 2000
MathisKcr posts big blind 4000
Dealt to MathisKcr [4s 7h]
*** PRE-FLOP *** 
nhkg71 folds
AS-gard9 folds
MfArNeAdE folds
Ketsui folds
killergolfer folds
MathisKcr collected 9000 from pot
*** SUMMARY ***
Total pot 9000 | No rake
Seat 2: MathisKcr (big blind) won 9000


Winamax Poker - Tournament "MYSTERY KO" buyIn: 1.80€ + 0.20€ level: 18 - HandId: #4565411164606955527-66-1773529855 - Holdem no limit (500/2000/4000) - 2026/03/14 23:10:55 UTC
Table: 'MYSTERY KO(1062967620)#0006' 6-max (real money) Seat #1 is the button
Seat 1: killergolfer (99824)
Seat 2: MathisKcr (120651)
Seat 3: nhkg71 (38188)
Seat 4: AS-gard9 (22507)
Seat 5: MfArNeAdE (63681)
Seat 6: Ketsui (112649)
*** ANTE/BLINDS ***
MathisKcr posts ante 500
nhkg71 posts ante 500
killergolfer posts ante 500
AS-gard9 posts ante 500
MfArNeAdE posts ante 500
Ketsui posts ante 500
MathisKcr posts small blind 2000
nhkg71 posts big blind 4000
Dealt to MathisKcr [Kc 3h]
*** PRE-FLOP *** 
AS-gard9 folds
MfArNeAdE raises 4000 to 8000
Ketsui folds
killergolfer folds
MathisKcr folds
nhkg71 calls 4000
*** FLOP *** [Jh 4d As]
nhkg71 checks
MfArNeAdE bets 8000
nhkg71 folds
MfArNeAdE collected 29000 from pot
*** SUMMARY ***
Total pot 29000 | No rake
Board: [Jh 4d As]
Seat 5: MfArNeAdE won 29000


Winamax Poker - Tournament "MYSTERY KO" buyIn: 1.80€ + 0.20€ level: 18 - HandId: #4565411164606955527-67-1773529921 - Holdem no limit (500/2000/4000) - 2026/03/14 23:12:01 UTC
Table: 'MYSTERY KO(1062967620)#0006' 6-max (real money) Seat #2 is the button
Seat 1: killergolfer (99324)
Seat 2: MathisKcr (118151)
Seat 3: nhkg71 (29688)
Seat 4: AS-gard9 (22007)
Seat 5: MfArNeAdE (76181)
Seat 6: Ketsui (112149)
*** ANTE/BLINDS ***
nhkg71 posts ante 500
AS-gard9 posts ante 500
killergolfer posts ante 500
MathisKcr posts ante 500
MfArNeAdE posts ante 500
Ketsui posts ante 500
nhkg71 posts small blind 2000
AS-gard9 posts big blind 4000
Dealt to MathisKcr [8s Qc]
*** PRE-FLOP *** 
MfArNeAdE folds
Ketsui folds
killergolfer folds
MathisKcr raises 4000 to 8000
nhkg71 folds
AS-gard9 folds
MathisKcr collected 17000 from pot
*** SUMMARY ***
Total pot 17000 | No rake
Seat 2: MathisKcr (button) won 17000


Winamax Poker - Tournament "MYSTERY KO" buyIn: 1.80€ + 0.20€ level: 19 - HandId: #4565411164606955527-68-1773529973 - Holdem no limit (600/2500/5000) - 2026/03/14 23:12:53 UTC
Table: 'MYSTERY KO(1062967620)#0006' 6-max (real money) Seat #3 is the button
Seat 1: killergolfer (98824)
Seat 2: MathisKcr (126651)
Seat 3: nhkg71 (27188)
Seat 4: AS-gard9 (17507)
Seat 5: MfArNeAdE (75681)
Seat 6: Ketsui (111649)
*** ANTE/BLINDS ***
AS-gard9 posts ante 600
MfArNeAdE posts ante 600
killergolfer posts ante 600
MathisKcr posts ante 600
nhkg71 posts ante 600
Ketsui posts ante 600
AS-gard9 posts small blind 2500
MfArNeAdE posts big blind 5000
Dealt to MathisKcr [Th Kd]
*** PRE-FLOP *** 
Ketsui folds
killergolfer folds
MathisKcr raises 5000 to 10000
nhkg71 folds
AS-gard9 folds
MfArNeAdE raises 65081 to 75081 and is all-in
MathisKcr calls 65081
*** FLOP *** [2d 7s Ac]
*** TURN *** [2d 7s Ac][3h]
*** RIVER *** [2d 7s Ac 3h][3c]
*** SHOW DOWN ***
MathisKcr shows [Th Kd] (One pair : 3)
MfArNeAdE shows [Ad Kc] (Two pairs : Aces and 3)
MfArNeAdE collected 156262 from pot
*** SUMMARY ***
Total pot 156262 | No rake
Board: [2d 7s Ac 3h 3c]
Seat 2: MathisKcr showed [Th Kd] and lost with One pair : 3
Seat 5: MfArNeAdE (big blind) showed [Ad Kc] and won 156262 with Two pairs : Aces and 3


Winamax Poker - Tournament "MYSTERY KO" buyIn: 1.80€ + 0.20€ level: 19 - HandId: #4565411164606955527-69-1773530011 - Holdem no limit (600/2500/5000) - 2026/03/14 23:13:31 UTC
Table: 'MYSTERY KO(1062967620)#0006' 6-max (real money) Seat #4 is the button
Seat 1: killergolfer (98224)
Seat 2: MathisKcr (50970)
Seat 3: nhkg71 (26588)
Seat 4: AS-gard9 (14407)
Seat 5: MfArNeAdE (156262)
Seat 6: Ketsui (111049)
*** ANTE/BLINDS ***
MfArNeAdE posts ante 600
Ketsui posts ante 600
killergolfer posts ante 600
MathisKcr posts ante 600
nhkg71 posts ante 600
AS-gard9 posts ante 600
MfArNeAdE posts small blind 2500
Ketsui posts big blind 5000
Dealt to MathisKcr [Qc Ah]
*** PRE-FLOP *** 
killergolfer folds
MathisKcr raises 5000 to 10000
nhkg71 folds
AS-gard9 raises 3807 to 13807 and is all-in
MfArNeAdE folds
Ketsui folds
MathisKcr calls 3807
*** FLOP *** [7d Ac 8c]
*** TURN *** [7d Ac 8c][8h]
*** RIVER *** [7d Ac 8c 8h][Qs]
*** SHOW DOWN ***
AS-gard9 shows [Kc As] (Two pairs : Aces and 8)
MathisKcr shows [Qc Ah] (Two pairs : Aces and Queens)
MathisKcr collected 38714 from pot
*** SUMMARY ***
Total pot 38714 | No rake
Board: [7d Ac 8c 8h Qs]
Seat 2: MathisKcr showed [Qc Ah] and won 38714 with Two pairs : Aces and Queens
Seat 4: AS-gard9 (button) showed [Kc As] and lost with Two pairs : Aces and 8


Winamax Poker - Tournament "MYSTERY KO" buyIn: 1.80€ + 0.20€ level: 19 - HandId: #4565411164606955527-70-1773530050 - Holdem no limit (600/2500/5000) - 2026/03/14 23:14:10 UTC
Table: 'MYSTERY KO(1062967620)#0006' 6-max (real money) Seat #5 is the button
Seat 1: killergolfer (97624)
Seat 2: MathisKcr (75277)
Seat 3: nhkg71 (25988)
Seat 5: MfArNeAdE (153162)
Seat 6: Ketsui (105449)
*** ANTE/BLINDS ***
Ketsui posts ante 600
killergolfer posts ante 600
MathisKcr posts ante 600
nhkg71 posts ante 600
MfArNeAdE posts ante 600
Ketsui posts small blind 2500
killergolfer posts big blind 5000
Dealt to MathisKcr [4h Th]
*** PRE-FLOP *** 
MathisKcr folds
nhkg71 folds
MfArNeAdE raises 5000 to 10000
Ketsui raises 94849 to 104849 and is all-in
killergolfer folds
MfArNeAdE folds
Ketsui collected 122849 from pot
*** SUMMARY ***
Total pot 122849 | No rake
Seat 6: Ketsui (small blind) won 122849


Winamax Poker - Tournament "MYSTERY KO" buyIn: 1.80€ + 0.20€ level: 19 - HandId: #4565411164606955527-71-1773530097 - Holdem no limit (600/2500/5000) - 2026/03/14 23:14:57 UTC
Table: 'MYSTERY KO(1062967620)#0006' 6-max (real money) Seat #6 is the button
Seat 1: killergolfer (92024)
Seat 2: MathisKcr (74677)
Seat 3: nhkg71 (25388)
Seat 5: MfArNeAdE (142562)
Seat 6: Ketsui (122849)
*** ANTE/BLINDS ***
killergolfer posts ante 600
MathisKcr posts ante 600
nhkg71 posts ante 600
MfArNeAdE posts ante 600
Ketsui posts ante 600
killergolfer posts small blind 2500
MathisKcr posts big blind 5000
Dealt to MathisKcr [Ks Ah]
*** PRE-FLOP *** 
nhkg71 folds
MfArNeAdE folds
Ketsui raises 6500 to 11500
killergolfer folds
MathisKcr raises 62577 to 74077 and is all-in
Ketsui folds
MathisKcr collected 91077 from pot
*** SUMMARY ***
Total pot 91077 | No rake
Seat 2: MathisKcr (big blind) won 91077


Winamax Poker - Tournament "MYSTERY KO" buyIn: 1.80€ + 0.20€ level: 20 - HandId: #4565411164606955527-72-1773530163 - Holdem no limit (700/3000/6000) - 2026/03/14 23:16:03 UTC
Table: 'MYSTERY KO(1062967620)#0006' 6-max (real money) Seat #1 is the button
Seat 1: killergolfer (88924)
Seat 2: MathisKcr (91077)
Seat 3: nhkg71 (24788)
Seat 4: JMCH60 (15628)
Seat 5: MfArNeAdE (141962)
Seat 6: Ketsui (110749)
*** ANTE/BLINDS ***
MathisKcr posts ante 700
nhkg71 posts ante 700
killergolfer posts ante 700
JMCH60 posts ante 700
MfArNeAdE posts ante 700
Ketsui posts ante 700
MathisKcr posts small blind 3000
nhkg71 posts big blind 6000
Dealt to MathisKcr [3s 2s]
*** PRE-FLOP *** 
JMCH60 folds
MfArNeAdE folds
Ketsui folds
killergolfer folds
MathisKcr raises 9000 to 15000
nhkg71 folds
MathisKcr collected 25200 from pot
*** SUMMARY ***
Total pot 25200 | No rake
Seat 2: MathisKcr (small blind) won 25200


Winamax Poker - Tournament "MYSTERY KO" buyIn: 1.80€ + 0.20€ level: 20 - HandId: #4565411164606955527-73-1773530227 - Holdem no limit (700/3000/6000) - 2026/03/14 23:17:07 UTC
Table: 'MYSTERY KO(1062967620)#0006' 6-max (real money) Seat #2 is the button
Seat 1: killergolfer (88224)
Seat 2: MathisKcr (100577)
Seat 3: nhkg71 (18088)
Seat 4: JMCH60 (14928)
Seat 5: MfArNeAdE (141262)
Seat 6: Ketsui (110049)
*** ANTE/BLINDS ***
nhkg71 posts ante 700
JMCH60 posts ante 700
killergolfer posts ante 700
MathisKcr posts ante 700
MfArNeAdE posts ante 700
Ketsui posts ante 700
nhkg71 posts small blind 3000
JMCH60 posts big blind 6000
Dealt to MathisKcr [5s Ts]
*** PRE-FLOP *** 
MfArNeAdE raises 6000 to 12000
Ketsui folds
killergolfer folds
MathisKcr folds
nhkg71 raises 5388 to 17388 and is all-in
JMCH60 calls 8228 and is all-in
MfArNeAdE calls 5388
*** FLOP *** [6s 2h 6c]
*** TURN *** [6s 2h 6c][2d]
*** RIVER *** [6s 2h 6c 2d][5h]
*** SHOW DOWN ***
JMCH60 shows [As 3d] (Two pairs : 6 and 2)
MfArNeAdE shows [Kc Qd] (Two pairs : 6 and 2)
nhkg71 shows [Kh Ks] (Two pairs : Kings and 6)
nhkg71 collected 53204 from pot
*** SUMMARY ***
Total pot 53204 | No rake
Board: [6s 2h 6c 2d 5h]
Seat 3: nhkg71 (small blind) showed [Kh Ks] and won 53204 with Two pairs : Kings and 6
Seat 4: JMCH60 (big blind) showed [As 3d] and lost with Two pairs : 6 and 2
Seat 5: MfArNeAdE showed [Kc Qd] and lost with Two pairs : 6 and 2


Winamax Poker - Tournament "MYSTERY KO" buyIn: 1.80€ + 0.20€ level: 21 - HandId: #4565411164606955527-74-1773530324 - Holdem no limit (800/3500/7000) - 2026/03/14 23:18:44 UTC
Table: 'MYSTERY KO(1062967620)#0006' 6-max (real money) Seat #3 is the button
Seat 1: killergolfer (87524)
Seat 2: MathisKcr (99877)
Seat 3: nhkg71 (53204)
Seat 5: MfArNeAdE (123174)
Seat 6: Ketsui (109349)
*** ANTE/BLINDS ***
MfArNeAdE posts ante 800
killergolfer posts ante 800
MathisKcr posts ante 800
nhkg71 posts ante 800
Ketsui posts ante 800
MfArNeAdE posts big blind 7000
Dealt to MathisKcr [Qc Qh]
*** PRE-FLOP *** 
Ketsui folds
killergolfer folds
MathisKcr raises 7000 to 14000
nhkg71 folds
MfArNeAdE folds
MathisKcr collected 25000 from pot
*** SUMMARY ***
Total pot 25000 | No rake
Seat 2: MathisKcr won 25000


Winamax Poker - Tournament "MYSTERY KO" buyIn: 1.80€ + 0.20€ level: 21 - HandId: #4565411164606955527-75-1773530378 - Holdem no limit (800/3500/7000) - 2026/03/14 23:19:38 UTC
Table: 'MYSTERY KO(1062967620)#0006' 6-max (real money) Seat #4 is the button
Seat 1: killergolfer (86724)
Seat 2: MathisKcr (110077)
Seat 3: nhkg71 (52404)
Seat 5: MfArNeAdE (115374)
Seat 6: Ketsui (108549)
*** ANTE/BLINDS ***
MfArNeAdE posts ante 800
Ketsui posts ante 800
killergolfer posts ante 800
MathisKcr posts ante 800
nhkg71 posts ante 800
MfArNeAdE posts small blind 3500
Ketsui posts big blind 7000
Dealt to MathisKcr [Qc Qd]
*** PRE-FLOP *** 
killergolfer raises 8750 to 15750
MathisKcr raises 8750 to 24500
nhkg71 folds
MfArNeAdE folds
Ketsui folds
killergolfer raises 61424 to 85924 and is all-in
MathisKcr calls 61424
*** FLOP *** [Ts 7h 2d]
*** TURN *** [Ts 7h 2d][Ac]
*** RIVER *** [Ts 7h 2d Ac][4h]
*** SHOW DOWN ***
MathisKcr shows [Qc Qd] (One pair : Queens)
killergolfer shows [Kh Ks] (One pair : Kings)
killergolfer collected 186348 from pot
*** SUMMARY ***
Total pot 186348 | No rake
Board: [Ts 7h 2d Ac 4h]
Seat 1: killergolfer showed [Kh Ks] and won 186348 with One pair : Kings
Seat 2: MathisKcr showed [Qc Qd] and lost with One pair : Queens


Winamax Poker - Tournament "MYSTERY KO" buyIn: 1.80€ + 0.20€ level: 21 - HandId: #4565411164606955527-76-1773530437 - Holdem no limit (800/3500/7000) - 2026/03/14 23:20:37 UTC
Table: 'MYSTERY KO(1062967620)#0006' 6-max (real money) Seat #5 is the button
Seat 1: killergolfer (186348)
Seat 2: MathisKcr (23353)
Seat 3: nhkg71 (51604)
Seat 5: MfArNeAdE (111074)
Seat 6: Ketsui (100749)
*** ANTE/BLINDS ***
Ketsui posts ante 800
killergolfer posts ante 800
MathisKcr posts ante 800
nhkg71 posts ante 800
MfArNeAdE posts ante 800
Ketsui posts small blind 3500
killergolfer posts big blind 7000
Dealt to MathisKcr [8d 9s]
*** PRE-FLOP *** 
MathisKcr folds
nhkg71 folds
MfArNeAdE raises 7000 to 14000
Ketsui folds
killergolfer folds
MfArNeAdE collected 28500 from pot
*** SUMMARY ***
Total pot 28500 | No rake
Seat 5: MfArNeAdE (button) won 28500


Winamax Poker - Tournament "MYSTERY KO" buyIn: 1.80€ + 0.20€ level: 22 - HandId: #4565411164606955527-77-1773530476 - Holdem no limit (1000/4000/8000) - 2026/03/14 23:21:16 UTC
Table: 'MYSTERY KO(1062967620)#0006' 6-max (real money) Seat #6 is the button
Seat 1: killergolfer (178548)
Seat 2: MathisKcr (22553)
Seat 3: nhkg71 (50804)
Seat 5: MfArNeAdE (124774)
Seat 6: Ketsui (96449)
*** ANTE/BLINDS ***
killergolfer posts ante 1000
MathisKcr posts ante 1000
nhkg71 posts ante 1000
MfArNeAdE posts ante 1000
Ketsui posts ante 1000
killergolfer posts small blind 4000
MathisKcr posts big blind 8000
Dealt to MathisKcr [Td 7s]
*** PRE-FLOP *** 
nhkg71 folds
MfArNeAdE raises 8000 to 16000
Ketsui folds
killergolfer folds
MathisKcr folds
MfArNeAdE collected 33000 from pot
*** SUMMARY ***
Total pot 33000 | No rake
Seat 5: MfArNeAdE won 33000


Winamax Poker - Tournament "MYSTERY KO" buyIn: 1.80€ + 0.20€ level: 22 - HandId: #4565411164606955527-78-1773530527 - Holdem no limit (1000/4000/8000) - 2026/03/14 23:22:07 UTC
Table: 'MYSTERY KO(1062967620)#0006' 6-max (real money) Seat #1 is the button
Seat 1: killergolfer (173548)
Seat 2: MathisKcr (13553)
Seat 3: nhkg71 (49804)
Seat 5: MfArNeAdE (140774)
Seat 6: Ketsui (95449)
*** ANTE/BLINDS ***
MathisKcr posts ante 1000
nhkg71 posts ante 1000
killergolfer posts ante 1000
MfArNeAdE posts ante 1000
Ketsui posts ante 1000
MathisKcr posts small blind 4000
nhkg71 posts big blind 8000
Dealt to MathisKcr [Kh 9d]
*** PRE-FLOP *** 
MfArNeAdE folds
Ketsui folds
killergolfer folds
MathisKcr raises 4553 to 12553 and is all-in
nhkg71 calls 4553
*** FLOP *** [Js 6h 8h]
*** TURN *** [Js 6h 8h][Ac]
*** RIVER *** [Js 6h 8h Ac][7h]
*** SHOW DOWN ***
MathisKcr shows [Kh 9d] (High card : Ace)
nhkg71 shows [7s Jh] (Two pairs : Jacks and 7)
nhkg71 collected 30106 from pot
*** SUMMARY ***
Total pot 30106 | No rake
Board: [Js 6h 8h Ac 7h]
Seat 2: MathisKcr (small blind) showed [Kh 9d] and lost with High card : Ace
Seat 3: nhkg71 (big blind) showed [7s Jh] and won 30106 with Two pairs : Jacks and 7


