Winamax Poker - Tournament "Expresso Nitro" buyIn: 0.93€ + 0.07€ level: 1 - HandId: #4698386337093386241-1-1775912572 - Holdem no limit (10/20) - 2026/04/11 13:02:52 UTC
Table: 'Expresso Nitro(1093928315)#0' 3-max (real money) Seat #3 is the button
Seat 1: canardbiquet (300)
Seat 2: Lacuenta641 (300)
Seat 3: MathisKcr (300)
*** ANTE/BLINDS ***
canardbiquet posts small blind 10
Lacuenta641 posts big blind 20
Dealt to MathisKcr [7c 6c]
*** PRE-FLOP *** 
MathisKcr raises 20 to 40
canardbiquet folds
Lacuenta641 raises 260 to 300 and is all-in
MathisKcr folds
Lacuenta641 collected 350 from pot
*** SUMMARY ***
Total pot 350 | No rake
Seat 2: Lacuenta641 (big blind) won 350


Winamax Poker - Tournament "Expresso Nitro" buyIn: 0.93€ + 0.07€ level: 1 - HandId: #4698386337093386241-2-1775912588 - Holdem no limit (10/20) - 2026/04/11 13:03:08 UTC
Table: 'Expresso Nitro(1093928315)#0' 3-max (real money) Seat #1 is the button
Seat 1: canardbiquet (290)
Seat 2: Lacuenta641 (350)
Seat 3: MathisKcr (260)
*** ANTE/BLINDS ***
Lacuenta641 posts small blind 10
MathisKcr posts big blind 20
Dealt to MathisKcr [Ah 6c]
*** PRE-FLOP *** 
canardbiquet folds
Lacuenta641 raises 330 to 350 and is all-in
MathisKcr folds
Lacuenta641 collected 370 from pot
*** SUMMARY ***
Total pot 370 | No rake
Seat 2: Lacuenta641 (small blind) won 370


Winamax Poker - Tournament "Expresso Nitro" buyIn: 0.93€ + 0.07€ level: 1 - HandId: #4698386337093386241-3-1775912598 - Holdem no limit (10/20) - 2026/04/11 13:03:18 UTC
Table: 'Expresso Nitro(1093928315)#0' 3-max (real money) Seat #2 is the button
Seat 1: canardbiquet (290)
Seat 2: Lacuenta641 (370)
Seat 3: MathisKcr (240)
*** ANTE/BLINDS ***
MathisKcr posts small blind 10
canardbiquet posts big blind 20
Dealt to MathisKcr [7d As]
*** PRE-FLOP *** 
Lacuenta641 folds
MathisKcr raises 220 to 240 and is all-in
canardbiquet raises 50 to 290 and is all-in
*** FLOP *** [4s Js 7c]
*** TURN *** [4s Js 7c][Qd]
*** RIVER *** [4s Js 7c Qd][2s]
*** SHOW DOWN ***
canardbiquet shows [Ah 6c] (High card : Ace)
MathisKcr shows [7d As] (One pair : 7)
MathisKcr collected 480 from main pot
canardbiquet collected 50 from side pot 1
*** SUMMARY ***
Total pot 530 | No rake
Board: [4s Js 7c Qd 2s]
Seat 1: canardbiquet (big blind) showed [Ah 6c] and won 50 with High card : Ace
Seat 3: MathisKcr (small blind) showed [7d As] and won 480 with One pair : 7


Winamax Poker - Tournament "Expresso Nitro" buyIn: 0.93€ + 0.07€ level: 1 - HandId: #4698386337093386241-4-1775912618 - Holdem no limit (10/20) - 2026/04/11 13:03:38 UTC
Table: 'Expresso Nitro(1093928315)#0' 3-max (real money) Seat #3 is the button
Seat 1: canardbiquet (50)
Seat 2: Lacuenta641 (370)
Seat 3: MathisKcr (480)
*** ANTE/BLINDS ***
canardbiquet posts small blind 10
Lacuenta641 posts big blind 20
Dealt to MathisKcr [4h As]
*** PRE-FLOP *** 
MathisKcr raises 20 to 40
canardbiquet folds
Lacuenta641 folds
MathisKcr collected 70 from pot
*** SUMMARY ***
Total pot 70 | No rake
Seat 3: MathisKcr (button) won 70


Winamax Poker - Tournament "Expresso Nitro" buyIn: 0.93€ + 0.07€ level: 1 - HandId: #4698386337093386241-5-1775912628 - Holdem no limit (10/20) - 2026/04/11 13:03:48 UTC
Table: 'Expresso Nitro(1093928315)#0' 3-max (real money) Seat #1 is the button
Seat 1: canardbiquet (40)
Seat 2: Lacuenta641 (350)
Seat 3: MathisKcr (510)
*** ANTE/BLINDS ***
Lacuenta641 posts small blind 10
MathisKcr posts big blind 20
Dealt to MathisKcr [2c 4c]
*** PRE-FLOP *** 
canardbiquet folds
Lacuenta641 raises 330 to 350 and is all-in
MathisKcr folds
Lacuenta641 collected 370 from pot
*** SUMMARY ***
Total pot 370 | No rake
Seat 2: Lacuenta641 (small blind) won 370


Winamax Poker - Tournament "Expresso Nitro" buyIn: 0.93€ + 0.07€ level: 2 - HandId: #4698386337093386241-6-1775912636 - Holdem no limit (15/30) - 2026/04/11 13:03:56 UTC
Table: 'Expresso Nitro(1093928315)#0' 3-max (real money) Seat #2 is the button
Seat 1: canardbiquet (40)
Seat 2: Lacuenta641 (370)
Seat 3: MathisKcr (490)
*** ANTE/BLINDS ***
MathisKcr posts small blind 15
canardbiquet posts big blind 30
Dealt to MathisKcr [Ks 2h]
*** PRE-FLOP *** 
Lacuenta641 raises 340 to 370 and is all-in
MathisKcr folds
canardbiquet calls 10 and is all-in
*** FLOP *** [5h 6s 7d]
*** TURN *** [5h 6s 7d][Jh]
*** RIVER *** [5h 6s 7d Jh][8s]
*** SHOW DOWN ***
canardbiquet shows [6c As] (One pair : 6)
Lacuenta641 shows [Th 9s] (Straight Jack high)
Lacuenta641 collected 425 from pot
*** SUMMARY ***
Total pot 425 | No rake
Board: [5h 6s 7d Jh 8s]
Seat 1: canardbiquet (big blind) showed [6c As] and lost with One pair : 6
Seat 2: Lacuenta641 (button) showed [Th 9s] and won 425 with Straight Jack high


Winamax Poker - Tournament "Expresso Nitro" buyIn: 0.93€ + 0.07€ level: 2 - HandId: #4698386337093386241-7-1775912653 - Holdem no limit (15/30) - 2026/04/11 13:04:13 UTC
Table: 'Expresso Nitro(1093928315)#0' 3-max (real money) Seat #2 is the button
Seat 2: Lacuenta641 (425)
Seat 3: MathisKcr (475)
*** ANTE/BLINDS ***
Lacuenta641 posts small blind 15
MathisKcr posts big blind 30
Dealt to MathisKcr [7c Jh]
*** PRE-FLOP *** 
Lacuenta641 raises 395 to 425 and is all-in
MathisKcr folds
Lacuenta641 collected 455 from pot
*** SUMMARY ***
Total pot 455 | No rake
Seat 2: Lacuenta641 (small blind) (button) won 455


Winamax Poker - Tournament "Expresso Nitro" buyIn: 0.93€ + 0.07€ level: 2 - HandId: #4698386337093386241-8-1775912662 - Holdem no limit (15/30) - 2026/04/11 13:04:22 UTC
Table: 'Expresso Nitro(1093928315)#0' 3-max (real money) Seat #3 is the button
Seat 2: Lacuenta641 (455)
Seat 3: MathisKcr (445)
*** ANTE/BLINDS ***
MathisKcr posts small blind 15
Lacuenta641 posts big blind 30
Dealt to MathisKcr [7s Kd]
*** PRE-FLOP *** 
MathisKcr raises 415 to 445 and is all-in
Lacuenta641 raises 10 to 455 and is all-in
*** FLOP *** [4s 5d 7c]
*** TURN *** [4s 5d 7c][2d]
*** RIVER *** [4s 5d 7c 2d][Qh]
*** SHOW DOWN ***
Lacuenta641 shows [Kc 2h] (One pair : 2)
MathisKcr shows [7s Kd] (One pair : 7)
MathisKcr collected 890 from main pot
Lacuenta641 collected 10 from side pot 1
*** SUMMARY ***
Total pot 900 | No rake
Board: [4s 5d 7c 2d Qh]
Seat 2: Lacuenta641 (big blind) showed [Kc 2h] and won 10 with One pair : 2
Seat 3: MathisKcr (small blind) (button) showed [7s Kd] and won 890 with One pair : 7


Winamax Poker - Tournament "Expresso Nitro" buyIn: 0.93€ + 0.07€ level: 2 - HandId: #4698386337093386241-9-1775912678 - Holdem no limit (15/30) - 2026/04/11 13:04:38 UTC
Table: 'Expresso Nitro(1093928315)#0' 3-max (real money) Seat #2 is the button
Seat 2: Lacuenta641 (10)
Seat 3: MathisKcr (890)
*** ANTE/BLINDS ***
Lacuenta641 posts small blind 10 and is all-in
MathisKcr posts big blind 30
Dealt to MathisKcr [Jd 8d]
*** PRE-FLOP *** 
*** FLOP *** [4s 3c 4d]
*** TURN *** [4s 3c 4d][Kc]
*** RIVER *** [4s 3c 4d Kc][4c]
*** SHOW DOWN ***
Lacuenta641 shows [Qd Qh] (Full of 4 and Queens)
MathisKcr shows [Jd 8d] (Trips of 4)
MathisKcr collected 20 from side pot 1
Lacuenta641 collected 20 from main pot
*** SUMMARY ***
Total pot 40 | No rake
Board: [4s 3c 4d Kc 4c]
Seat 2: Lacuenta641 (small blind) (button) showed [Qd Qh] and won 20 with Full of 4 and Queens
Seat 3: MathisKcr (big blind) showed [Jd 8d] and won 20 with Trips of 4


Winamax Poker - Tournament "Expresso Nitro" buyIn: 0.93€ + 0.07€ level: 2 - HandId: #4698386337093386241-10-1775912686 - Holdem no limit (15/30) - 2026/04/11 13:04:46 UTC
Table: 'Expresso Nitro(1093928315)#0' 3-max (real money) Seat #3 is the button
Seat 2: Lacuenta641 (20)
Seat 3: MathisKcr (880)
*** ANTE/BLINDS ***
MathisKcr posts small blind 15
Lacuenta641 posts big blind 20 and is all-in
Dealt to MathisKcr [As 7d]
*** PRE-FLOP *** 
MathisKcr calls 15
*** FLOP *** [3h Qs Ts]
*** TURN *** [3h Qs Ts][8h]
*** RIVER *** [3h Qs Ts 8h][Th]
*** SHOW DOWN ***
Lacuenta641 shows [2c Ac] (One pair : Tens)
MathisKcr shows [As 7d] (One pair : Tens)
MathisKcr collected 30 from side pot 1
Lacuenta641 collected 20 from main pot
*** SUMMARY ***
Total pot 50 | No rake
Board: [3h Qs Ts 8h Th]
Seat 2: Lacuenta641 (big blind) showed [2c Ac] and won 20 with One pair : Tens
Seat 3: MathisKcr (small blind) (button) showed [As 7d] and won 30 with One pair : Tens


Winamax Poker - Tournament "Expresso Nitro" buyIn: 0.93€ + 0.07€ level: 3 - HandId: #4698386337093386241-11-1775912698 - Holdem no limit (20/40) - 2026/04/11 13:04:58 UTC
Table: 'Expresso Nitro(1093928315)#0' 3-max (real money) Seat #2 is the button
Seat 2: Lacuenta641 (20)
Seat 3: MathisKcr (880)
*** ANTE/BLINDS ***
Lacuenta641 posts small blind 20 and is all-in
MathisKcr posts big blind 40
Dealt to MathisKcr [Jd Ts]
*** PRE-FLOP *** 
*** FLOP *** [5c 7h 2h]
*** TURN *** [5c 7h 2h][2c]
*** RIVER *** [5c 7h 2h 2c][5d]
*** SHOW DOWN ***
Lacuenta641 shows [3h 6s] (Two pairs : 5 and 2)
MathisKcr shows [Jd Ts] (Two pairs : 5 and 2)
MathisKcr collected 60 from pot
*** SUMMARY ***
Total pot 60 | No rake
Board: [5c 7h 2h 2c 5d]
Seat 2: Lacuenta641 (small blind) (button) showed [3h 6s] and lost with Two pairs : 5 and 2
Seat 3: MathisKcr (big blind) showed [Jd Ts] and won 60 with Two pairs : 5 and 2


