Winamax Poker - Tournament "Expresso Nitro" buyIn: 0.93€ + 0.07€ level: 1 - HandId: #4676973601545519105-1-1775116836 - Holdem no limit (10/20) - 2026/04/02 08:00:36 UTC
Table: 'Expresso Nitro(1088942774)#0' 3-max (real money) Seat #3 is the button
Seat 1: chance River (300)
Seat 2: MathisKcr (300)
Seat 3: Yazta2003 (300)
*** ANTE/BLINDS ***
chance River posts small blind 10
MathisKcr posts big blind 20
Dealt to MathisKcr [Js Jd]
*** PRE-FLOP *** 
Yazta2003 calls 20
chance River raises 60 to 80
MathisKcr raises 220 to 300 and is all-in
Yazta2003 folds
chance River calls 220 and is all-in
*** FLOP *** [2h 3s 7h]
*** TURN *** [2h 3s 7h][6s]
*** RIVER *** [2h 3s 7h 6s][8d]
*** SHOW DOWN ***
chance River shows [Kh Qh] (High card : King)
MathisKcr shows [Js Jd] (One pair : Jacks)
MathisKcr collected 620 from pot
*** SUMMARY ***
Total pot 620 | No rake
Board: [2h 3s 7h 6s 8d]
Seat 1: chance River (small blind) showed [Kh Qh] and lost with High card : King
Seat 2: MathisKcr (big blind) showed [Js Jd] and won 620 with One pair : Jacks


Winamax Poker - Tournament "Expresso Nitro" buyIn: 0.93€ + 0.07€ level: 1 - HandId: #4676973601545519105-2-1775116857 - Holdem no limit (10/20) - 2026/04/02 08:00:57 UTC
Table: 'Expresso Nitro(1088942774)#0' 3-max (real money) Seat #2 is the button
Seat 2: MathisKcr (620)
Seat 3: Yazta2003 (280)
*** ANTE/BLINDS ***
MathisKcr posts small blind 10
Yazta2003 posts big blind 20
Dealt to MathisKcr [2h 4c]
*** PRE-FLOP *** 
MathisKcr folds
Yazta2003 collected 30 from pot
*** SUMMARY ***
Total pot 30 | No rake
Seat 3: Yazta2003 (big blind) won 30


Winamax Poker - Tournament "Expresso Nitro" buyIn: 0.93€ + 0.07€ level: 1 - HandId: #4676973601545519105-3-1775116865 - Holdem no limit (10/20) - 2026/04/02 08:01:05 UTC
Table: 'Expresso Nitro(1088942774)#0' 3-max (real money) Seat #3 is the button
Seat 2: MathisKcr (610)
Seat 3: Yazta2003 (290)
*** ANTE/BLINDS ***
Yazta2003 posts small blind 10
MathisKcr posts big blind 20
Dealt to MathisKcr [Kd Ks]
*** PRE-FLOP *** 
Yazta2003 folds
MathisKcr collected 30 from pot
*** SUMMARY ***
Total pot 30 | No rake
Seat 2: MathisKcr (big blind) won 30


Winamax Poker - Tournament "Expresso Nitro" buyIn: 0.93€ + 0.07€ level: 1 - HandId: #4676973601545519105-4-1775116869 - Holdem no limit (10/20) - 2026/04/02 08:01:09 UTC
Table: 'Expresso Nitro(1088942774)#0' 3-max (real money) Seat #2 is the button
Seat 2: MathisKcr (620)
Seat 3: Yazta2003 (280)
*** ANTE/BLINDS ***
MathisKcr posts small blind 10
Yazta2003 posts big blind 20
Dealt to MathisKcr [Qs 8s]
*** PRE-FLOP *** 
MathisKcr raises 600 to 620 and is all-in
Yazta2003 calls 260 and is all-in
*** FLOP *** [3s Ad Ac]
*** TURN *** [3s Ad Ac][8d]
*** RIVER *** [3s Ad Ac 8d][5s]
*** SHOW DOWN ***
Yazta2003 shows [7s 6s] (One pair : Aces)
MathisKcr shows [Qs 8s] (Two pairs : Aces and 8)
MathisKcr collected 900 from pot
*** SUMMARY ***
Total pot 900 | No rake
Board: [3s Ad Ac 8d 5s]
Seat 2: MathisKcr (small blind) (button) showed [Qs 8s] and won 900 with Two pairs : Aces and 8
Seat 3: Yazta2003 (big blind) showed [7s 6s] and lost with One pair : Aces


