Winamax Poker - Tournament "Expresso Nitro" buyIn: 0.93€ + 0.07€ level: 1 - HandId: #4584259555571007489-1-1771665339 - Holdem no limit (10/20) - 2026/02/21 09:15:39 UTC
Table: 'Expresso Nitro(1067356103)#0' 3-max (real money) Seat #2 is the button
Seat 1: _daavooo_ (300)
Seat 2: christ 59 (300)
Seat 3: MathisKcr (300)
*** ANTE/BLINDS ***
MathisKcr posts small blind 10
_daavooo_ posts big blind 20
Dealt to MathisKcr [4s 4h]
*** PRE-FLOP *** 
christ 59 raises 20 to 40
MathisKcr raises 20 to 60
_daavooo_ folds
christ 59 calls 20
*** FLOP *** [Qc Ac Ad]
MathisKcr bets 50
christ 59 calls 50
*** TURN *** [Qc Ac Ad][Js]
MathisKcr checks
christ 59 checks
*** RIVER *** [Qc Ac Ad Js][Th]
MathisKcr bets 156
christ 59 folds
MathisKcr collected 396 from pot
*** SUMMARY ***
Total pot 396 | No rake
Board: [Qc Ac Ad Js Th]
Seat 3: MathisKcr (small blind) won 396


Winamax Poker - Tournament "Expresso Nitro" buyIn: 0.93€ + 0.07€ level: 1 - HandId: #4584259555571007489-2-1771665384 - Holdem no limit (10/20) - 2026/02/21 09:16:24 UTC
Table: 'Expresso Nitro(1067356103)#0' 3-max (real money) Seat #3 is the button
Seat 1: _daavooo_ (280)
Seat 2: christ 59 (190)
Seat 3: MathisKcr (430)
*** ANTE/BLINDS ***
_daavooo_ posts small blind 10
christ 59 posts big blind 20
Dealt to MathisKcr [Jh Ah]
*** PRE-FLOP *** 
MathisKcr raises 20 to 40
_daavooo_ raises 240 to 280 and is all-in
christ 59 folds
MathisKcr raises 150 to 430 and is all-in
*** FLOP *** [5h 8s 5c]
*** TURN *** [5h 8s 5c][Td]
*** RIVER *** [5h 8s 5c Td][Jc]
*** SHOW DOWN ***
_daavooo_ shows [4s 4d] (Two pairs : 5 and 4)
MathisKcr shows [Jh Ah] (Two pairs : Jacks and 5)
MathisKcr collected 730 from pot
*** SUMMARY ***
Total pot 730 | No rake
Board: [5h 8s 5c Td Jc]
Seat 1: _daavooo_ (small blind) showed [4s 4d] and lost with Two pairs : 5 and 4
Seat 3: MathisKcr (button) showed [Jh Ah] and won 730 with Two pairs : Jacks and 5


Winamax Poker - Tournament "Expresso Nitro" buyIn: 0.93€ + 0.07€ level: 2 - HandId: #4584259555571007489-3-1771665400 - Holdem no limit (15/30) - 2026/02/21 09:16:40 UTC
Table: 'Expresso Nitro(1067356103)#0' 3-max (real money) Seat #2 is the button
Seat 2: christ 59 (170)
Seat 3: MathisKcr (730)
*** ANTE/BLINDS ***
christ 59 posts small blind 15
MathisKcr posts big blind 30
Dealt to MathisKcr [Qd 9d]
*** PRE-FLOP *** 
christ 59 folds
MathisKcr collected 45 from pot
*** SUMMARY ***
Total pot 45 | No rake
Seat 3: MathisKcr (big blind) won 45


Winamax Poker - Tournament "Expresso Nitro" buyIn: 0.93€ + 0.07€ level: 2 - HandId: #4584259555571007489-4-1771665407 - Holdem no limit (15/30) - 2026/02/21 09:16:47 UTC
Table: 'Expresso Nitro(1067356103)#0' 3-max (real money) Seat #3 is the button
Seat 2: christ 59 (155)
Seat 3: MathisKcr (745)
*** ANTE/BLINDS ***
MathisKcr posts small blind 15
christ 59 posts big blind 30
Dealt to MathisKcr [4c 7h]
*** PRE-FLOP *** 
MathisKcr raises 30 to 60
christ 59 calls 30
*** FLOP *** [As 7s 8h]
christ 59 checks
MathisKcr bets 60
christ 59 raises 35 to 95 and is all-in
MathisKcr calls 35
*** TURN *** [As 7s 8h][2h]
*** RIVER *** [As 7s 8h 2h][2c]
*** SHOW DOWN ***
MathisKcr shows [4c 7h] (Two pairs : 7 and 2)
christ 59 shows [2s Ah] (Full of 2 and Aces)
christ 59 collected 310 from pot
*** SUMMARY ***
Total pot 310 | No rake
Board: [As 7s 8h 2h 2c]
Seat 2: christ 59 (big blind) showed [2s Ah] and won 310 with Full of 2 and Aces
Seat 3: MathisKcr (small blind) (button) showed [4c 7h] and lost with Two pairs : 7 and 2


Winamax Poker - Tournament "Expresso Nitro" buyIn: 0.93€ + 0.07€ level: 2 - HandId: #4584259555571007489-5-1771665431 - Holdem no limit (15/30) - 2026/02/21 09:17:11 UTC
Table: 'Expresso Nitro(1067356103)#0' 3-max (real money) Seat #2 is the button
Seat 2: christ 59 (310)
Seat 3: MathisKcr (590)
*** ANTE/BLINDS ***
christ 59 posts small blind 15
MathisKcr posts big blind 30
Dealt to MathisKcr [Ah Kc]
*** PRE-FLOP *** 
christ 59 calls 15
MathisKcr raises 30 to 60
christ 59 calls 30
*** FLOP *** [3h 7h 3c]
MathisKcr bets 75
christ 59 folds
MathisKcr collected 195 from pot
*** SUMMARY ***
Total pot 195 | No rake
Board: [3h 7h 3c]
Seat 3: MathisKcr (big blind) won 195


Winamax Poker - Tournament "Expresso Nitro" buyIn: 0.93€ + 0.07€ level: 2 - HandId: #4584259555571007489-6-1771665451 - Holdem no limit (15/30) - 2026/02/21 09:17:31 UTC
Table: 'Expresso Nitro(1067356103)#0' 3-max (real money) Seat #3 is the button
Seat 2: christ 59 (250)
Seat 3: MathisKcr (650)
*** ANTE/BLINDS ***
MathisKcr posts small blind 15
christ 59 posts big blind 30
Dealt to MathisKcr [3h 9s]
*** PRE-FLOP *** 
MathisKcr folds
christ 59 collected 45 from pot
*** SUMMARY ***
Total pot 45 | No rake
Seat 2: christ 59 (big blind) won 45


Winamax Poker - Tournament "Expresso Nitro" buyIn: 0.93€ + 0.07€ level: 2 - HandId: #4584259555571007489-7-1771665456 - Holdem no limit (15/30) - 2026/02/21 09:17:36 UTC
Table: 'Expresso Nitro(1067356103)#0' 3-max (real money) Seat #2 is the button
Seat 2: christ 59 (265)
Seat 3: MathisKcr (635)
*** ANTE/BLINDS ***
christ 59 posts small blind 15
MathisKcr posts big blind 30
Dealt to MathisKcr [9h Qh]
*** PRE-FLOP *** 
christ 59 calls 15
MathisKcr raises 30 to 60
christ 59 calls 30
*** FLOP *** [9s 3c 7d]
MathisKcr bets 30
christ 59 calls 30
*** TURN *** [9s 3c 7d][6h]
MathisKcr bets 63
christ 59 calls 63
*** RIVER *** [9s 3c 7d 6h][Qc]
MathisKcr bets 153
christ 59 folds
MathisKcr collected 459 from pot
*** SUMMARY ***
Total pot 459 | No rake
Board: [9s 3c 7d 6h Qc]
Seat 3: MathisKcr (big blind) won 459


Winamax Poker - Tournament "Expresso Nitro" buyIn: 0.93€ + 0.07€ level: 3 - HandId: #4584259555571007489-8-1771665481 - Holdem no limit (20/40) - 2026/02/21 09:18:01 UTC
Table: 'Expresso Nitro(1067356103)#0' 3-max (real money) Seat #3 is the button
Seat 2: christ 59 (112)
Seat 3: MathisKcr (788)
*** ANTE/BLINDS ***
MathisKcr posts small blind 20
christ 59 posts big blind 40
Dealt to MathisKcr [5d 7s]
*** PRE-FLOP *** 
MathisKcr folds
christ 59 collected 60 from pot
*** SUMMARY ***
Total pot 60 | No rake
Seat 2: christ 59 (big blind) won 60


Winamax Poker - Tournament "Expresso Nitro" buyIn: 0.93€ + 0.07€ level: 3 - HandId: #4584259555571007489-9-1771665489 - Holdem no limit (20/40) - 2026/02/21 09:18:09 UTC
Table: 'Expresso Nitro(1067356103)#0' 3-max (real money) Seat #2 is the button
Seat 2: christ 59 (132)
Seat 3: MathisKcr (768)
*** ANTE/BLINDS ***
christ 59 posts small blind 20
MathisKcr posts big blind 40
Dealt to MathisKcr [4d Qd]
*** PRE-FLOP *** 
christ 59 raises 92 to 132 and is all-in
MathisKcr calls 92
*** FLOP *** [6h Kh 2c]
*** TURN *** [6h Kh 2c][Td]
*** RIVER *** [6h Kh 2c Td][8c]
*** SHOW DOWN ***
christ 59 shows [3c Qs] (High card : King)
MathisKcr shows [4d Qd] (High card : King)
MathisKcr collected 132 from pot
christ 59 collected 132 from pot
*** SUMMARY ***
Total pot 264 | No rake
Board: [6h Kh 2c Td 8c]
Seat 2: christ 59 (small blind) (button) showed [3c Qs] and won 132 with High card : King
Seat 3: MathisKcr (big blind) showed [4d Qd] and won 132 with High card : King


Winamax Poker - Tournament "Expresso Nitro" buyIn: 0.93€ + 0.07€ level: 3 - HandId: #4584259555571007489-10-1771665507 - Holdem no limit (20/40) - 2026/02/21 09:18:27 UTC
Table: 'Expresso Nitro(1067356103)#0' 3-max (real money) Seat #3 is the button
Seat 2: christ 59 (132)
Seat 3: MathisKcr (768)
*** ANTE/BLINDS ***
MathisKcr posts small blind 20
christ 59 posts big blind 40
Dealt to MathisKcr [6h 3h]
*** PRE-FLOP *** 
MathisKcr folds
christ 59 collected 60 from pot
*** SUMMARY ***
Total pot 60 | No rake
Seat 2: christ 59 (big blind) won 60


Winamax Poker - Tournament "Expresso Nitro" buyIn: 0.93€ + 0.07€ level: 3 - HandId: #4584259555571007489-11-1771665513 - Holdem no limit (20/40) - 2026/02/21 09:18:33 UTC
Table: 'Expresso Nitro(1067356103)#0' 3-max (real money) Seat #2 is the button
Seat 2: christ 59 (152)
Seat 3: MathisKcr (748)
*** ANTE/BLINDS ***
christ 59 posts small blind 20
MathisKcr posts big blind 40
Dealt to MathisKcr [8s 8c]
*** PRE-FLOP *** 
christ 59 folds
MathisKcr collected 60 from pot
*** SUMMARY ***
Total pot 60 | No rake
Seat 3: MathisKcr (big blind) won 60


Winamax Poker - Tournament "Expresso Nitro" buyIn: 0.93€ + 0.07€ level: 4 - HandId: #4584259555571007489-12-1771665519 - Holdem no limit (30/60) - 2026/02/21 09:18:39 UTC
Table: 'Expresso Nitro(1067356103)#0' 3-max (real money) Seat #3 is the button
Seat 2: christ 59 (132)
Seat 3: MathisKcr (768)
*** ANTE/BLINDS ***
MathisKcr posts small blind 30
christ 59 posts big blind 60
Dealt to MathisKcr [Ks 2c]
*** PRE-FLOP *** 
MathisKcr raises 60 to 120
christ 59 raises 12 to 132 and is all-in
MathisKcr calls 12
*** FLOP *** [Td Ah Kc]
*** TURN *** [Td Ah Kc][3h]
*** RIVER *** [Td Ah Kc 3h][Qh]
*** SHOW DOWN ***
MathisKcr shows [Ks 2c] (One pair : Kings)
christ 59 shows [Jc 6d] (Straight Ace high)
christ 59 collected 264 from pot
*** SUMMARY ***
Total pot 264 | No rake
Board: [Td Ah Kc 3h Qh]
Seat 2: christ 59 (big blind) showed [Jc 6d] and won 264 with Straight Ace high
Seat 3: MathisKcr (small blind) (button) showed [Ks 2c] and lost with One pair : Kings


Winamax Poker - Tournament "Expresso Nitro" buyIn: 0.93€ + 0.07€ level: 4 - HandId: #4584259555571007489-13-1771665535 - Holdem no limit (30/60) - 2026/02/21 09:18:55 UTC
Table: 'Expresso Nitro(1067356103)#0' 3-max (real money) Seat #2 is the button
Seat 2: christ 59 (264)
Seat 3: MathisKcr (636)
*** ANTE/BLINDS ***
christ 59 posts small blind 30
MathisKcr posts big blind 60
Dealt to MathisKcr [4c Ac]
*** PRE-FLOP *** 
christ 59 raises 60 to 120
MathisKcr raises 516 to 636 and is all-in
christ 59 calls 144 and is all-in
*** FLOP *** [9h Jh 9c]
*** TURN *** [9h Jh 9c][6s]
*** RIVER *** [9h Jh 9c 6s][8d]
*** SHOW DOWN ***
christ 59 shows [Js Qs] (Two pairs : Jacks and 9)
MathisKcr shows [4c Ac] (One pair : 9)
MathisKcr collected 372 from side pot 1
christ 59 collected 528 from main pot
*** SUMMARY ***
Total pot 900 | No rake
Board: [9h Jh 9c 6s 8d]
Seat 2: christ 59 (small blind) (button) showed [Js Qs] and won 528 with Two pairs : Jacks and 9
Seat 3: MathisKcr (big blind) showed [4c Ac] and won 372 with One pair : 9


Winamax Poker - Tournament "Expresso Nitro" buyIn: 0.93€ + 0.07€ level: 4 - HandId: #4584259555571007489-14-1771665551 - Holdem no limit (30/60) - 2026/02/21 09:19:11 UTC
Table: 'Expresso Nitro(1067356103)#0' 3-max (real money) Seat #3 is the button
Seat 2: christ 59 (528)
Seat 3: MathisKcr (372)
*** ANTE/BLINDS ***
MathisKcr posts small blind 30
christ 59 posts big blind 60
Dealt to MathisKcr [Ks Js]
*** PRE-FLOP *** 
MathisKcr raises 312 to 372 and is all-in
christ 59 calls 312
*** FLOP *** [9h 7c Qc]
*** TURN *** [9h 7c Qc][Ts]
*** RIVER *** [9h 7c Qc Ts][5d]
*** SHOW DOWN ***
christ 59 shows [Kd 5h] (One pair : 5)
MathisKcr shows [Ks Js] (Straight King high)
MathisKcr collected 744 from pot
*** SUMMARY ***
Total pot 744 | No rake
Board: [9h 7c Qc Ts 5d]
Seat 2: christ 59 (big blind) showed [Kd 5h] and lost with One pair : 5
Seat 3: MathisKcr (small blind) (button) showed [Ks Js] and won 744 with Straight King high


Winamax Poker - Tournament "Expresso Nitro" buyIn: 0.93€ + 0.07€ level: 4 - HandId: #4584259555571007489-15-1771665564 - Holdem no limit (30/60) - 2026/02/21 09:19:24 UTC
Table: 'Expresso Nitro(1067356103)#0' 3-max (real money) Seat #2 is the button
Seat 2: christ 59 (156)
Seat 3: MathisKcr (744)
*** ANTE/BLINDS ***
christ 59 posts small blind 30
MathisKcr posts big blind 60
Dealt to MathisKcr [6h Ah]
*** PRE-FLOP *** 
christ 59 raises 96 to 156 and is all-in
MathisKcr calls 96
*** FLOP *** [3h 7c 4s]
*** TURN *** [3h 7c 4s][Qh]
*** RIVER *** [3h 7c 4s Qh][7h]
*** SHOW DOWN ***
christ 59 shows [Kh Ad] (One pair : 7)
MathisKcr shows [6h Ah] (Flush Ace high)
MathisKcr collected 312 from pot
*** SUMMARY ***
Total pot 312 | No rake
Board: [3h 7c 4s Qh 7h]
Seat 2: christ 59 (small blind) (button) showed [Kh Ad] and lost with One pair : 7
Seat 3: MathisKcr (big blind) showed [6h Ah] and won 312 with Flush Ace high


