Winamax Poker - Tournament "Expresso Nitro" buyIn: 0.93€ + 0.07€ level: 1 - HandId: #4637417721548505089-1-1773674634 - Holdem no limit (10/20) - 2026/03/16 15:23:54 UTC
Table: 'Expresso Nitro(1079732953)#0' 3-max (real money) Seat #3 is the button
Seat 1: tchoc (300)
Seat 2: Poker 35419 (300)
Seat 3: MathisKcr (300)
*** ANTE/BLINDS ***
tchoc posts small blind 10
Poker 35419 posts big blind 20
Dealt to MathisKcr [Tc 9s]
*** PRE-FLOP *** 
MathisKcr folds
tchoc calls 10
Poker 35419 raises 40 to 60
tchoc folds
Poker 35419 collected 80 from pot
*** SUMMARY ***
Total pot 80 | No rake
Seat 2: Poker 35419 (big blind) won 80


Winamax Poker - Tournament "Expresso Nitro" buyIn: 0.93€ + 0.07€ level: 1 - HandId: #4637417721548505089-2-1773674656 - Holdem no limit (10/20) - 2026/03/16 15:24:16 UTC
Table: 'Expresso Nitro(1079732953)#0' 3-max (real money) Seat #1 is the button
Seat 1: tchoc (280)
Seat 2: Poker 35419 (320)
Seat 3: MathisKcr (300)
*** ANTE/BLINDS ***
Poker 35419 posts small blind 10
MathisKcr posts big blind 20
Dealt to MathisKcr [Qc Ks]
*** PRE-FLOP *** 
tchoc raises 20 to 40
Poker 35419 calls 30
MathisKcr calls 20
*** FLOP *** [Qs 6h 7h]
Poker 35419 bets 20
MathisKcr raises 40 to 60
tchoc folds
Poker 35419 calls 40
*** TURN *** [Qs 6h 7h][3h]
Poker 35419 checks
MathisKcr bets 84
Poker 35419 folds
MathisKcr collected 324 from pot
*** SUMMARY ***
Total pot 324 | No rake
Board: [Qs 6h 7h 3h]
Seat 3: MathisKcr (big blind) won 324


Winamax Poker - Tournament "Expresso Nitro" buyIn: 0.93€ + 0.07€ level: 2 - HandId: #4637417721548505089-3-1773674696 - Holdem no limit (15/30) - 2026/03/16 15:24:56 UTC
Table: 'Expresso Nitro(1079732953)#0' 3-max (real money) Seat #2 is the button
Seat 1: tchoc (240)
Seat 2: Poker 35419 (220)
Seat 3: MathisKcr (440)
*** ANTE/BLINDS ***
MathisKcr posts small blind 15
tchoc posts big blind 30
Dealt to MathisKcr [Td Ts]
*** PRE-FLOP *** 
Poker 35419 calls 30
MathisKcr raises 410 to 440 and is all-in
tchoc folds
Poker 35419 folds
MathisKcr collected 500 from pot
*** SUMMARY ***
Total pot 500 | No rake
Seat 3: MathisKcr (small blind) won 500


Winamax Poker - Tournament "Expresso Nitro" buyIn: 0.93€ + 0.07€ level: 2 - HandId: #4637417721548505089-4-1773674724 - Holdem no limit (15/30) - 2026/03/16 15:25:24 UTC
Table: 'Expresso Nitro(1079732953)#0' 3-max (real money) Seat #3 is the button
Seat 1: tchoc (210)
Seat 2: Poker 35419 (190)
Seat 3: MathisKcr (500)
*** ANTE/BLINDS ***
tchoc posts small blind 15
Poker 35419 posts big blind 30
Dealt to MathisKcr [Ac Td]
*** PRE-FLOP *** 
MathisKcr raises 470 to 500 and is all-in
tchoc folds
Poker 35419 folds
MathisKcr collected 545 from pot
*** SUMMARY ***
Total pot 545 | No rake
Seat 3: MathisKcr (button) won 545


Winamax Poker - Tournament "Expresso Nitro" buyIn: 0.93€ + 0.07€ level: 2 - HandId: #4637417721548505089-5-1773674738 - Holdem no limit (15/30) - 2026/03/16 15:25:38 UTC
Table: 'Expresso Nitro(1079732953)#0' 3-max (real money) Seat #1 is the button
Seat 1: tchoc (195)
Seat 2: Poker 35419 (160)
Seat 3: MathisKcr (545)
*** ANTE/BLINDS ***
Poker 35419 posts small blind 15
MathisKcr posts big blind 30
Dealt to MathisKcr [2s 6d]
*** PRE-FLOP *** 
tchoc folds
Poker 35419 calls 15
MathisKcr checks
*** FLOP *** [Jd 3s Ad]
Poker 35419 checks
MathisKcr checks
*** TURN *** [Jd 3s Ad][9d]
Poker 35419 checks
MathisKcr checks
*** RIVER *** [Jd 3s Ad 9d][Tc]
Poker 35419 checks
MathisKcr checks
*** SHOW DOWN ***
MathisKcr shows [2s 6d] (High card : Ace)
Poker 35419 shows [5d 7s] (High card : Ace)
Poker 35419 collected 60 from pot
*** SUMMARY ***
Total pot 60 | No rake
Board: [Jd 3s Ad 9d Tc]
Seat 2: Poker 35419 (small blind) showed [5d 7s] and won 60 with High card : Ace
Seat 3: MathisKcr (big blind) showed [2s 6d] and lost with High card : Ace


Winamax Poker - Tournament "Expresso Nitro" buyIn: 0.93€ + 0.07€ level: 3 - HandId: #4637417721548505089-6-1773674755 - Holdem no limit (20/40) - 2026/03/16 15:25:55 UTC
Table: 'Expresso Nitro(1079732953)#0' 3-max (real money) Seat #2 is the button
Seat 1: tchoc (195)
Seat 2: Poker 35419 (190)
Seat 3: MathisKcr (515)
*** ANTE/BLINDS ***
MathisKcr posts small blind 20
tchoc posts big blind 40
Dealt to MathisKcr [Js 4h]
*** PRE-FLOP *** 
Poker 35419 folds
MathisKcr raises 40 to 80
tchoc folds
MathisKcr collected 120 from pot
*** SUMMARY ***
Total pot 120 | No rake
Seat 3: MathisKcr (small blind) won 120


Winamax Poker - Tournament "Expresso Nitro" buyIn: 0.93€ + 0.07€ level: 3 - HandId: #4637417721548505089-7-1773674767 - Holdem no limit (20/40) - 2026/03/16 15:26:07 UTC
Table: 'Expresso Nitro(1079732953)#0' 3-max (real money) Seat #3 is the button
Seat 1: tchoc (155)
Seat 2: Poker 35419 (190)
Seat 3: MathisKcr (555)
*** ANTE/BLINDS ***
tchoc posts small blind 20
Poker 35419 posts big blind 40
Dealt to MathisKcr [3h 2s]
*** PRE-FLOP *** 
MathisKcr folds
tchoc raises 115 to 155 and is all-in
Poker 35419 raises 35 to 190 and is all-in
*** FLOP *** [4h Ah Ac]
*** TURN *** [4h Ah Ac][Qh]
*** RIVER *** [4h Ah Ac Qh][5d]
*** SHOW DOWN ***
tchoc shows [3c Ad] (Trips of Aces)
Poker 35419 shows [8h As] (Trips of Aces)
Poker 35419 collected 345 from pot
*** SUMMARY ***
Total pot 345 | No rake
Board: [4h Ah Ac Qh 5d]
Seat 1: tchoc (small blind) showed [3c Ad] and lost with Trips of Aces
Seat 2: Poker 35419 (big blind) showed [8h As] and won 345 with Trips of Aces


Winamax Poker - Tournament "Expresso Nitro" buyIn: 0.93€ + 0.07€ level: 3 - HandId: #4637417721548505089-8-1773674784 - Holdem no limit (20/40) - 2026/03/16 15:26:24 UTC
Table: 'Expresso Nitro(1079732953)#0' 3-max (real money) Seat #2 is the button
Seat 2: Poker 35419 (345)
Seat 3: MathisKcr (555)
*** ANTE/BLINDS ***
Poker 35419 posts small blind 20
MathisKcr posts big blind 40
Dealt to MathisKcr [Tc 5h]
*** PRE-FLOP *** 
Poker 35419 folds
MathisKcr collected 60 from pot
*** SUMMARY ***
Total pot 60 | No rake
Seat 3: MathisKcr (big blind) won 60


Winamax Poker - Tournament "Expresso Nitro" buyIn: 0.93€ + 0.07€ level: 3 - HandId: #4637417721548505089-9-1773674792 - Holdem no limit (20/40) - 2026/03/16 15:26:32 UTC
Table: 'Expresso Nitro(1079732953)#0' 3-max (real money) Seat #3 is the button
Seat 2: Poker 35419 (325)
Seat 3: MathisKcr (575)
*** ANTE/BLINDS ***
MathisKcr posts small blind 20
Poker 35419 posts big blind 40
Dealt to MathisKcr [Kc Th]
*** PRE-FLOP *** 
MathisKcr raises 535 to 575 and is all-in
Poker 35419 calls 285 and is all-in
*** FLOP *** [Ac Jc 2h]
*** TURN *** [Ac Jc 2h][8s]
*** RIVER *** [Ac Jc 2h 8s][7h]
*** SHOW DOWN ***
Poker 35419 shows [Qc As] (One pair : Aces)
MathisKcr shows [Kc Th] (High card : Ace)
MathisKcr collected 250 from side pot 1
Poker 35419 collected 650 from main pot
*** SUMMARY ***
Total pot 900 | No rake
Board: [Ac Jc 2h 8s 7h]
Seat 2: Poker 35419 (big blind) showed [Qc As] and won 650 with One pair : Aces
Seat 3: MathisKcr (small blind) (button) showed [Kc Th] and won 250 with High card : Ace


Winamax Poker - Tournament "Expresso Nitro" buyIn: 0.93€ + 0.07€ level: 3 - HandId: #4637417721548505089-10-1773674806 - Holdem no limit (20/40) - 2026/03/16 15:26:46 UTC
Table: 'Expresso Nitro(1079732953)#0' 3-max (real money) Seat #2 is the button
Seat 2: Poker 35419 (650)
Seat 3: MathisKcr (250)
*** ANTE/BLINDS ***
Poker 35419 posts small blind 20
MathisKcr posts big blind 40
Dealt to MathisKcr [2h 5h]
*** PRE-FLOP *** 
Poker 35419 raises 610 to 650 and is all-in
MathisKcr folds
Poker 35419 collected 690 from pot
*** SUMMARY ***
Total pot 690 | No rake
Seat 2: Poker 35419 (small blind) (button) won 690


Winamax Poker - Tournament "Expresso Nitro" buyIn: 0.93€ + 0.07€ level: 3 - HandId: #4637417721548505089-11-1773674812 - Holdem no limit (20/40) - 2026/03/16 15:26:52 UTC
Table: 'Expresso Nitro(1079732953)#0' 3-max (real money) Seat #3 is the button
Seat 2: Poker 35419 (690)
Seat 3: MathisKcr (210)
*** ANTE/BLINDS ***
MathisKcr posts small blind 20
Poker 35419 posts big blind 40
Dealt to MathisKcr [2d Js]
*** PRE-FLOP *** 
MathisKcr calls 20
Poker 35419 raises 650 to 690 and is all-in
MathisKcr folds
Poker 35419 collected 730 from pot
*** SUMMARY ***
Total pot 730 | No rake
Seat 2: Poker 35419 (big blind) won 730


Winamax Poker - Tournament "Expresso Nitro" buyIn: 0.93€ + 0.07€ level: 4 - HandId: #4637417721548505089-12-1773674824 - Holdem no limit (30/60) - 2026/03/16 15:27:04 UTC
Table: 'Expresso Nitro(1079732953)#0' 3-max (real money) Seat #2 is the button
Seat 2: Poker 35419 (730)
Seat 3: MathisKcr (170)
*** ANTE/BLINDS ***
Poker 35419 posts small blind 30
MathisKcr posts big blind 60
Dealt to MathisKcr [8h Ks]
*** PRE-FLOP *** 
Poker 35419 folds
MathisKcr collected 90 from pot
*** SUMMARY ***
Total pot 90 | No rake
Seat 3: MathisKcr (big blind) won 90


Winamax Poker - Tournament "Expresso Nitro" buyIn: 0.93€ + 0.07€ level: 4 - HandId: #4637417721548505089-13-1773674829 - Holdem no limit (30/60) - 2026/03/16 15:27:09 UTC
Table: 'Expresso Nitro(1079732953)#0' 3-max (real money) Seat #3 is the button
Seat 2: Poker 35419 (700)
Seat 3: MathisKcr (200)
*** ANTE/BLINDS ***
MathisKcr posts small blind 30
Poker 35419 posts big blind 60
Dealt to MathisKcr [4s 9s]
*** PRE-FLOP *** 
MathisKcr folds
Poker 35419 collected 90 from pot
*** SUMMARY ***
Total pot 90 | No rake
Seat 2: Poker 35419 (big blind) won 90


Winamax Poker - Tournament "Expresso Nitro" buyIn: 0.93€ + 0.07€ level: 4 - HandId: #4637417721548505089-14-1773674833 - Holdem no limit (30/60) - 2026/03/16 15:27:13 UTC
Table: 'Expresso Nitro(1079732953)#0' 3-max (real money) Seat #2 is the button
Seat 2: Poker 35419 (730)
Seat 3: MathisKcr (170)
*** ANTE/BLINDS ***
Poker 35419 posts small blind 30
MathisKcr posts big blind 60
Dealt to MathisKcr [Ah 2c]
*** PRE-FLOP *** 
Poker 35419 calls 30
MathisKcr raises 110 to 170 and is all-in
Poker 35419 calls 110
*** FLOP *** [As 4h 7d]
*** TURN *** [As 4h 7d][Jc]
*** RIVER *** [As 4h 7d Jc][Qh]
*** SHOW DOWN ***
Poker 35419 shows [9d Kh] (High card : Ace)
MathisKcr shows [Ah 2c] (One pair : Aces)
MathisKcr collected 340 from pot
*** SUMMARY ***
Total pot 340 | No rake
Board: [As 4h 7d Jc Qh]
Seat 2: Poker 35419 (small blind) (button) showed [9d Kh] and lost with High card : Ace
Seat 3: MathisKcr (big blind) showed [Ah 2c] and won 340 with One pair : Aces


Winamax Poker - Tournament "Expresso Nitro" buyIn: 0.93€ + 0.07€ level: 4 - HandId: #4637417721548505089-15-1773674849 - Holdem no limit (30/60) - 2026/03/16 15:27:29 UTC
Table: 'Expresso Nitro(1079732953)#0' 3-max (real money) Seat #3 is the button
Seat 2: Poker 35419 (560)
Seat 3: MathisKcr (340)
*** ANTE/BLINDS ***
MathisKcr posts small blind 30
Poker 35419 posts big blind 60
Dealt to MathisKcr [Jd Td]
*** PRE-FLOP *** 
MathisKcr raises 280 to 340 and is all-in
Poker 35419 folds
MathisKcr collected 400 from pot
*** SUMMARY ***
Total pot 400 | No rake
Seat 3: MathisKcr (small blind) (button) won 400


Winamax Poker - Tournament "Expresso Nitro" buyIn: 0.93€ + 0.07€ level: 4 - HandId: #4637417721548505089-16-1773674861 - Holdem no limit (30/60) - 2026/03/16 15:27:41 UTC
Table: 'Expresso Nitro(1079732953)#0' 3-max (real money) Seat #2 is the button
Seat 2: Poker 35419 (500)
Seat 3: MathisKcr (400)
*** ANTE/BLINDS ***
Poker 35419 posts small blind 30
MathisKcr posts big blind 60
Dealt to MathisKcr [Tc 5s]
*** PRE-FLOP *** 
Poker 35419 folds
MathisKcr collected 90 from pot
*** SUMMARY ***
Total pot 90 | No rake
Seat 3: MathisKcr (big blind) won 90


Winamax Poker - Tournament "Expresso Nitro" buyIn: 0.93€ + 0.07€ level: 4 - HandId: #4637417721548505089-17-1773674869 - Holdem no limit (30/60) - 2026/03/16 15:27:49 UTC
Table: 'Expresso Nitro(1079732953)#0' 3-max (real money) Seat #3 is the button
Seat 2: Poker 35419 (470)
Seat 3: MathisKcr (430)
*** ANTE/BLINDS ***
MathisKcr posts small blind 30
Poker 35419 posts big blind 60
Dealt to MathisKcr [Qh 3c]
*** PRE-FLOP *** 
MathisKcr raises 370 to 430 and is all-in
Poker 35419 folds
MathisKcr collected 490 from pot
*** SUMMARY ***
Total pot 490 | No rake
Seat 3: MathisKcr (small blind) (button) won 490


Winamax Poker - Tournament "Expresso Nitro" buyIn: 0.93€ + 0.07€ level: 5 - HandId: #4637417721548505089-18-1773674878 - Holdem no limit (40/80) - 2026/03/16 15:27:58 UTC
Table: 'Expresso Nitro(1079732953)#0' 3-max (real money) Seat #2 is the button
Seat 2: Poker 35419 (410)
Seat 3: MathisKcr (490)
*** ANTE/BLINDS ***
Poker 35419 posts small blind 40
MathisKcr posts big blind 80
Dealt to MathisKcr [8s 3h]
*** PRE-FLOP *** 
Poker 35419 folds
MathisKcr collected 120 from pot
*** SUMMARY ***
Total pot 120 | No rake
Seat 3: MathisKcr (big blind) won 120


Winamax Poker - Tournament "Expresso Nitro" buyIn: 0.93€ + 0.07€ level: 5 - HandId: #4637417721548505089-19-1773674884 - Holdem no limit (40/80) - 2026/03/16 15:28:04 UTC
Table: 'Expresso Nitro(1079732953)#0' 3-max (real money) Seat #3 is the button
Seat 2: Poker 35419 (370)
Seat 3: MathisKcr (530)
*** ANTE/BLINDS ***
MathisKcr posts small blind 40
Poker 35419 posts big blind 80
Dealt to MathisKcr [Ts Qs]
*** PRE-FLOP *** 
MathisKcr raises 450 to 530 and is all-in
Poker 35419 folds
MathisKcr collected 610 from pot
*** SUMMARY ***
Total pot 610 | No rake
Seat 3: MathisKcr (small blind) (button) won 610


Winamax Poker - Tournament "Expresso Nitro" buyIn: 0.93€ + 0.07€ level: 5 - HandId: #4637417721548505089-20-1773674891 - Holdem no limit (40/80) - 2026/03/16 15:28:11 UTC
Table: 'Expresso Nitro(1079732953)#0' 3-max (real money) Seat #2 is the button
Seat 2: Poker 35419 (290)
Seat 3: MathisKcr (610)
*** ANTE/BLINDS ***
Poker 35419 posts small blind 40
MathisKcr posts big blind 80
Dealt to MathisKcr [5s Qd]
*** PRE-FLOP *** 
Poker 35419 calls 40
MathisKcr checks
*** FLOP *** [3h Qs Ks]
MathisKcr bets 530 and is all-in
Poker 35419 folds
MathisKcr collected 690 from pot
*** SUMMARY ***
Total pot 690 | No rake
Board: [3h Qs Ks]
Seat 3: MathisKcr (big blind) won 690


Winamax Poker - Tournament "Expresso Nitro" buyIn: 0.93€ + 0.07€ level: 5 - HandId: #4637417721548505089-21-1773674901 - Holdem no limit (40/80) - 2026/03/16 15:28:21 UTC
Table: 'Expresso Nitro(1079732953)#0' 3-max (real money) Seat #3 is the button
Seat 2: Poker 35419 (210)
Seat 3: MathisKcr (690)
*** ANTE/BLINDS ***
MathisKcr posts small blind 40
Poker 35419 posts big blind 80
Dealt to MathisKcr [9h 8s]
*** PRE-FLOP *** 
MathisKcr raises 610 to 690 and is all-in
Poker 35419 calls 130 and is all-in
*** FLOP *** [2s 7d 6c]
*** TURN *** [2s 7d 6c][7h]
*** RIVER *** [2s 7d 6c 7h][7s]
*** SHOW DOWN ***
Poker 35419 shows [Kh 7c] (Quads of 7)
MathisKcr shows [9h 8s] (Trips of 7)
MathisKcr collected 480 from side pot 1
Poker 35419 collected 420 from main pot
*** SUMMARY ***
Total pot 900 | No rake
Board: [2s 7d 6c 7h 7s]
Seat 2: Poker 35419 (big blind) showed [Kh 7c] and won 420 with Quads of 7
Seat 3: MathisKcr (small blind) (button) showed [9h 8s] and won 480 with Trips of 7


Winamax Poker - Tournament "Expresso Nitro" buyIn: 0.93€ + 0.07€ level: 5 - HandId: #4637417721548505089-22-1773674914 - Holdem no limit (40/80) - 2026/03/16 15:28:34 UTC
Table: 'Expresso Nitro(1079732953)#0' 3-max (real money) Seat #2 is the button
Seat 2: Poker 35419 (420)
Seat 3: MathisKcr (480)
*** ANTE/BLINDS ***
Poker 35419 posts small blind 40
MathisKcr posts big blind 80
Dealt to MathisKcr [2h Qs]
*** PRE-FLOP *** 
Poker 35419 raises 340 to 420 and is all-in
MathisKcr folds
Poker 35419 collected 500 from pot
*** SUMMARY ***
Total pot 500 | No rake
Seat 2: Poker 35419 (small blind) (button) won 500


Winamax Poker - Tournament "Expresso Nitro" buyIn: 0.93€ + 0.07€ level: 5 - HandId: #4637417721548505089-23-1773674920 - Holdem no limit (40/80) - 2026/03/16 15:28:40 UTC
Table: 'Expresso Nitro(1079732953)#0' 3-max (real money) Seat #3 is the button
Seat 2: Poker 35419 (500)
Seat 3: MathisKcr (400)
*** ANTE/BLINDS ***
MathisKcr posts small blind 40
Poker 35419 posts big blind 80
Dealt to MathisKcr [2c 9c]
*** PRE-FLOP *** 
MathisKcr folds
Poker 35419 collected 120 from pot
*** SUMMARY ***
Total pot 120 | No rake
Seat 2: Poker 35419 (big blind) won 120


Winamax Poker - Tournament "Expresso Nitro" buyIn: 0.93€ + 0.07€ level: 5 - HandId: #4637417721548505089-24-1773674925 - Holdem no limit (40/80) - 2026/03/16 15:28:45 UTC
Table: 'Expresso Nitro(1079732953)#0' 3-max (real money) Seat #2 is the button
Seat 2: Poker 35419 (540)
Seat 3: MathisKcr (360)
*** ANTE/BLINDS ***
Poker 35419 posts small blind 40
MathisKcr posts big blind 80
Dealt to MathisKcr [Jd Qd]
*** PRE-FLOP *** 
Poker 35419 calls 40
MathisKcr raises 280 to 360 and is all-in
Poker 35419 folds
MathisKcr collected 440 from pot
*** SUMMARY ***
Total pot 440 | No rake
Seat 3: MathisKcr (big blind) won 440


Winamax Poker - Tournament "Expresso Nitro" buyIn: 0.93€ + 0.07€ level: 6 - HandId: #4637417721548505089-25-1773674933 - Holdem no limit (50/100) - 2026/03/16 15:28:53 UTC
Table: 'Expresso Nitro(1079732953)#0' 3-max (real money) Seat #3 is the button
Seat 2: Poker 35419 (460)
Seat 3: MathisKcr (440)
*** ANTE/BLINDS ***
MathisKcr posts small blind 50
Poker 35419 posts big blind 100
Dealt to MathisKcr [Ah 4h]
*** PRE-FLOP *** 
MathisKcr raises 340 to 440 and is all-in
Poker 35419 folds
MathisKcr collected 540 from pot
*** SUMMARY ***
Total pot 540 | No rake
Seat 3: MathisKcr (small blind) (button) won 540


Winamax Poker - Tournament "Expresso Nitro" buyIn: 0.93€ + 0.07€ level: 6 - HandId: #4637417721548505089-26-1773674940 - Holdem no limit (50/100) - 2026/03/16 15:29:00 UTC
Table: 'Expresso Nitro(1079732953)#0' 3-max (real money) Seat #2 is the button
Seat 2: Poker 35419 (360)
Seat 3: MathisKcr (540)
*** ANTE/BLINDS ***
Poker 35419 posts small blind 50
MathisKcr posts big blind 100
Dealt to MathisKcr [9s 8d]
*** PRE-FLOP *** 
Poker 35419 calls 50
MathisKcr raises 440 to 540 and is all-in
Poker 35419 folds
MathisKcr collected 640 from pot
*** SUMMARY ***
Total pot 640 | No rake
Seat 3: MathisKcr (big blind) won 640


Winamax Poker - Tournament "Expresso Nitro" buyIn: 0.93€ + 0.07€ level: 6 - HandId: #4637417721548505089-27-1773674949 - Holdem no limit (50/100) - 2026/03/16 15:29:09 UTC
Table: 'Expresso Nitro(1079732953)#0' 3-max (real money) Seat #3 is the button
Seat 2: Poker 35419 (260)
Seat 3: MathisKcr (640)
*** ANTE/BLINDS ***
MathisKcr posts small blind 50
Poker 35419 posts big blind 100
Dealt to MathisKcr [Th Ac]
*** PRE-FLOP *** 
MathisKcr raises 540 to 640 and is all-in
Poker 35419 calls 160 and is all-in
*** FLOP *** [Tc 4c 9s]
*** TURN *** [Tc 4c 9s][6d]
*** RIVER *** [Tc 4c 9s 6d][7d]
*** SHOW DOWN ***
Poker 35419 shows [Kc 3h] (High card : King)
MathisKcr shows [Th Ac] (One pair : Tens)
MathisKcr collected 900 from pot
*** SUMMARY ***
Total pot 900 | No rake
Board: [Tc 4c 9s 6d 7d]
Seat 2: Poker 35419 (big blind) showed [Kc 3h] and lost with High card : King
Seat 3: MathisKcr (small blind) (button) showed [Th Ac] and won 900 with One pair : Tens


