Winamax Poker - Tournament "Expresso Nitro" buyIn: 0.93€ + 0.07€ level: 1 - HandId: #4698448700018524161-1-1775914716 - Holdem no limit (10/20) - 2026/04/11 13:38:36 UTC
Table: 'Expresso Nitro(1093942835)#0' 3-max (real money) Seat #1 is the button
Seat 1: MathisKcr (300)
Seat 2: HB4KIM (300)
Seat 3: DP_Mister403 (300)
*** ANTE/BLINDS ***
HB4KIM posts small blind 10
DP_Mister403 posts big blind 20
Dealt to MathisKcr [Ad 4h]
*** PRE-FLOP *** 
MathisKcr raises 20 to 40
HB4KIM calls 30
DP_Mister403 calls 20
*** FLOP *** [7s Jd 3h]
HB4KIM checks
DP_Mister403 checks
MathisKcr bets 42
HB4KIM folds
DP_Mister403 folds
MathisKcr collected 162 from pot
*** SUMMARY ***
Total pot 162 | No rake
Board: [7s Jd 3h]
Seat 1: MathisKcr (button) won 162


Winamax Poker - Tournament "Expresso Nitro" buyIn: 0.93€ + 0.07€ level: 1 - HandId: #4698448700018524161-2-1775914734 - Holdem no limit (10/20) - 2026/04/11 13:38:54 UTC
Table: 'Expresso Nitro(1093942835)#0' 3-max (real money) Seat #2 is the button
Seat 1: MathisKcr (380)
Seat 2: HB4KIM (260)
Seat 3: DP_Mister403 (260)
*** ANTE/BLINDS ***
DP_Mister403 posts small blind 10
MathisKcr posts big blind 20
Dealt to MathisKcr [5s 5d]
*** PRE-FLOP *** 
HB4KIM folds
DP_Mister403 calls 10
MathisKcr raises 360 to 380 and is all-in
DP_Mister403 calls 240 and is all-in
*** FLOP *** [4d 9h 6s]
*** TURN *** [4d 9h 6s][3c]
*** RIVER *** [4d 9h 6s 3c][Ah]
*** SHOW DOWN ***
MathisKcr shows [5s 5d] (One pair : 5)
DP_Mister403 shows [8s 9d] (One pair : 9)
DP_Mister403 collected 520 from main pot
MathisKcr collected 120 from side pot 1
*** SUMMARY ***
Total pot 640 | No rake
Board: [4d 9h 6s 3c Ah]
Seat 1: MathisKcr (big blind) showed [5s 5d] and won 120 with One pair : 5
Seat 3: DP_Mister403 (small blind) showed [8s 9d] and won 520 with One pair : 9


Winamax Poker - Tournament "Expresso Nitro" buyIn: 0.93€ + 0.07€ level: 1 - HandId: #4698448700018524161-3-1775914753 - Holdem no limit (10/20) - 2026/04/11 13:39:13 UTC
Table: 'Expresso Nitro(1093942835)#0' 3-max (real money) Seat #3 is the button
Seat 1: MathisKcr (120)
Seat 2: HB4KIM (260)
Seat 3: DP_Mister403 (520)
*** ANTE/BLINDS ***
MathisKcr posts small blind 10
HB4KIM posts big blind 20
Dealt to MathisKcr [3h 2d]
*** PRE-FLOP *** 
DP_Mister403 calls 20
MathisKcr folds
HB4KIM checks
*** FLOP *** [4d 7h 4c]
HB4KIM checks
DP_Mister403 checks
*** TURN *** [4d 7h 4c][2h]
HB4KIM checks
DP_Mister403 bets 20
HB4KIM folds
DP_Mister403 collected 70 from pot
*** SUMMARY ***
Total pot 70 | No rake
Board: [4d 7h 4c 2h]
Seat 3: DP_Mister403 (button) won 70


Winamax Poker - Tournament "Expresso Nitro" buyIn: 0.93€ + 0.07€ level: 1 - HandId: #4698448700018524161-4-1775914769 - Holdem no limit (10/20) - 2026/04/11 13:39:29 UTC
Table: 'Expresso Nitro(1093942835)#0' 3-max (real money) Seat #1 is the button
Seat 1: MathisKcr (110)
Seat 2: HB4KIM (240)
Seat 3: DP_Mister403 (550)
*** ANTE/BLINDS ***
HB4KIM posts small blind 10
DP_Mister403 posts big blind 20
Dealt to MathisKcr [3h 4c]
*** PRE-FLOP *** 
MathisKcr folds
HB4KIM folds
DP_Mister403 collected 30 from pot
*** SUMMARY ***
Total pot 30 | No rake
Seat 3: DP_Mister403 (big blind) won 30


Winamax Poker - Tournament "Expresso Nitro" buyIn: 0.93€ + 0.07€ level: 2 - HandId: #4698448700018524161-5-1775914774 - Holdem no limit (15/30) - 2026/04/11 13:39:34 UTC
Table: 'Expresso Nitro(1093942835)#0' 3-max (real money) Seat #2 is the button
Seat 1: MathisKcr (110)
Seat 2: HB4KIM (230)
Seat 3: DP_Mister403 (560)
*** ANTE/BLINDS ***
DP_Mister403 posts small blind 15
MathisKcr posts big blind 30
Dealt to MathisKcr [5s 9c]
*** PRE-FLOP *** 
HB4KIM folds
DP_Mister403 calls 15
MathisKcr checks
*** FLOP *** [Kh 8c 9d]
DP_Mister403 checks
MathisKcr bets 80 and is all-in
DP_Mister403 calls 80
*** TURN *** [Kh 8c 9d][Jd]
*** RIVER *** [Kh 8c 9d Jd][Ah]
*** SHOW DOWN ***
DP_Mister403 shows [7s 7h] (One pair : 7)
MathisKcr shows [5s 9c] (One pair : 9)
MathisKcr collected 220 from pot
*** SUMMARY ***
Total pot 220 | No rake
Board: [Kh 8c 9d Jd Ah]
Seat 1: MathisKcr (big blind) showed [5s 9c] and won 220 with One pair : 9
Seat 3: DP_Mister403 (small blind) showed [7s 7h] and lost with One pair : 7


Winamax Poker - Tournament "Expresso Nitro" buyIn: 0.93€ + 0.07€ level: 2 - HandId: #4698448700018524161-6-1775914796 - Holdem no limit (15/30) - 2026/04/11 13:39:56 UTC
Table: 'Expresso Nitro(1093942835)#0' 3-max (real money) Seat #3 is the button
Seat 1: MathisKcr (220)
Seat 2: HB4KIM (230)
Seat 3: DP_Mister403 (450)
*** ANTE/BLINDS ***
MathisKcr posts small blind 15
HB4KIM posts big blind 30
Dealt to MathisKcr [4h Td]
*** PRE-FLOP *** 
DP_Mister403 raises 75 to 105
MathisKcr folds
HB4KIM folds
DP_Mister403 collected 150 from pot
*** SUMMARY ***
Total pot 150 | No rake
Seat 3: DP_Mister403 (button) won 150


Winamax Poker - Tournament "Expresso Nitro" buyIn: 0.93€ + 0.07€ level: 2 - HandId: #4698448700018524161-7-1775914806 - Holdem no limit (15/30) - 2026/04/11 13:40:06 UTC
Table: 'Expresso Nitro(1093942835)#0' 3-max (real money) Seat #1 is the button
Seat 1: MathisKcr (205)
Seat 2: HB4KIM (200)
Seat 3: DP_Mister403 (495)
*** ANTE/BLINDS ***
HB4KIM posts small blind 15
DP_Mister403 posts big blind 30
Dealt to MathisKcr [Jd Js]
*** PRE-FLOP *** 
MathisKcr raises 30 to 60
HB4KIM folds
DP_Mister403 calls 30
*** FLOP *** [9h 7h Ah]
DP_Mister403 checks
MathisKcr bets 145 and is all-in
DP_Mister403 calls 145
*** TURN *** [9h 7h Ah][3h]
*** RIVER *** [9h 7h Ah 3h][Ad]
*** SHOW DOWN ***
MathisKcr shows [Jd Js] (Two pairs : Aces and Jacks)
DP_Mister403 shows [Jh 5d] (Flush Ace high)
DP_Mister403 collected 425 from pot
*** SUMMARY ***
Total pot 425 | No rake
Board: [9h 7h Ah 3h Ad]
Seat 1: MathisKcr (button) showed [Jd Js] and lost with Two pairs : Aces and Jacks
Seat 3: DP_Mister403 (big blind) showed [Jh 5d] and won 425 with Flush Ace high


