Winamax Poker - Tournament "Expresso Nitro" buyIn: 0.93€ + 0.07€ level: 1 - HandId: #4552727005195403265-1-1770536784 - Holdem no limit (10/20) - 2026/02/08 07:46:24 UTC
Table: 'Expresso Nitro(1060014359)#0' 3-max (real money) Seat #2 is the button
Seat 1: MathisKcr (300)
Seat 2: Chupinete04 (300)
Seat 3: Malamute_86 (300)
*** ANTE/BLINDS ***
Malamute_86 posts small blind 10
MathisKcr posts big blind 20
Dealt to MathisKcr [7d Qd]
*** PRE-FLOP *** 
Chupinete04 calls 20
Malamute_86 folds
MathisKcr checks
*** FLOP *** [Td 7c 6d]
MathisKcr bets 50
Chupinete04 calls 50
*** TURN *** [Td 7c 6d][Ad]
MathisKcr checks
Chupinete04 bets 230 and is all-in
MathisKcr calls 230 and is all-in
*** RIVER *** [Td 7c 6d Ad][Jc]
*** SHOW DOWN ***
Chupinete04 shows [7s 9s] (One pair : 7)
MathisKcr shows [7d Qd] (Flush Ace high)
MathisKcr collected 610 from pot
*** SUMMARY ***
Total pot 610 | No rake
Board: [Td 7c 6d Ad Jc]
Seat 1: MathisKcr (big blind) showed [7d Qd] and won 610 with Flush Ace high
Seat 2: Chupinete04 (button) showed [7s 9s] and lost with One pair : 7


Winamax Poker - Tournament "Expresso Nitro" buyIn: 0.93€ + 0.07€ level: 1 - HandId: #4552727005195403265-2-1770536814 - Holdem no limit (10/20) - 2026/02/08 07:46:54 UTC
Table: 'Expresso Nitro(1060014359)#0' 3-max (real money) Seat #1 is the button
Seat 1: MathisKcr (610)
Seat 3: Malamute_86 (290)
*** ANTE/BLINDS ***
MathisKcr posts small blind 10
Malamute_86 posts big blind 20
Dealt to MathisKcr [Qh 4c]
*** PRE-FLOP *** 
MathisKcr raises 20 to 40
Malamute_86 folds
MathisKcr collected 60 from pot
*** SUMMARY ***
Total pot 60 | No rake
Seat 1: MathisKcr (small blind) (button) won 60


Winamax Poker - Tournament "Expresso Nitro" buyIn: 0.93€ + 0.07€ level: 1 - HandId: #4552727005195403265-3-1770536823 - Holdem no limit (10/20) - 2026/02/08 07:47:03 UTC
Table: 'Expresso Nitro(1060014359)#0' 3-max (real money) Seat #3 is the button
Seat 1: MathisKcr (630)
Seat 3: Malamute_86 (270)
*** ANTE/BLINDS ***
Malamute_86 posts small blind 10
MathisKcr posts big blind 20
Dealt to MathisKcr [8s 5s]
*** PRE-FLOP *** 
Malamute_86 folds
MathisKcr collected 30 from pot
*** SUMMARY ***
Total pot 30 | No rake
Seat 1: MathisKcr (big blind) won 30


Winamax Poker - Tournament "Expresso Nitro" buyIn: 0.93€ + 0.07€ level: 1 - HandId: #4552727005195403265-4-1770536839 - Holdem no limit (10/20) - 2026/02/08 07:47:19 UTC
Table: 'Expresso Nitro(1060014359)#0' 3-max (real money) Seat #1 is the button
Seat 1: MathisKcr (640)
Seat 3: Malamute_86 (260)
*** ANTE/BLINDS ***
MathisKcr posts small blind 10
Malamute_86 posts big blind 20
Dealt to MathisKcr [9s 5d]
*** PRE-FLOP *** 
MathisKcr raises 20 to 40
Malamute_86 folds
MathisKcr collected 60 from pot
*** SUMMARY ***
Total pot 60 | No rake
Seat 1: MathisKcr (small blind) (button) won 60


Winamax Poker - Tournament "Expresso Nitro" buyIn: 0.93€ + 0.07€ level: 2 - HandId: #4552727005195403265-5-1770536847 - Holdem no limit (15/30) - 2026/02/08 07:47:27 UTC
Table: 'Expresso Nitro(1060014359)#0' 3-max (real money) Seat #3 is the button
Seat 1: MathisKcr (660)
Seat 3: Malamute_86 (240)
*** ANTE/BLINDS ***
Malamute_86 posts small blind 15
MathisKcr posts big blind 30
Dealt to MathisKcr [3c 4d]
*** PRE-FLOP *** 
Malamute_86 calls 15
MathisKcr raises 60 to 90
Malamute_86 folds
MathisKcr collected 120 from pot
*** SUMMARY ***
Total pot 120 | No rake
Seat 1: MathisKcr (big blind) won 120


Winamax Poker - Tournament "Expresso Nitro" buyIn: 0.93€ + 0.07€ level: 2 - HandId: #4552727005195403265-6-1770536858 - Holdem no limit (15/30) - 2026/02/08 07:47:38 UTC
Table: 'Expresso Nitro(1060014359)#0' 3-max (real money) Seat #1 is the button
Seat 1: MathisKcr (690)
Seat 3: Malamute_86 (210)
*** ANTE/BLINDS ***
MathisKcr posts small blind 15
Malamute_86 posts big blind 30
Dealt to MathisKcr [7d 3c]
*** PRE-FLOP *** 
MathisKcr raises 60 to 90
Malamute_86 folds
MathisKcr collected 120 from pot
*** SUMMARY ***
Total pot 120 | No rake
Seat 1: MathisKcr (small blind) (button) won 120


Winamax Poker - Tournament "Expresso Nitro" buyIn: 0.93€ + 0.07€ level: 2 - HandId: #4552727005195403265-7-1770536868 - Holdem no limit (15/30) - 2026/02/08 07:47:48 UTC
Table: 'Expresso Nitro(1060014359)#0' 3-max (real money) Seat #3 is the button
Seat 1: MathisKcr (720)
Seat 3: Malamute_86 (180)
*** ANTE/BLINDS ***
Malamute_86 posts small blind 15
MathisKcr posts big blind 30
Dealt to MathisKcr [Qd 5s]
*** PRE-FLOP *** 
Malamute_86 raises 150 to 180 and is all-in
MathisKcr calls 150
*** FLOP *** [Jd 8c 3s]
*** TURN *** [Jd 8c 3s][9s]
*** RIVER *** [Jd 8c 3s 9s][4s]
*** SHOW DOWN ***
MathisKcr shows [Qd 5s] (High card : Queen)
Malamute_86 shows [4d Ah] (One pair : 4)
Malamute_86 collected 360 from pot
*** SUMMARY ***
Total pot 360 | No rake
Board: [Jd 8c 3s 9s 4s]
Seat 1: MathisKcr (big blind) showed [Qd 5s] and lost with High card : Queen
Seat 3: Malamute_86 (small blind) (button) showed [4d Ah] and won 360 with One pair : 4


Winamax Poker - Tournament "Expresso Nitro" buyIn: 0.93€ + 0.07€ level: 2 - HandId: #4552727005195403265-8-1770536881 - Holdem no limit (15/30) - 2026/02/08 07:48:01 UTC
Table: 'Expresso Nitro(1060014359)#0' 3-max (real money) Seat #1 is the button
Seat 1: MathisKcr (540)
Seat 3: Malamute_86 (360)
*** ANTE/BLINDS ***
MathisKcr posts small blind 15
Malamute_86 posts big blind 30
Dealt to MathisKcr [9c 5d]
*** PRE-FLOP *** 
MathisKcr raises 30 to 60
Malamute_86 raises 300 to 360 and is all-in
MathisKcr folds
Malamute_86 collected 420 from pot
*** SUMMARY ***
Total pot 420 | No rake
Seat 3: Malamute_86 (big blind) won 420


Winamax Poker - Tournament "Expresso Nitro" buyIn: 0.93€ + 0.07€ level: 2 - HandId: #4552727005195403265-9-1770536890 - Holdem no limit (15/30) - 2026/02/08 07:48:10 UTC
Table: 'Expresso Nitro(1060014359)#0' 3-max (real money) Seat #3 is the button
Seat 1: MathisKcr (480)
Seat 3: Malamute_86 (420)
*** ANTE/BLINDS ***
Malamute_86 posts small blind 15
MathisKcr posts big blind 30
Dealt to MathisKcr [2s Kh]
*** PRE-FLOP *** 
Malamute_86 calls 15
MathisKcr raises 450 to 480 and is all-in
Malamute_86 folds
MathisKcr collected 510 from pot
*** SUMMARY ***
Total pot 510 | No rake
Seat 1: MathisKcr (big blind) won 510


Winamax Poker - Tournament "Expresso Nitro" buyIn: 0.93€ + 0.07€ level: 3 - HandId: #4552727005195403265-10-1770536903 - Holdem no limit (20/40) - 2026/02/08 07:48:23 UTC
Table: 'Expresso Nitro(1060014359)#0' 3-max (real money) Seat #1 is the button
Seat 1: MathisKcr (510)
Seat 3: Malamute_86 (390)
*** ANTE/BLINDS ***
MathisKcr posts small blind 20
Malamute_86 posts big blind 40
Dealt to MathisKcr [8d Td]
*** PRE-FLOP *** 
MathisKcr raises 40 to 80
Malamute_86 folds
MathisKcr collected 120 from pot
*** SUMMARY ***
Total pot 120 | No rake
Seat 1: MathisKcr (small blind) (button) won 120


Winamax Poker - Tournament "Expresso Nitro" buyIn: 0.93€ + 0.07€ level: 3 - HandId: #4552727005195403265-11-1770536913 - Holdem no limit (20/40) - 2026/02/08 07:48:33 UTC
Table: 'Expresso Nitro(1060014359)#0' 3-max (real money) Seat #3 is the button
Seat 1: MathisKcr (550)
Seat 3: Malamute_86 (350)
*** ANTE/BLINDS ***
Malamute_86 posts small blind 20
MathisKcr posts big blind 40
Dealt to MathisKcr [Qd 9s]
*** PRE-FLOP *** 
Malamute_86 folds
MathisKcr collected 60 from pot
*** SUMMARY ***
Total pot 60 | No rake
Seat 1: MathisKcr (big blind) won 60


Winamax Poker - Tournament "Expresso Nitro" buyIn: 0.93€ + 0.07€ level: 3 - HandId: #4552727005195403265-12-1770536926 - Holdem no limit (20/40) - 2026/02/08 07:48:46 UTC
Table: 'Expresso Nitro(1060014359)#0' 3-max (real money) Seat #1 is the button
Seat 1: MathisKcr (570)
Seat 3: Malamute_86 (330)
*** ANTE/BLINDS ***
MathisKcr posts small blind 20
Malamute_86 posts big blind 40
Dealt to MathisKcr [5h Jc]
*** PRE-FLOP *** 
MathisKcr raises 80 to 120
Malamute_86 raises 210 to 330 and is all-in
MathisKcr folds
Malamute_86 collected 450 from pot
*** SUMMARY ***
Total pot 450 | No rake
Seat 3: Malamute_86 (big blind) won 450


Winamax Poker - Tournament "Expresso Nitro" buyIn: 0.93€ + 0.07€ level: 3 - HandId: #4552727005195403265-13-1770536945 - Holdem no limit (20/40) - 2026/02/08 07:49:05 UTC
Table: 'Expresso Nitro(1060014359)#0' 3-max (real money) Seat #3 is the button
Seat 1: MathisKcr (450)
Seat 3: Malamute_86 (450)
*** ANTE/BLINDS ***
Malamute_86 posts small blind 20
MathisKcr posts big blind 40
Dealt to MathisKcr [3d Th]
*** PRE-FLOP *** 
Malamute_86 calls 20
MathisKcr raises 40 to 80
Malamute_86 folds
MathisKcr collected 120 from pot
*** SUMMARY ***
Total pot 120 | No rake
Seat 1: MathisKcr (big blind) won 120


Winamax Poker - Tournament "Expresso Nitro" buyIn: 0.93€ + 0.07€ level: 3 - HandId: #4552727005195403265-14-1770536956 - Holdem no limit (20/40) - 2026/02/08 07:49:16 UTC
Table: 'Expresso Nitro(1060014359)#0' 3-max (real money) Seat #1 is the button
Seat 1: MathisKcr (490)
Seat 3: Malamute_86 (410)
*** ANTE/BLINDS ***
MathisKcr posts small blind 20
Malamute_86 posts big blind 40
Dealt to MathisKcr [Qs Tc]
*** PRE-FLOP *** 
MathisKcr raises 40 to 80
Malamute_86 folds
MathisKcr collected 120 from pot
*** SUMMARY ***
Total pot 120 | No rake
Seat 1: MathisKcr (small blind) (button) won 120


Winamax Poker - Tournament "Expresso Nitro" buyIn: 0.93€ + 0.07€ level: 4 - HandId: #4552727005195403265-15-1770536964 - Holdem no limit (30/60) - 2026/02/08 07:49:24 UTC
Table: 'Expresso Nitro(1060014359)#0' 3-max (real money) Seat #3 is the button
Seat 1: MathisKcr (530)
Seat 3: Malamute_86 (370)
*** ANTE/BLINDS ***
Malamute_86 posts small blind 30
MathisKcr posts big blind 60
Dealt to MathisKcr [2d Kd]
*** PRE-FLOP *** 
Malamute_86 raises 310 to 370 and is all-in
MathisKcr calls 310
*** FLOP *** [6h 9h 2h]
*** TURN *** [6h 9h 2h][5c]
*** RIVER *** [6h 9h 2h 5c][3c]
*** SHOW DOWN ***
MathisKcr shows [2d Kd] (One pair : 2)
Malamute_86 shows [Th 9s] (One pair : 9)
Malamute_86 collected 740 from pot
*** SUMMARY ***
Total pot 740 | No rake
Board: [6h 9h 2h 5c 3c]
Seat 1: MathisKcr (big blind) showed [2d Kd] and lost with One pair : 2
Seat 3: Malamute_86 (small blind) (button) showed [Th 9s] and won 740 with One pair : 9


Winamax Poker - Tournament "Expresso Nitro" buyIn: 0.93€ + 0.07€ level: 4 - HandId: #4552727005195403265-16-1770536976 - Holdem no limit (30/60) - 2026/02/08 07:49:36 UTC
Table: 'Expresso Nitro(1060014359)#0' 3-max (real money) Seat #1 is the button
Seat 1: MathisKcr (160)
Seat 3: Malamute_86 (740)
*** ANTE/BLINDS ***
MathisKcr posts small blind 30
Malamute_86 posts big blind 60
Dealt to MathisKcr [3h 9c]
*** PRE-FLOP *** 
MathisKcr raises 100 to 160 and is all-in
Malamute_86 calls 100
*** FLOP *** [4h Tc Qh]
*** TURN *** [4h Tc Qh][Ts]
*** RIVER *** [4h Tc Qh Ts][8h]
*** SHOW DOWN ***
MathisKcr shows [3h 9c] (One pair : Tens)
Malamute_86 shows [2d Td] (Trips of Tens)
Malamute_86 collected 320 from pot
*** SUMMARY ***
Total pot 320 | No rake
Board: [4h Tc Qh Ts 8h]
Seat 1: MathisKcr (small blind) (button) showed [3h 9c] and lost with One pair : Tens
Seat 3: Malamute_86 (big blind) showed [2d Td] and won 320 with Trips of Tens


