Winamax Poker - Tournament "Expresso Nitro" buyIn: 0.46€ + 0.04€ level: 1 - HandId: #4526946953627435009-1-1769698264 - Holdem no limit (10/20) - 2026/01/29 14:51:04 UTC
Table: 'Expresso Nitro(1054011973)#0' 3-max (real money) Seat #1 is the button
Seat 1: Aliii6222222 (300)
Seat 2: Kennyface (300)
Seat 3: MathisKcr (300)
*** ANTE/BLINDS ***
Kennyface posts small blind 10
MathisKcr posts big blind 20
Dealt to MathisKcr [6s 5s]
*** PRE-FLOP *** 
Aliii6222222 folds
Kennyface calls 10
MathisKcr checks
*** FLOP *** [8h As 3h]
Kennyface bets 20
MathisKcr calls 20
*** TURN *** [8h As 3h][Jc]
Kennyface bets 20
MathisKcr calls 20
*** RIVER *** [8h As 3h Jc][Kh]
Kennyface bets 42
MathisKcr folds
Kennyface collected 162 from pot
*** SUMMARY ***
Total pot 162 | No rake
Board: [8h As 3h Jc Kh]
Seat 2: Kennyface (small blind) won 162


Winamax Poker - Tournament "Expresso Nitro" buyIn: 0.46€ + 0.04€ level: 1 - HandId: #4526946953627435009-2-1769698284 - Holdem no limit (10/20) - 2026/01/29 14:51:24 UTC
Table: 'Expresso Nitro(1054011973)#0' 3-max (real money) Seat #2 is the button
Seat 1: Aliii6222222 (300)
Seat 2: Kennyface (360)
Seat 3: MathisKcr (240)
*** ANTE/BLINDS ***
MathisKcr posts small blind 10
Aliii6222222 posts big blind 20
Dealt to MathisKcr [Js 3s]
*** PRE-FLOP *** 
Kennyface raises 340 to 360 and is all-in
MathisKcr calls 230 and is all-in
Aliii6222222 folds
*** FLOP *** [4s 7c Jh]
*** TURN *** [4s 7c Jh][As]
*** RIVER *** [4s 7c Jh As][3h]
*** SHOW DOWN ***
Kennyface shows [9s Ac] (One pair : Aces)
MathisKcr shows [Js 3s] (Two pairs : Jacks and 3)
MathisKcr collected 500 from main pot
Kennyface collected 120 from side pot 1
*** SUMMARY ***
Total pot 620 | No rake
Board: [4s 7c Jh As 3h]
Seat 2: Kennyface (button) showed [9s Ac] and won 120 with One pair : Aces
Seat 3: MathisKcr (small blind) showed [Js 3s] and won 500 with Two pairs : Jacks and 3


Winamax Poker - Tournament "Expresso Nitro" buyIn: 0.46€ + 0.04€ level: 1 - HandId: #4526946953627435009-3-1769698304 - Holdem no limit (10/20) - 2026/01/29 14:51:44 UTC
Table: 'Expresso Nitro(1054011973)#0' 3-max (real money) Seat #3 is the button
Seat 1: Aliii6222222 (280)
Seat 2: Kennyface (120)
Seat 3: MathisKcr (500)
*** ANTE/BLINDS ***
Aliii6222222 posts small blind 10
Kennyface posts big blind 20
Dealt to MathisKcr [2h Js]
*** PRE-FLOP *** 
MathisKcr folds
Aliii6222222 folds
Kennyface collected 30 from pot
*** SUMMARY ***
Total pot 30 | No rake
Seat 2: Kennyface (big blind) won 30


Winamax Poker - Tournament "Expresso Nitro" buyIn: 0.46€ + 0.04€ level: 1 - HandId: #4526946953627435009-4-1769698312 - Holdem no limit (10/20) - 2026/01/29 14:51:52 UTC
Table: 'Expresso Nitro(1054011973)#0' 3-max (real money) Seat #1 is the button
Seat 1: Aliii6222222 (270)
Seat 2: Kennyface (130)
Seat 3: MathisKcr (500)
*** ANTE/BLINDS ***
Kennyface posts small blind 10
MathisKcr posts big blind 20
Dealt to MathisKcr [6h Ah]
*** PRE-FLOP *** 
Aliii6222222 folds
Kennyface raises 110 to 130 and is all-in
MathisKcr raises 370 to 500 and is all-in
*** FLOP *** [3h Ac 7c]
*** TURN *** [3h Ac 7c][6d]
*** RIVER *** [3h Ac 7c 6d][7h]
*** SHOW DOWN ***
Kennyface shows [5c 9s] (One pair : 7)
MathisKcr shows [6h Ah] (Two pairs : Aces and 7)
MathisKcr collected 630 from pot
*** SUMMARY ***
Total pot 630 | No rake
Board: [3h Ac 7c 6d 7h]
Seat 2: Kennyface (small blind) showed [5c 9s] and lost with One pair : 7
Seat 3: MathisKcr (big blind) showed [6h Ah] and won 630 with Two pairs : Aces and 7


Winamax Poker - Tournament "Expresso Nitro" buyIn: 0.46€ + 0.04€ level: 2 - HandId: #4526946953627435009-5-1769698327 - Holdem no limit (15/30) - 2026/01/29 14:52:07 UTC
Table: 'Expresso Nitro(1054011973)#0' 3-max (real money) Seat #3 is the button
Seat 1: Aliii6222222 (270)
Seat 3: MathisKcr (630)
*** ANTE/BLINDS ***
MathisKcr posts small blind 15
Aliii6222222 posts big blind 30
Dealt to MathisKcr [5h 4s]
*** PRE-FLOP *** 
MathisKcr calls 15
Aliii6222222 raises 240 to 270 and is all-in
MathisKcr folds
Aliii6222222 collected 300 from pot
*** SUMMARY ***
Total pot 300 | No rake
Seat 1: Aliii6222222 (big blind) won 300


Winamax Poker - Tournament "Expresso Nitro" buyIn: 0.46€ + 0.04€ level: 2 - HandId: #4526946953627435009-6-1769698344 - Holdem no limit (15/30) - 2026/01/29 14:52:24 UTC
Table: 'Expresso Nitro(1054011973)#0' 3-max (real money) Seat #1 is the button
Seat 1: Aliii6222222 (300)
Seat 3: MathisKcr (600)
*** ANTE/BLINDS ***
Aliii6222222 posts small blind 15
MathisKcr posts big blind 30
Dealt to MathisKcr [2d Jc]
*** PRE-FLOP *** 
Aliii6222222 calls 15
MathisKcr checks
*** FLOP *** [8s 3s 5h]
MathisKcr bets 60
Aliii6222222 folds
MathisKcr collected 120 from pot
*** SUMMARY ***
Total pot 120 | No rake
Board: [8s 3s 5h]
Seat 3: MathisKcr (big blind) won 120


Winamax Poker - Tournament "Expresso Nitro" buyIn: 0.46€ + 0.04€ level: 2 - HandId: #4526946953627435009-7-1769698361 - Holdem no limit (15/30) - 2026/01/29 14:52:41 UTC
Table: 'Expresso Nitro(1054011973)#0' 3-max (real money) Seat #3 is the button
Seat 1: Aliii6222222 (270)
Seat 3: MathisKcr (630)
*** ANTE/BLINDS ***
MathisKcr posts small blind 15
Aliii6222222 posts big blind 30
Dealt to MathisKcr [Jc 6d]
*** PRE-FLOP *** 
MathisKcr raises 30 to 60
Aliii6222222 calls 30
*** FLOP *** [Ac 2s 5h]
Aliii6222222 checks
MathisKcr bets 60
Aliii6222222 folds
MathisKcr collected 180 from pot
*** SUMMARY ***
Total pot 180 | No rake
Board: [Ac 2s 5h]
Seat 3: MathisKcr (small blind) (button) won 180


Winamax Poker - Tournament "Expresso Nitro" buyIn: 0.46€ + 0.04€ level: 2 - HandId: #4526946953627435009-8-1769698380 - Holdem no limit (15/30) - 2026/01/29 14:53:00 UTC
Table: 'Expresso Nitro(1054011973)#0' 3-max (real money) Seat #1 is the button
Seat 1: Aliii6222222 (210)
Seat 3: MathisKcr (690)
*** ANTE/BLINDS ***
Aliii6222222 posts small blind 15
MathisKcr posts big blind 30
Dealt to MathisKcr [7c 4d]
*** PRE-FLOP *** 
Aliii6222222 raises 180 to 210 and is all-in
MathisKcr folds
Aliii6222222 collected 240 from pot
*** SUMMARY ***
Total pot 240 | No rake
Seat 1: Aliii6222222 (small blind) (button) won 240


Winamax Poker - Tournament "Expresso Nitro" buyIn: 0.46€ + 0.04€ level: 3 - HandId: #4526946953627435009-9-1769698394 - Holdem no limit (20/40) - 2026/01/29 14:53:14 UTC
Table: 'Expresso Nitro(1054011973)#0' 3-max (real money) Seat #3 is the button
Seat 1: Aliii6222222 (240)
Seat 3: MathisKcr (660)
*** ANTE/BLINDS ***
MathisKcr posts small blind 20
Aliii6222222 posts big blind 40
Dealt to MathisKcr [4d 2c]
*** PRE-FLOP *** 
MathisKcr folds
Aliii6222222 collected 60 from pot
*** SUMMARY ***
Total pot 60 | No rake
Seat 1: Aliii6222222 (big blind) won 60


Winamax Poker - Tournament "Expresso Nitro" buyIn: 0.46€ + 0.04€ level: 3 - HandId: #4526946953627435009-10-1769698398 - Holdem no limit (20/40) - 2026/01/29 14:53:18 UTC
Table: 'Expresso Nitro(1054011973)#0' 3-max (real money) Seat #1 is the button
Seat 1: Aliii6222222 (260)
Seat 3: MathisKcr (640)
*** ANTE/BLINDS ***
Aliii6222222 posts small blind 20
MathisKcr posts big blind 40
Dealt to MathisKcr [3d 9c]
*** PRE-FLOP *** 
Aliii6222222 calls 20
MathisKcr checks
*** FLOP *** [Jd 7d 3c]
MathisKcr checks
Aliii6222222 bets 220 and is all-in
MathisKcr folds
Aliii6222222 collected 300 from pot
*** SUMMARY ***
Total pot 300 | No rake
Board: [Jd 7d 3c]
Seat 1: Aliii6222222 (small blind) (button) won 300


Winamax Poker - Tournament "Expresso Nitro" buyIn: 0.46€ + 0.04€ level: 3 - HandId: #4526946953627435009-11-1769698408 - Holdem no limit (20/40) - 2026/01/29 14:53:28 UTC
Table: 'Expresso Nitro(1054011973)#0' 3-max (real money) Seat #3 is the button
Seat 1: Aliii6222222 (300)
Seat 3: MathisKcr (600)
*** ANTE/BLINDS ***
MathisKcr posts small blind 20
Aliii6222222 posts big blind 40
Dealt to MathisKcr [3c Js]
*** PRE-FLOP *** 
MathisKcr calls 20
Aliii6222222 checks
*** FLOP *** [Kc 6d Qc]
Aliii6222222 checks
MathisKcr bets 40
Aliii6222222 folds
MathisKcr collected 120 from pot
*** SUMMARY ***
Total pot 120 | No rake
Board: [Kc 6d Qc]
Seat 3: MathisKcr (small blind) (button) won 120


Winamax Poker - Tournament "Expresso Nitro" buyIn: 0.46€ + 0.04€ level: 3 - HandId: #4526946953627435009-12-1769698424 - Holdem no limit (20/40) - 2026/01/29 14:53:44 UTC
Table: 'Expresso Nitro(1054011973)#0' 3-max (real money) Seat #1 is the button
Seat 1: Aliii6222222 (260)
Seat 3: MathisKcr (640)
*** ANTE/BLINDS ***
Aliii6222222 posts small blind 20
MathisKcr posts big blind 40
Dealt to MathisKcr [3d Tc]
*** PRE-FLOP *** 
Aliii6222222 raises 220 to 260 and is all-in
MathisKcr folds
Aliii6222222 collected 300 from pot
*** SUMMARY ***
Total pot 300 | No rake
Seat 1: Aliii6222222 (small blind) (button) won 300


Winamax Poker - Tournament "Expresso Nitro" buyIn: 0.46€ + 0.04€ level: 3 - HandId: #4526946953627435009-13-1769698432 - Holdem no limit (20/40) - 2026/01/29 14:53:52 UTC
Table: 'Expresso Nitro(1054011973)#0' 3-max (real money) Seat #3 is the button
Seat 1: Aliii6222222 (300)
Seat 3: MathisKcr (600)
*** ANTE/BLINDS ***
MathisKcr posts small blind 20
Aliii6222222 posts big blind 40
Dealt to MathisKcr [Qc 2d]
*** PRE-FLOP *** 
MathisKcr raises 40 to 80
Aliii6222222 raises 220 to 300 and is all-in
MathisKcr folds
Aliii6222222 collected 380 from pot
*** SUMMARY ***
Total pot 380 | No rake
Seat 1: Aliii6222222 (big blind) won 380


Winamax Poker - Tournament "Expresso Nitro" buyIn: 0.46€ + 0.04€ level: 4 - HandId: #4526946953627435009-14-1769698447 - Holdem no limit (30/60) - 2026/01/29 14:54:07 UTC
Table: 'Expresso Nitro(1054011973)#0' 3-max (real money) Seat #1 is the button
Seat 1: Aliii6222222 (380)
Seat 3: MathisKcr (520)
*** ANTE/BLINDS ***
Aliii6222222 posts small blind 30
MathisKcr posts big blind 60
Dealt to MathisKcr [9s 9h]
*** PRE-FLOP *** 
Aliii6222222 folds
MathisKcr collected 90 from pot
*** SUMMARY ***
Total pot 90 | No rake
Seat 3: MathisKcr (big blind) won 90


Winamax Poker - Tournament "Expresso Nitro" buyIn: 0.46€ + 0.04€ level: 4 - HandId: #4526946953627435009-15-1769698454 - Holdem no limit (30/60) - 2026/01/29 14:54:14 UTC
Table: 'Expresso Nitro(1054011973)#0' 3-max (real money) Seat #3 is the button
Seat 1: Aliii6222222 (350)
Seat 3: MathisKcr (550)
*** ANTE/BLINDS ***
MathisKcr posts small blind 30
Aliii6222222 posts big blind 60
Dealt to MathisKcr [3c 9c]
*** PRE-FLOP *** 
MathisKcr calls 30
Aliii6222222 checks
*** FLOP *** [4s 2s Qs]
Aliii6222222 bets 60
MathisKcr calls 60
*** TURN *** [4s 2s Qs][Qd]
Aliii6222222 bets 230 and is all-in
MathisKcr folds
Aliii6222222 collected 470 from pot
*** SUMMARY ***
Total pot 470 | No rake
Board: [4s 2s Qs Qd]
Seat 1: Aliii6222222 (big blind) won 470


Winamax Poker - Tournament "Expresso Nitro" buyIn: 0.46€ + 0.04€ level: 4 - HandId: #4526946953627435009-16-1769698475 - Holdem no limit (30/60) - 2026/01/29 14:54:35 UTC
Table: 'Expresso Nitro(1054011973)#0' 3-max (real money) Seat #1 is the button
Seat 1: Aliii6222222 (470)
Seat 3: MathisKcr (430)
*** ANTE/BLINDS ***
Aliii6222222 posts small blind 30
MathisKcr posts big blind 60
Dealt to MathisKcr [4s Qd]
*** PRE-FLOP *** 
Aliii6222222 calls 30
MathisKcr raises 370 to 430 and is all-in
Aliii6222222 calls 370
*** FLOP *** [Kd 2d 5d]
*** TURN *** [Kd 2d 5d][Qc]
*** RIVER *** [Kd 2d 5d Qc][Qs]
*** SHOW DOWN ***
Aliii6222222 shows [Jh Tc] (One pair : Queens)
MathisKcr shows [4s Qd] (Trips of Queens)
MathisKcr collected 860 from pot
*** SUMMARY ***
Total pot 860 | No rake
Board: [Kd 2d 5d Qc Qs]
Seat 1: Aliii6222222 (small blind) (button) showed [Jh Tc] and lost with One pair : Queens
Seat 3: MathisKcr (big blind) showed [4s Qd] and won 860 with Trips of Queens


Winamax Poker - Tournament "Expresso Nitro" buyIn: 0.46€ + 0.04€ level: 4 - HandId: #4526946953627435009-17-1769698489 - Holdem no limit (30/60) - 2026/01/29 14:54:49 UTC
Table: 'Expresso Nitro(1054011973)#0' 3-max (real money) Seat #3 is the button
Seat 1: Aliii6222222 (40)
Seat 3: MathisKcr (860)
*** ANTE/BLINDS ***
MathisKcr posts small blind 30
Aliii6222222 posts big blind 40 and is all-in
Dealt to MathisKcr [2d Qd]
*** PRE-FLOP *** 
MathisKcr calls 30
*** FLOP *** [8c 3s 7c]
*** TURN *** [8c 3s 7c][As]
*** RIVER *** [8c 3s 7c As][9d]
*** SHOW DOWN ***
Aliii6222222 shows [2c 4s] (High card : Ace)
MathisKcr shows [2d Qd] (High card : Ace)
MathisKcr collected 100 from pot
*** SUMMARY ***
Total pot 100 | No rake
Board: [8c 3s 7c As 9d]
Seat 1: Aliii6222222 (big blind) showed [2c 4s] and lost with High card : Ace
Seat 3: MathisKcr (small blind) (button) showed [2d Qd] and won 100 with High card : Ace


