Winamax Poker - Tournament "Expresso Nitro" buyIn: 0.93€ + 0.07€ level: 1 - HandId: #4642735565370818561-1-1773841252 - Holdem no limit (10/20) - 2026/03/18 13:40:52 UTC
Table: 'Expresso Nitro(1080971110)#0' 3-max (real money) Seat #3 is the button
Seat 1: Veskki35 (300)
Seat 2: MathisKcr (300)
Seat 3: rotax35 (300)
*** ANTE/BLINDS ***
Veskki35 posts small blind 10
MathisKcr posts big blind 20
Dealt to MathisKcr [Qh 9h]
*** PRE-FLOP *** 
rotax35 folds
Veskki35 folds
MathisKcr collected 30 from pot
*** SUMMARY ***
Total pot 30 | No rake
Seat 2: MathisKcr (big blind) won 30


Winamax Poker - Tournament "Expresso Nitro" buyIn: 0.93€ + 0.07€ level: 1 - HandId: #4642735565370818561-2-1773841263 - Holdem no limit (10/20) - 2026/03/18 13:41:03 UTC
Table: 'Expresso Nitro(1080971110)#0' 3-max (real money) Seat #1 is the button
Seat 1: Veskki35 (290)
Seat 2: MathisKcr (310)
Seat 3: rotax35 (300)
*** ANTE/BLINDS ***
MathisKcr posts small blind 10
rotax35 posts big blind 20
Dealt to MathisKcr [2h 8c]
*** PRE-FLOP *** 
Veskki35 folds
MathisKcr calls 10
rotax35 checks
*** FLOP *** [Ad 2c 8d]
MathisKcr bets 20
rotax35 calls 20
*** TURN *** [Ad 2c 8d][Jc]
MathisKcr bets 28
rotax35 calls 28
*** RIVER *** [Ad 2c 8d Jc][9c]
MathisKcr bets 50
rotax35 calls 50
*** SHOW DOWN ***
rotax35 shows [Th 8s] (One pair : 8)
MathisKcr shows [2h 8c] (Two pairs : 8 and 2)
MathisKcr collected 236 from pot
*** SUMMARY ***
Total pot 236 | No rake
Board: [Ad 2c 8d Jc 9c]
Seat 2: MathisKcr (small blind) showed [2h 8c] and won 236 with Two pairs : 8 and 2
Seat 3: rotax35 (big blind) showed [Th 8s] and lost with One pair : 8


Winamax Poker - Tournament "Expresso Nitro" buyIn: 0.93€ + 0.07€ level: 2 - HandId: #4642735565370818561-3-1773841309 - Holdem no limit (15/30) - 2026/03/18 13:41:49 UTC
Table: 'Expresso Nitro(1080971110)#0' 3-max (real money) Seat #2 is the button
Seat 1: Veskki35 (290)
Seat 2: MathisKcr (428)
Seat 3: rotax35 (182)
*** ANTE/BLINDS ***
rotax35 posts small blind 15
Veskki35 posts big blind 30
Dealt to MathisKcr [Kd 2h]
*** PRE-FLOP *** 
MathisKcr raises 30 to 60
rotax35 folds
Veskki35 calls 30
*** FLOP *** [Qc As 3h]
Veskki35 checks
MathisKcr checks
*** TURN *** [Qc As 3h][5h]
Veskki35 bets 30
MathisKcr calls 30
*** RIVER *** [Qc As 3h 5h][Ks]
Veskki35 bets 127
MathisKcr calls 127
*** SHOW DOWN ***
MathisKcr shows [Kd 2h] (One pair : Kings)
Veskki35 shows [Ad Td] (One pair : Aces)
Veskki35 collected 449 from pot
*** SUMMARY ***
Total pot 449 | No rake
Board: [Qc As 3h 5h Ks]
Seat 1: Veskki35 (big blind) showed [Ad Td] and won 449 with One pair : Aces
Seat 2: MathisKcr (button) showed [Kd 2h] and lost with One pair : Kings


Winamax Poker - Tournament "Expresso Nitro" buyIn: 0.93€ + 0.07€ level: 2 - HandId: #4642735565370818561-4-1773841365 - Holdem no limit (15/30) - 2026/03/18 13:42:45 UTC
Table: 'Expresso Nitro(1080971110)#0' 3-max (real money) Seat #3 is the button
Seat 1: Veskki35 (522)
Seat 2: MathisKcr (211)
Seat 3: rotax35 (167)
*** ANTE/BLINDS ***
Veskki35 posts small blind 15
MathisKcr posts big blind 30
Dealt to MathisKcr [4h Tc]
*** PRE-FLOP *** 
rotax35 folds
Veskki35 calls 15
MathisKcr checks
*** FLOP *** [Qh As 2d]
Veskki35 bets 30
MathisKcr folds
Veskki35 collected 90 from pot
*** SUMMARY ***
Total pot 90 | No rake
Board: [Qh As 2d]
Seat 1: Veskki35 (small blind) won 90


Winamax Poker - Tournament "Expresso Nitro" buyIn: 0.93€ + 0.07€ level: 3 - HandId: #4642735565370818561-5-1773841394 - Holdem no limit (20/40) - 2026/03/18 13:43:14 UTC
Table: 'Expresso Nitro(1080971110)#0' 3-max (real money) Seat #1 is the button
Seat 1: Veskki35 (552)
Seat 2: MathisKcr (181)
Seat 3: rotax35 (167)
*** ANTE/BLINDS ***
MathisKcr posts small blind 20
rotax35 posts big blind 40
Dealt to MathisKcr [2s 7h]
*** PRE-FLOP *** 
Veskki35 calls 40
MathisKcr calls 20
rotax35 raises 127 to 167 and is all-in
Veskki35 folds
MathisKcr folds
rotax35 collected 247 from pot
*** SUMMARY ***
Total pot 247 | No rake
Seat 3: rotax35 (big blind) won 247


Winamax Poker - Tournament "Expresso Nitro" buyIn: 0.93€ + 0.07€ level: 3 - HandId: #4642735565370818561-6-1773841419 - Holdem no limit (20/40) - 2026/03/18 13:43:39 UTC
Table: 'Expresso Nitro(1080971110)#0' 3-max (real money) Seat #2 is the button
Seat 1: Veskki35 (512)
Seat 2: MathisKcr (141)
Seat 3: rotax35 (247)
*** ANTE/BLINDS ***
rotax35 posts small blind 20
Veskki35 posts big blind 40
Dealt to MathisKcr [Qc 4d]
*** PRE-FLOP *** 
MathisKcr raises 101 to 141 and is all-in
rotax35 folds
Veskki35 folds
MathisKcr collected 201 from pot
*** SUMMARY ***
Total pot 201 | No rake
Seat 2: MathisKcr (button) won 201


Winamax Poker - Tournament "Expresso Nitro" buyIn: 0.93€ + 0.07€ level: 4 - HandId: #4642735565370818561-7-1773841443 - Holdem no limit (30/60) - 2026/03/18 13:44:03 UTC
Table: 'Expresso Nitro(1080971110)#0' 3-max (real money) Seat #3 is the button
Seat 1: Veskki35 (472)
Seat 2: MathisKcr (201)
Seat 3: rotax35 (227)
*** ANTE/BLINDS ***
Veskki35 posts small blind 30
MathisKcr posts big blind 60
Dealt to MathisKcr [8h 5c]
*** PRE-FLOP *** 
rotax35 folds
Veskki35 calls 30
MathisKcr checks
*** FLOP *** [Ts 9h 6c]
Veskki35 checks
MathisKcr bets 141 and is all-in
Veskki35 folds
MathisKcr collected 261 from pot
*** SUMMARY ***
Total pot 261 | No rake
Board: [Ts 9h 6c]
Seat 2: MathisKcr (big blind) won 261


Winamax Poker - Tournament "Expresso Nitro" buyIn: 0.93€ + 0.07€ level: 4 - HandId: #4642735565370818561-8-1773841470 - Holdem no limit (30/60) - 2026/03/18 13:44:30 UTC
Table: 'Expresso Nitro(1080971110)#0' 3-max (real money) Seat #1 is the button
Seat 1: Veskki35 (412)
Seat 2: MathisKcr (261)
Seat 3: rotax35 (227)
*** ANTE/BLINDS ***
MathisKcr posts small blind 30
rotax35 posts big blind 60
Dealt to MathisKcr [3d 6h]
*** PRE-FLOP *** 
Veskki35 calls 60
MathisKcr folds
rotax35 checks
*** FLOP *** [Ad Tc Th]
rotax35 checks
Veskki35 checks
*** TURN *** [Ad Tc Th][Kh]
rotax35 bets 167 and is all-in
Veskki35 calls 167
*** RIVER *** [Ad Tc Th Kh][9h]
*** SHOW DOWN ***
rotax35 shows [3s 5s] (One pair : Tens)
Veskki35 shows [Ks Qs] (Two pairs : Kings and Tens)
Veskki35 collected 484 from pot
*** SUMMARY ***
Total pot 484 | No rake
Board: [Ad Tc Th Kh 9h]
Seat 1: Veskki35 (button) showed [Ks Qs] and won 484 with Two pairs : Kings and Tens
Seat 3: rotax35 (big blind) showed [3s 5s] and lost with One pair : Tens


Winamax Poker - Tournament "Expresso Nitro" buyIn: 0.93€ + 0.07€ level: 5 - HandId: #4642735565370818561-9-1773841503 - Holdem no limit (40/80) - 2026/03/18 13:45:03 UTC
Table: 'Expresso Nitro(1080971110)#0' 3-max (real money) Seat #1 is the button
Seat 1: Veskki35 (669)
Seat 2: MathisKcr (231)
*** ANTE/BLINDS ***
Veskki35 posts small blind 40
MathisKcr posts big blind 80
Dealt to MathisKcr [Kc Jd]
*** PRE-FLOP *** 
Veskki35 folds
MathisKcr collected 120 from pot
*** SUMMARY ***
Total pot 120 | No rake
Seat 2: MathisKcr (big blind) won 120


Winamax Poker - Tournament "Expresso Nitro" buyIn: 0.93€ + 0.07€ level: 5 - HandId: #4642735565370818561-10-1773841512 - Holdem no limit (40/80) - 2026/03/18 13:45:12 UTC
Table: 'Expresso Nitro(1080971110)#0' 3-max (real money) Seat #2 is the button
Seat 1: Veskki35 (629)
Seat 2: MathisKcr (271)
*** ANTE/BLINDS ***
MathisKcr posts small blind 40
Veskki35 posts big blind 80
Dealt to MathisKcr [Th 4d]
*** PRE-FLOP *** 
MathisKcr folds
Veskki35 collected 120 from pot
*** SUMMARY ***
Total pot 120 | No rake
Seat 1: Veskki35 (big blind) won 120


Winamax Poker - Tournament "Expresso Nitro" buyIn: 0.93€ + 0.07€ level: 5 - HandId: #4642735565370818561-11-1773841517 - Holdem no limit (40/80) - 2026/03/18 13:45:17 UTC
Table: 'Expresso Nitro(1080971110)#0' 3-max (real money) Seat #1 is the button
Seat 1: Veskki35 (669)
Seat 2: MathisKcr (231)
*** ANTE/BLINDS ***
Veskki35 posts small blind 40
MathisKcr posts big blind 80
Dealt to MathisKcr [Kc 5c]
*** PRE-FLOP *** 
Veskki35 calls 40
MathisKcr raises 151 to 231 and is all-in
Veskki35 calls 151
*** FLOP *** [7c 5h 2c]
*** TURN *** [7c 5h 2c][Ks]
*** RIVER *** [7c 5h 2c Ks][6s]
*** SHOW DOWN ***
Veskki35 shows [Jd As] (High card : Ace)
MathisKcr shows [Kc 5c] (Two pairs : Kings and 5)
MathisKcr collected 462 from pot
*** SUMMARY ***
Total pot 462 | No rake
Board: [7c 5h 2c Ks 6s]
Seat 1: Veskki35 (small blind) (button) showed [Jd As] and lost with High card : Ace
Seat 2: MathisKcr (big blind) showed [Kc 5c] and won 462 with Two pairs : Kings and 5


Winamax Poker - Tournament "Expresso Nitro" buyIn: 0.93€ + 0.07€ level: 5 - HandId: #4642735565370818561-12-1773841532 - Holdem no limit (40/80) - 2026/03/18 13:45:32 UTC
Table: 'Expresso Nitro(1080971110)#0' 3-max (real money) Seat #2 is the button
Seat 1: Veskki35 (438)
Seat 2: MathisKcr (462)
*** ANTE/BLINDS ***
MathisKcr posts small blind 40
Veskki35 posts big blind 80
Dealt to MathisKcr [Ts 8d]
*** PRE-FLOP *** 
MathisKcr raises 382 to 462 and is all-in
Veskki35 folds
MathisKcr collected 542 from pot
*** SUMMARY ***
Total pot 542 | No rake
Seat 2: MathisKcr (small blind) (button) won 542


Winamax Poker - Tournament "Expresso Nitro" buyIn: 0.93€ + 0.07€ level: 5 - HandId: #4642735565370818561-13-1773841545 - Holdem no limit (40/80) - 2026/03/18 13:45:45 UTC
Table: 'Expresso Nitro(1080971110)#0' 3-max (real money) Seat #1 is the button
Seat 1: Veskki35 (358)
Seat 2: MathisKcr (542)
*** ANTE/BLINDS ***
Veskki35 posts small blind 40
MathisKcr posts big blind 80
Dealt to MathisKcr [Jd 5h]
*** PRE-FLOP *** 
Veskki35 folds
MathisKcr collected 120 from pot
*** SUMMARY ***
Total pot 120 | No rake
Seat 2: MathisKcr (big blind) won 120


Winamax Poker - Tournament "Expresso Nitro" buyIn: 0.93€ + 0.07€ level: 6 - HandId: #4642735565370818561-14-1773841554 - Holdem no limit (50/100) - 2026/03/18 13:45:54 UTC
Table: 'Expresso Nitro(1080971110)#0' 3-max (real money) Seat #2 is the button
Seat 1: Veskki35 (318)
Seat 2: MathisKcr (582)
*** ANTE/BLINDS ***
MathisKcr posts small blind 50
Veskki35 posts big blind 100
Dealt to MathisKcr [9h Qh]
*** PRE-FLOP *** 
MathisKcr raises 482 to 582 and is all-in
Veskki35 calls 218 and is all-in
*** FLOP *** [5s Ts Kh]
*** TURN *** [5s Ts Kh][7c]
*** RIVER *** [5s Ts Kh 7c][8c]
*** SHOW DOWN ***
Veskki35 shows [6c Tc] (One pair : Tens)
MathisKcr shows [9h Qh] (High card : King)
MathisKcr collected 264 from side pot 1
Veskki35 collected 636 from main pot
*** SUMMARY ***
Total pot 900 | No rake
Board: [5s Ts Kh 7c 8c]
Seat 1: Veskki35 (big blind) showed [6c Tc] and won 636 with One pair : Tens
Seat 2: MathisKcr (small blind) (button) showed [9h Qh] and won 264 with High card : King


Winamax Poker - Tournament "Expresso Nitro" buyIn: 0.93€ + 0.07€ level: 6 - HandId: #4642735565370818561-15-1773841574 - Holdem no limit (50/100) - 2026/03/18 13:46:14 UTC
Table: 'Expresso Nitro(1080971110)#0' 3-max (real money) Seat #1 is the button
Seat 1: Veskki35 (636)
Seat 2: MathisKcr (264)
*** ANTE/BLINDS ***
Veskki35 posts small blind 50
MathisKcr posts big blind 100
Dealt to MathisKcr [Jc 4s]
*** PRE-FLOP *** 
Veskki35 raises 100 to 200
MathisKcr raises 64 to 264 and is all-in
Veskki35 calls 64
*** FLOP *** [6h 2c 7c]
*** TURN *** [6h 2c 7c][5s]
*** RIVER *** [6h 2c 7c 5s][5d]
*** SHOW DOWN ***
MathisKcr shows [Jc 4s] (One pair : 5)
Veskki35 shows [Jh Ad] (One pair : 5)
Veskki35 collected 528 from pot
*** SUMMARY ***
Total pot 528 | No rake
Board: [6h 2c 7c 5s 5d]
Seat 1: Veskki35 (small blind) (button) showed [Jh Ad] and won 528 with One pair : 5
Seat 2: MathisKcr (big blind) showed [Jc 4s] and lost with One pair : 5


