Winamax Poker - Tournament "Kill The Fish" buyIn: 1.80€ + 0.20€ level: 1 - HandId: #4587592007811072003-1-1774389610 - Holdem no limit (25/100/200) - 2026/03/24 22:00:10 UTC
Table: 'Kill The Fish(1068132000)#002' 6-max (real money) Seat #3 is the button
Seat 1: SkininZeGame (20000, 0.90€ bounty)
Seat 2: starwarsfan (20000, 0.90€ bounty)
Seat 3: FAsVegas13 (20000, 0.90€ bounty)
Seat 4: IIHxtedByAII (20000, 0.90€ bounty)
Seat 5: MathisKcr (20000, 0.90€ bounty)
Seat 6: cristopedro (20000, 0.90€ bounty)
*** ANTE/BLINDS ***
IIHxtedByAII posts ante 25
MathisKcr posts ante 25
SkininZeGame posts ante 25
starwarsfan posts ante 25
FAsVegas13 posts ante 25
cristopedro posts ante 25
IIHxtedByAII posts small blind 100
MathisKcr posts big blind 200
Dealt to MathisKcr [5h 2c]
*** PRE-FLOP *** 
cristopedro folds
SkininZeGame folds
starwarsfan folds
FAsVegas13 folds
IIHxtedByAII calls 100
MathisKcr checks
*** FLOP *** [Qh 4c 4h]
IIHxtedByAII checks
MathisKcr bets 400
IIHxtedByAII folds
MathisKcr collected 950 from pot
*** SUMMARY ***
Total pot 950 | No rake
Board: [Qh 4c 4h]
Seat 5: MathisKcr (big blind) won 950


Winamax Poker - Tournament "Kill The Fish" buyIn: 1.80€ + 0.20€ level: 1 - HandId: #4587592007811072003-2-1774389752 - Holdem no limit (25/100/200) - 2026/03/24 22:02:32 UTC
Table: 'Kill The Fish(1068132000)#002' 6-max (real money) Seat #4 is the button
Seat 1: SkininZeGame (19975, 0.90€ bounty)
Seat 2: starwarsfan (19975, 0.90€ bounty)
Seat 3: FAsVegas13 (19975, 0.90€ bounty)
Seat 4: IIHxtedByAII (19775, 0.90€ bounty)
Seat 5: MathisKcr (20325, 0.90€ bounty)
Seat 6: cristopedro (19975, 0.90€ bounty)
*** ANTE/BLINDS ***
MathisKcr posts ante 25
cristopedro posts ante 25
SkininZeGame posts ante 25
starwarsfan posts ante 25
FAsVegas13 posts ante 25
IIHxtedByAII posts ante 25
MathisKcr posts small blind 100
cristopedro posts big blind 200
Dealt to MathisKcr [Jc Qs]
*** PRE-FLOP *** 
SkininZeGame folds
starwarsfan folds
FAsVegas13 folds
IIHxtedByAII folds
MathisKcr raises 200 to 400
cristopedro calls 200
*** FLOP *** [5h 7h 4s]
MathisKcr bets 333
cristopedro folds
MathisKcr collected 1283 from pot
*** SUMMARY ***
Total pot 1283 | No rake
Board: [5h 7h 4s]
Seat 5: MathisKcr (small blind) won 1283


Winamax Poker - Tournament "Kill The Fish" buyIn: 1.80€ + 0.20€ level: 1 - HandId: #4587592007811072003-3-1774389777 - Holdem no limit (25/100/200) - 2026/03/24 22:02:57 UTC
Table: 'Kill The Fish(1068132000)#002' 6-max (real money) Seat #5 is the button
Seat 1: SkininZeGame (19950, 0.90€ bounty)
Seat 2: starwarsfan (19950, 0.90€ bounty)
Seat 3: FAsVegas13 (19950, 0.90€ bounty)
Seat 4: IIHxtedByAII (19750, 0.90€ bounty)
Seat 5: MathisKcr (20850, 0.90€ bounty)
Seat 6: cristopedro (19550, 0.90€ bounty)
*** ANTE/BLINDS ***
cristopedro posts ante 25
SkininZeGame posts ante 25
starwarsfan posts ante 25
FAsVegas13 posts ante 25
IIHxtedByAII posts ante 25
MathisKcr posts ante 25
cristopedro posts small blind 100
SkininZeGame posts big blind 200
Dealt to MathisKcr [Qc 7h]
*** PRE-FLOP *** 
starwarsfan folds
FAsVegas13 folds
IIHxtedByAII folds
MathisKcr raises 400 to 600
cristopedro folds
SkininZeGame folds
MathisKcr collected 1050 from pot
*** SUMMARY ***
Total pot 1050 | No rake
Seat 5: MathisKcr (button) won 1050


Winamax Poker - Tournament "Kill The Fish" buyIn: 1.80€ + 0.20€ level: 1 - HandId: #4587592007811072003-4-1774389792 - Holdem no limit (25/100/200) - 2026/03/24 22:03:12 UTC
Table: 'Kill The Fish(1068132000)#002' 6-max (real money) Seat #6 is the button
Seat 1: SkininZeGame (19725, 0.90€ bounty)
Seat 2: starwarsfan (19925, 0.90€ bounty)
Seat 3: FAsVegas13 (19925, 0.90€ bounty)
Seat 4: IIHxtedByAII (19725, 0.90€ bounty)
Seat 5: MathisKcr (21275, 0.90€ bounty)
Seat 6: cristopedro (19425, 0.90€ bounty)
*** ANTE/BLINDS ***
SkininZeGame posts ante 25
starwarsfan posts ante 25
FAsVegas13 posts ante 25
IIHxtedByAII posts ante 25
MathisKcr posts ante 25
cristopedro posts ante 25
SkininZeGame posts small blind 100
starwarsfan posts big blind 200
Dealt to MathisKcr [8d Ks]
*** PRE-FLOP *** 
FAsVegas13 folds
IIHxtedByAII raises 260 to 460
MathisKcr calls 460
cristopedro folds
SkininZeGame folds
starwarsfan calls 260
*** FLOP *** [3d 9d Td]
starwarsfan checks
IIHxtedByAII checks
MathisKcr bets 571
starwarsfan calls 571
IIHxtedByAII folds
*** TURN *** [3d 9d Td][Ad]
starwarsfan checks
MathisKcr bets 400
starwarsfan calls 400
*** RIVER *** [3d 9d Td Ad][3c]
starwarsfan checks
MathisKcr checks
*** SHOW DOWN ***
MathisKcr shows [8d Ks] (Flush Ace high)
starwarsfan shows [Qd Th] (Flush Ace high)
starwarsfan collected 3572 from pot
*** SUMMARY ***
Total pot 3572 | No rake
Board: [3d 9d Td Ad 3c]
Seat 2: starwarsfan (big blind) showed [Qd Th] and won 3572 with Flush Ace high
Seat 5: MathisKcr showed [8d Ks] and lost with Flush Ace high


Winamax Poker - Tournament "Kill The Fish" buyIn: 1.80€ + 0.20€ level: 1 - HandId: #4587592007811072003-5-1774389899 - Holdem no limit (25/100/200) - 2026/03/24 22:04:59 UTC
Table: 'Kill The Fish(1068132000)#002' 6-max (real money) Seat #1 is the button
Seat 1: SkininZeGame (19600, 0.90€ bounty)
Seat 2: starwarsfan (22041, 0.90€ bounty)
Seat 3: FAsVegas13 (19900, 0.90€ bounty)
Seat 5: MathisKcr (19819, 0.90€ bounty)
Seat 6: cristopedro (19400, 0.90€ bounty)
*** ANTE/BLINDS ***
starwarsfan posts ante 25
FAsVegas13 posts ante 25
SkininZeGame posts ante 25
MathisKcr posts ante 25
cristopedro posts ante 25
starwarsfan posts small blind 100
FAsVegas13 posts big blind 200
Dealt to MathisKcr [5s Js]
*** PRE-FLOP *** 
MathisKcr raises 200 to 400
cristopedro folds
SkininZeGame calls 400
starwarsfan folds
FAsVegas13 folds
*** FLOP *** [3h 3c 9h]
MathisKcr checks
SkininZeGame bets 796
MathisKcr folds
SkininZeGame collected 2021 from pot
*** SUMMARY ***
Total pot 2021 | No rake
Board: [3h 3c 9h]
Seat 1: SkininZeGame (button) won 2021


Winamax Poker - Tournament "Kill The Fish" buyIn: 1.80€ + 0.20€ level: 1 - HandId: #4587592007811072003-6-1774389926 - Holdem no limit (25/100/200) - 2026/03/24 22:05:26 UTC
Table: 'Kill The Fish(1068132000)#002' 6-max (real money) Seat #2 is the button
Seat 1: SkininZeGame (20400, 0.90€ bounty)
Seat 2: starwarsfan (21916, 0.90€ bounty)
Seat 3: FAsVegas13 (19675, 0.90€ bounty)
Seat 5: MathisKcr (19394, 0.90€ bounty)
Seat 6: cristopedro (19375, 0.90€ bounty)
*** ANTE/BLINDS ***
FAsVegas13 posts ante 25
MathisKcr posts ante 25
SkininZeGame posts ante 25
starwarsfan posts ante 25
cristopedro posts ante 25
FAsVegas13 posts small blind 100
MathisKcr posts big blind 200
Dealt to MathisKcr [Kc Qh]
*** PRE-FLOP *** 
cristopedro folds
SkininZeGame folds
starwarsfan raises 400 to 600
FAsVegas13 folds
MathisKcr raises 1200 to 1800
starwarsfan folds
MathisKcr collected 2625 from pot
*** SUMMARY ***
Total pot 2625 | No rake
Seat 5: MathisKcr (big blind) won 2625


Winamax Poker - Tournament "Kill The Fish" buyIn: 1.80€ + 0.20€ level: 1 - HandId: #4587592007811072003-7-1774389952 - Holdem no limit (25/100/200) - 2026/03/24 22:05:52 UTC
Table: 'Kill The Fish(1068132000)#002' 6-max (real money) Seat #3 is the button
Seat 1: SkininZeGame (20375, 0.90€ bounty)
Seat 2: starwarsfan (21291, 0.90€ bounty)
Seat 3: FAsVegas13 (19550, 0.90€ bounty)
Seat 5: MathisKcr (20194, 0.90€ bounty)
Seat 6: cristopedro (19350, 0.90€ bounty)
*** ANTE/BLINDS ***
MathisKcr posts ante 25
cristopedro posts ante 25
SkininZeGame posts ante 25
starwarsfan posts ante 25
FAsVegas13 posts ante 25
MathisKcr posts small blind 100
cristopedro posts big blind 200
Dealt to MathisKcr [Jd 2s]
*** PRE-FLOP *** 
SkininZeGame folds
starwarsfan folds
FAsVegas13 folds
MathisKcr folds
cristopedro collected 425 from pot
*** SUMMARY ***
Total pot 425 | No rake
Seat 6: cristopedro (big blind) won 425


Winamax Poker - Tournament "Kill The Fish" buyIn: 1.80€ + 0.20€ level: 1 - HandId: #4587592007811072003-8-1774389964 - Holdem no limit (25/100/200) - 2026/03/24 22:06:04 UTC
Table: 'Kill The Fish(1068132000)#002' 6-max (real money) Seat #5 is the button
Seat 1: SkininZeGame (20350, 0.90€ bounty)
Seat 2: starwarsfan (21266, 0.90€ bounty)
Seat 3: FAsVegas13 (19525, 0.90€ bounty)
Seat 4: Aranea11 (20000, 0.90€ bounty)
Seat 5: MathisKcr (20069, 0.90€ bounty)
Seat 6: cristopedro (19550, 0.90€ bounty)
*** ANTE/BLINDS ***
cristopedro posts ante 25
SkininZeGame posts ante 25
starwarsfan posts ante 25
FAsVegas13 posts ante 25
Aranea11 posts ante 25
MathisKcr posts ante 25
cristopedro posts small blind 100
SkininZeGame posts big blind 200
Dealt to MathisKcr [2d 6c]
*** PRE-FLOP *** 
starwarsfan folds
FAsVegas13 folds
Aranea11 folds
MathisKcr folds
cristopedro raises 19325 to 19525 and is all-in
SkininZeGame folds
cristopedro collected 19875 from pot
*** SUMMARY ***
Total pot 19875 | No rake
Seat 6: cristopedro (small blind) won 19875


Winamax Poker - Tournament "Kill The Fish" buyIn: 1.80€ + 0.20€ level: 1 - HandId: #4587592007811072003-9-1774389983 - Holdem no limit (25/100/200) - 2026/03/24 22:06:23 UTC
Table: 'Kill The Fish(1068132000)#002' 6-max (real money) Seat #6 is the button
Seat 1: SkininZeGame (20125, 0.90€ bounty)
Seat 2: starwarsfan (21241, 0.90€ bounty)
Seat 3: FAsVegas13 (19500, 0.90€ bounty)
Seat 4: Aranea11 (19975, 0.90€ bounty)
Seat 5: MathisKcr (20044, 0.90€ bounty)
Seat 6: cristopedro (19875, 0.90€ bounty)
*** ANTE/BLINDS ***
SkininZeGame posts ante 25
starwarsfan posts ante 25
FAsVegas13 posts ante 25
Aranea11 posts ante 25
MathisKcr posts ante 25
cristopedro posts ante 25
SkininZeGame posts small blind 100
starwarsfan posts big blind 200
Dealt to MathisKcr [Kc 8s]
*** PRE-FLOP *** 
FAsVegas13 folds
Aranea11 folds
MathisKcr raises 200 to 400
cristopedro folds
SkininZeGame folds
starwarsfan folds
MathisKcr collected 850 from pot
*** SUMMARY ***
Total pot 850 | No rake
Seat 5: MathisKcr won 850


Winamax Poker - Tournament "Kill The Fish" buyIn: 1.80€ + 0.20€ level: 1 - HandId: #4587592007811072003-10-1774389995 - Holdem no limit (25/100/200) - 2026/03/24 22:06:35 UTC
Table: 'Kill The Fish(1068132000)#002' 6-max (real money) Seat #1 is the button
Seat 1: SkininZeGame (20000, 0.90€ bounty)
Seat 2: starwarsfan (21016, 0.90€ bounty)
Seat 3: FAsVegas13 (19475, 0.90€ bounty)
Seat 4: Aranea11 (19950, 0.90€ bounty)
Seat 5: MathisKcr (20469, 0.90€ bounty)
Seat 6: cristopedro (19850, 0.90€ bounty)
*** ANTE/BLINDS ***
starwarsfan posts ante 25
FAsVegas13 posts ante 25
SkininZeGame posts ante 25
Aranea11 posts ante 25
MathisKcr posts ante 25
cristopedro posts ante 25
starwarsfan posts small blind 100
FAsVegas13 posts big blind 200
Dealt to MathisKcr [Th 2c]
*** PRE-FLOP *** 
Aranea11 folds
MathisKcr folds
cristopedro raises 19625 to 19825 and is all-in
SkininZeGame raises 150 to 19975 and is all-in
starwarsfan folds
FAsVegas13 folds
*** FLOP *** [6h Qs 2d]
*** TURN *** [6h Qs 2d][4d]
*** RIVER *** [6h Qs 2d 4d][4h]
*** SHOW DOWN ***
SkininZeGame shows [Ts Ad] (One pair : 4)
cristopedro shows [As Ac] (Two pairs : Aces and 4)
cristopedro collected 40100 from main pot
SkininZeGame collected 150 from side pot 1
*** SUMMARY ***
Total pot 40250 | No rake
Board: [6h Qs 2d 4d 4h]
Seat 1: SkininZeGame (button) showed [Ts Ad] and won 150 with One pair : 4
Seat 6: cristopedro showed [As Ac] and won 40100 with Two pairs : Aces and 4


Winamax Poker - Tournament "Kill The Fish" buyIn: 1.80€ + 0.20€ level: 1 - HandId: #4587592007811072006-1-1774390026 - Holdem no limit (25/100/200) - 2026/03/24 22:07:06 UTC
Table: 'Kill The Fish(1068132000)#005' 6-max (real money) Seat #6 is the button
Seat 3: MathisKcr (20444, 0.90€ bounty)
Seat 4: Daniaceque (20100, 0.90€ bounty)
Seat 6: HappyDonk (20000, 0.90€ bounty)
*** ANTE/BLINDS ***
MathisKcr posts ante 25
Daniaceque posts ante 25
HappyDonk posts ante 25
MathisKcr posts small blind 100
Daniaceque posts big blind 200
Dealt to MathisKcr [Th 8d]
*** PRE-FLOP *** 
HappyDonk raises 200 to 400
MathisKcr folds
Daniaceque calls 200
*** FLOP *** [Jc 8s 6c]
Daniaceque checks
HappyDonk bets 634
Daniaceque calls 634
*** TURN *** [Jc 8s 6c][2h]
Daniaceque checks
HappyDonk bets 1458
Daniaceque calls 1458
*** RIVER *** [Jc 8s 6c 2h][Qh]
Daniaceque checks
HappyDonk checks
*** SHOW DOWN ***
Daniaceque shows [9h 8h] (One pair : 8)
HappyDonk shows [Ac Js] (One pair : Jacks)
HappyDonk collected 5159 from pot
*** SUMMARY ***
Total pot 5159 | No rake
Board: [Jc 8s 6c 2h Qh]
Seat 4: Daniaceque (big blind) showed [9h 8h] and lost with One pair : 8
Seat 6: HappyDonk (button) showed [Ac Js] and won 5159 with One pair : Jacks


Winamax Poker - Tournament "Kill The Fish" buyIn: 1.80€ + 0.20€ level: 1 - HandId: #4587592007811072006-2-1774390079 - Holdem no limit (25/100/200) - 2026/03/24 22:07:59 UTC
Table: 'Kill The Fish(1068132000)#005' 6-max (real money) Seat #3 is the button
Seat 2: Raise4nuts (17738, 0.90€ bounty)
Seat 3: MathisKcr (20319, 0.90€ bounty)
Seat 4: Daniaceque (17583, 0.90€ bounty)
Seat 5: capirex_RR (20000, 0.90€ bounty)
Seat 6: HappyDonk (22642, 0.90€ bounty)
*** ANTE/BLINDS ***
Daniaceque posts ante 25
capirex_RR posts ante 25
Raise4nuts posts ante 25
MathisKcr posts ante 25
HappyDonk posts ante 25
Daniaceque posts small blind 100
capirex_RR posts big blind 200
Dealt to MathisKcr [Qc 4c]
*** PRE-FLOP *** 
HappyDonk folds
Raise4nuts folds
MathisKcr raises 200 to 400
Daniaceque raises 400 to 800
capirex_RR folds
MathisKcr calls 400
*** FLOP *** [9s 7c 2s]
Daniaceque bets 674
MathisKcr folds
Daniaceque collected 2599 from pot
*** SUMMARY ***
Total pot 2599 | No rake
Board: [9s 7c 2s]
Seat 4: Daniaceque (small blind) won 2599


Winamax Poker - Tournament "Kill The Fish" buyIn: 1.80€ + 0.20€ level: 1 - HandId: #4587592007811072002-8-1774390130 - Holdem no limit (25/100/200) - 2026/03/24 22:08:50 UTC
Table: 'Kill The Fish(1068132000)#001' 6-max (real money) Seat #6 is the button
Seat 1: ZOUBIDA4000 (19225, 0.90€ bounty)
Seat 2: Nataffko (26225, 0.90€ bounty)
Seat 3: MathisKcr (19494, 0.90€ bounty)
Seat 4: DenisYork (22009, 0.90€ bounty)
Seat 5: HamsterBrun7 (42275, 1.35€ bounty)
Seat 6: Txatanas (10341, 0.90€ bounty)
*** ANTE/BLINDS ***
ZOUBIDA4000 posts ante 25
Nataffko posts ante 25
MathisKcr posts ante 25
DenisYork posts ante 25
HamsterBrun7 posts ante 25
Txatanas posts ante 25
ZOUBIDA4000 posts small blind 100
Nataffko posts big blind 200
Dealt to MathisKcr [Ks 2d]
*** PRE-FLOP *** 
MathisKcr folds
DenisYork folds
HamsterBrun7 raises 300 to 500
Txatanas calls 500
ZOUBIDA4000 folds
Nataffko calls 300
*** FLOP *** [Qs Ac 6c]
Nataffko checks
HamsterBrun7 bets 1138
Txatanas folds
Nataffko calls 1138
*** TURN *** [Qs Ac 6c][Qd]
Nataffko checks
HamsterBrun7 bets 2617
Nataffko raises 3322 to 5939
HamsterBrun7 calls 3322
*** RIVER *** [Qs Ac 6c Qd][Kh]
Nataffko bets 18623 and is all-in
HamsterBrun7 folds
Nataffko collected 34527 from pot
*** SUMMARY ***
Total pot 34527 | No rake
Board: [Qs Ac 6c Qd Kh]
Seat 2: Nataffko (big blind) won 34527


Winamax Poker - Tournament "Kill The Fish" buyIn: 1.80€ + 0.20€ level: 1 - HandId: #4587592007811072002-9-1774390224 - Holdem no limit (25/100/200) - 2026/03/24 22:10:24 UTC
Table: 'Kill The Fish(1068132000)#001' 6-max (real money) Seat #1 is the button
Seat 1: ZOUBIDA4000 (19100, 0.90€ bounty)
Seat 2: Nataffko (34527, 0.90€ bounty)
Seat 3: MathisKcr (19469, 0.90€ bounty)
Seat 4: DenisYork (21984, 0.90€ bounty)
Seat 5: HamsterBrun7 (34673, 1.35€ bounty)
Seat 6: Txatanas (9816, 0.90€ bounty)
*** ANTE/BLINDS ***
Nataffko posts ante 25
MathisKcr posts ante 25
ZOUBIDA4000 posts ante 25
DenisYork posts ante 25
HamsterBrun7 posts ante 25
Txatanas posts ante 25
Nataffko posts small blind 100
MathisKcr posts big blind 200
Dealt to MathisKcr [Ts 7h]
*** PRE-FLOP *** 
DenisYork folds
HamsterBrun7 folds
Txatanas calls 200
ZOUBIDA4000 folds
Nataffko raises 700 to 900
MathisKcr folds
Txatanas calls 700
*** FLOP *** [3c Th Qd]
Nataffko checks
Txatanas bets 753
Nataffko calls 753
*** TURN *** [3c Th Qd][6s]
Nataffko checks
Txatanas bets 8138 and is all-in
Nataffko folds
Txatanas collected 11794 from pot
*** SUMMARY ***
Total pot 11794 | No rake
Board: [3c Th Qd 6s]
Seat 6: Txatanas won 11794


Winamax Poker - Tournament "Kill The Fish" buyIn: 1.80€ + 0.20€ level: 1 - HandId: #4587592007811072002-10-1774390352 - Holdem no limit (25/100/200) - 2026/03/24 22:12:32 UTC
Table: 'Kill The Fish(1068132000)#001' 6-max (real money) Seat #2 is the button
Seat 1: ZOUBIDA4000 (19075, 0.90€ bounty)
Seat 2: Nataffko (32849, 0.90€ bounty)
Seat 3: MathisKcr (19244, 0.90€ bounty)
Seat 4: DenisYork (21959, 0.90€ bounty)
Seat 5: HamsterBrun7 (34648, 1.35€ bounty)
Seat 6: Txatanas (11794, 0.90€ bounty)
*** ANTE/BLINDS ***
MathisKcr posts ante 25
DenisYork posts ante 25
ZOUBIDA4000 posts ante 25
Nataffko posts ante 25
HamsterBrun7 posts ante 25
Txatanas posts ante 25
MathisKcr posts small blind 100
DenisYork posts big blind 200
Dealt to MathisKcr [Ah Th]
*** PRE-FLOP *** 
HamsterBrun7 calls 200
Txatanas calls 200
ZOUBIDA4000 folds
Nataffko folds
MathisKcr raises 400 to 600
DenisYork folds
HamsterBrun7 calls 400
Txatanas calls 400
*** FLOP *** [Td 6c Qd]
MathisKcr bets 753
HamsterBrun7 calls 753
Txatanas raises 2602 to 3355
MathisKcr folds
HamsterBrun7 folds
Txatanas collected 7011 from pot
*** SUMMARY ***
Total pot 7011 | No rake
Board: [Td 6c Qd]
Seat 6: Txatanas won 7011


Winamax Poker - Tournament "Kill The Fish" buyIn: 1.80€ + 0.20€ level: 1 - HandId: #4587592007811072002-11-1774390447 - Holdem no limit (25/100/200) - 2026/03/24 22:14:07 UTC
Table: 'Kill The Fish(1068132000)#001' 6-max (real money) Seat #3 is the button
Seat 1: ZOUBIDA4000 (19050, 0.90€ bounty)
Seat 2: Nataffko (32824, 0.90€ bounty)
Seat 3: MathisKcr (17866, 0.90€ bounty)
Seat 4: DenisYork (21734, 0.90€ bounty)
Seat 5: HamsterBrun7 (33270, 1.35€ bounty)
Seat 6: Txatanas (14825, 0.90€ bounty)
*** ANTE/BLINDS ***
DenisYork posts ante 25
HamsterBrun7 posts ante 25
ZOUBIDA4000 posts ante 25
Nataffko posts ante 25
MathisKcr posts ante 25
Txatanas posts ante 25
DenisYork posts small blind 100
HamsterBrun7 posts big blind 200
Dealt to MathisKcr [2h Qc]
*** PRE-FLOP *** 
Txatanas calls 200
ZOUBIDA4000 folds
Nataffko folds
MathisKcr folds
DenisYork folds
HamsterBrun7 raises 200 to 400
Txatanas calls 200
*** FLOP *** [7s Ah Ts]
HamsterBrun7 bets 200
Txatanas calls 200
*** TURN *** [7s Ah Ts][Td]
HamsterBrun7 bets 507
Txatanas folds
HamsterBrun7 collected 1957 from pot
*** SUMMARY ***
Total pot 1957 | No rake
Board: [7s Ah Ts Td]
Seat 5: HamsterBrun7 (big blind) won 1957


Winamax Poker - Tournament "Kill The Fish" buyIn: 1.80€ + 0.20€ level: 1 - HandId: #4587592007811072002-12-1774390522 - Holdem no limit (25/100/200) - 2026/03/24 22:15:22 UTC
Table: 'Kill The Fish(1068132000)#001' 6-max (real money) Seat #4 is the button
Seat 2: Nataffko (32799, 0.90€ bounty)
Seat 3: MathisKcr (17841, 0.90€ bounty)
Seat 4: DenisYork (21609, 0.90€ bounty)
Seat 5: HamsterBrun7 (34095, 1.35€ bounty)
Seat 6: Txatanas (14200, 0.90€ bounty)
*** ANTE/BLINDS ***
HamsterBrun7 posts ante 25
Txatanas posts ante 25
Nataffko posts ante 25
MathisKcr posts ante 25
DenisYork posts ante 25
HamsterBrun7 posts small blind 100
Txatanas posts big blind 200
Dealt to MathisKcr [5c 9c]
*** PRE-FLOP *** 
Nataffko raises 200 to 400
MathisKcr folds
DenisYork calls 400
HamsterBrun7 calls 300
Txatanas raises 200 to 600
Nataffko calls 200
DenisYork calls 200
HamsterBrun7 calls 200
*** FLOP *** [3s 4d 2d]
HamsterBrun7 bets 884
Txatanas calls 884
Nataffko folds
DenisYork folds
*** TURN *** [3s 4d 2d][4c]
HamsterBrun7 checks
Txatanas bets 2790
HamsterBrun7 folds
Txatanas collected 7083 from pot
*** SUMMARY ***
Total pot 7083 | No rake
Board: [3s 4d 2d 4c]
Seat 6: Txatanas (big blind) won 7083


Winamax Poker - Tournament "Kill The Fish" buyIn: 1.80€ + 0.20€ level: 1 - HandId: #4587592007811072002-13-1774390588 - Holdem no limit (25/100/200) - 2026/03/24 22:16:28 UTC
Table: 'Kill The Fish(1068132000)#001' 6-max (real money) Seat #5 is the button
Seat 2: Nataffko (32174, 0.90€ bounty)
Seat 3: MathisKcr (17816, 0.90€ bounty)
Seat 4: DenisYork (20984, 0.90€ bounty)
Seat 5: HamsterBrun7 (32586, 1.35€ bounty)
Seat 6: Txatanas (16984, 0.90€ bounty)
*** ANTE/BLINDS ***
Txatanas posts ante 25
Nataffko posts ante 25
MathisKcr posts ante 25
DenisYork posts ante 25
HamsterBrun7 posts ante 25
Txatanas posts small blind 100
Nataffko posts big blind 200
Dealt to MathisKcr [4s 7d]
*** PRE-FLOP *** 
MathisKcr folds
DenisYork folds
HamsterBrun7 folds
Txatanas calls 100
Nataffko raises 700 to 900
Txatanas calls 700
*** FLOP *** [3d Ad 8c]
Txatanas bets 200
Nataffko raises 1063 to 1263
Txatanas calls 1063
*** TURN *** [3d Ad 8c][6d]
Txatanas bets 1558
Nataffko calls 1558
*** RIVER *** [3d Ad 8c 6d][7s]
Txatanas bets 2648
Nataffko calls 2648
*** SHOW DOWN ***
Txatanas shows [Td 7h] (One pair : 7)
Nataffko shows [As 9h] (One pair : Aces)
Nataffko collected 12863 from pot
*** SUMMARY ***
Total pot 12863 | No rake
Board: [3d Ad 8c 6d 7s]
Seat 2: Nataffko (big blind) showed [As 9h] and won 12863 with One pair : Aces
Seat 6: Txatanas (small blind) showed [Td 7h] and lost with One pair : 7


Winamax Poker - Tournament "Kill The Fish" buyIn: 1.80€ + 0.20€ level: 1 - HandId: #4587592007811072002-14-1774390639 - Holdem no limit (25/100/200) - 2026/03/24 22:17:19 UTC
Table: 'Kill The Fish(1068132000)#001' 6-max (real money) Seat #6 is the button
Seat 1: YA2ETCALL (20000, 0.90€ bounty)
Seat 2: Nataffko (38643, 0.90€ bounty)
Seat 3: MathisKcr (17791, 0.90€ bounty)
Seat 4: DenisYork (20959, 0.90€ bounty)
Seat 5: HamsterBrun7 (32561, 1.35€ bounty)
Seat 6: Txatanas (10590, 0.90€ bounty)
*** ANTE/BLINDS ***
Nataffko posts ante 25
MathisKcr posts ante 25
DenisYork posts ante 25
HamsterBrun7 posts ante 25
Txatanas posts ante 25
Nataffko posts small blind 100
MathisKcr posts big blind 200
Dealt to MathisKcr [2d 6d]
*** PRE-FLOP *** 
DenisYork folds
HamsterBrun7 folds
Txatanas raises 200 to 400
Nataffko raises 1100 to 1500
MathisKcr folds
Txatanas calls 1100
*** FLOP *** [Qs 7d 2h]
Nataffko bets 1663
Txatanas raises 6651 to 8314
Nataffko folds
Txatanas collected 13302 from pot
*** SUMMARY ***
Total pot 13302 | No rake
Board: [Qs 7d 2h]
Seat 6: Txatanas (button) won 13302


Winamax Poker - Tournament "Kill The Fish" buyIn: 1.80€ + 0.20€ level: 1 - HandId: #4587592007811072002-15-1774390676 - Holdem no limit (25/100/200) - 2026/03/24 22:17:56 UTC
Table: 'Kill The Fish(1068132000)#001' 6-max (real money) Seat #2 is the button
Seat 1: YA2ETCALL (20000, 0.90€ bounty)
Seat 2: Nataffko (35455, 0.90€ bounty)
Seat 3: MathisKcr (17566, 0.90€ bounty)
Seat 4: DenisYork (20934, 0.90€ bounty)
Seat 5: HamsterBrun7 (32536, 1.35€ bounty)
Seat 6: Txatanas (14053, 0.90€ bounty)
*** ANTE/BLINDS ***
MathisKcr posts ante 25
DenisYork posts ante 25
YA2ETCALL posts ante 25
Nataffko posts ante 25
HamsterBrun7 posts ante 25
Txatanas posts ante 25
MathisKcr posts small blind 100
DenisYork posts big blind 200
Dealt to MathisKcr [5s Jh]
*** PRE-FLOP *** 
HamsterBrun7 folds
Txatanas calls 200
YA2ETCALL folds
Nataffko raises 700 to 900
MathisKcr folds
DenisYork folds
Txatanas calls 700
*** FLOP *** [Ah 6s Jd]
Txatanas bets 200
Nataffko raises 1653 to 1853
Txatanas folds
Nataffko collected 4303 from pot
*** SUMMARY ***
Total pot 4303 | No rake
Board: [Ah 6s Jd]
Seat 2: Nataffko (button) won 4303


Winamax Poker - Tournament "Kill The Fish" buyIn: 1.80€ + 0.20€ level: 1 - HandId: #4587592007811072002-16-1774390726 - Holdem no limit (25/100/200) - 2026/03/24 22:18:46 UTC
Table: 'Kill The Fish(1068132000)#001' 6-max (real money) Seat #3 is the button
Seat 1: YA2ETCALL (19975, 0.90€ bounty)
Seat 2: Nataffko (36980, 0.90€ bounty)
Seat 3: MathisKcr (17441, 0.90€ bounty)
Seat 4: DenisYork (20709, 0.90€ bounty)
Seat 5: HamsterBrun7 (32511, 1.35€ bounty)
Seat 6: Txatanas (12928, 0.90€ bounty)
*** ANTE/BLINDS ***
DenisYork posts ante 25
HamsterBrun7 posts ante 25
YA2ETCALL posts ante 25
Nataffko posts ante 25
MathisKcr posts ante 25
Txatanas posts ante 25
DenisYork posts small blind 100
HamsterBrun7 posts big blind 200
Dealt to MathisKcr [9d Ah]
*** PRE-FLOP *** 
Txatanas folds
YA2ETCALL folds
Nataffko raises 200 to 400
MathisKcr calls 400
DenisYork folds
HamsterBrun7 raises 200 to 600
Nataffko calls 200
MathisKcr calls 200
*** FLOP *** [2h 9c 6d]
HamsterBrun7 bets 718
Nataffko folds
MathisKcr calls 718
*** TURN *** [2h 9c 6d][3s]
HamsterBrun7 bets 2266
MathisKcr calls 2266
*** RIVER *** [2h 9c 6d 3s][Qh]
HamsterBrun7 bets 5212
MathisKcr calls 5212
*** SHOW DOWN ***
HamsterBrun7 shows [5c Kc] (High card : King)
MathisKcr shows [9d Ah] (One pair : 9)
MathisKcr collected 18442 from pot
*** SUMMARY ***
Total pot 18442 | No rake
Board: [2h 9c 6d 3s Qh]
Seat 3: MathisKcr (button) showed [9d Ah] and won 18442 with One pair : 9
Seat 5: HamsterBrun7 (big blind) showed [5c Kc] and lost with High card : King


Winamax Poker - Tournament "Kill The Fish" buyIn: 1.80€ + 0.20€ level: 1 - HandId: #4587592007811072002-17-1774390800 - Holdem no limit (25/100/200) - 2026/03/24 22:20:00 UTC
Table: 'Kill The Fish(1068132000)#001' 6-max (real money) Seat #4 is the button
Seat 1: YA2ETCALL (19950, 0.90€ bounty)
Seat 2: Nataffko (36355, 0.90€ bounty)
Seat 3: MathisKcr (27062, 0.90€ bounty)
Seat 4: DenisYork (20584, 0.90€ bounty)
Seat 5: HamsterBrun7 (23690, 1.35€ bounty)
Seat 6: Txatanas (12903, 0.90€ bounty)
*** ANTE/BLINDS ***
HamsterBrun7 posts ante 25
Txatanas posts ante 25
YA2ETCALL posts ante 25
Nataffko posts ante 25
MathisKcr posts ante 25
DenisYork posts ante 25
HamsterBrun7 posts small blind 100
Txatanas posts big blind 200
Dealt to MathisKcr [Kh Th]
*** PRE-FLOP *** 
YA2ETCALL folds
Nataffko folds
MathisKcr raises 200 to 400
DenisYork folds
HamsterBrun7 raises 23265 to 23665 and is all-in
Txatanas folds
MathisKcr folds
HamsterBrun7 collected 24415 from pot
*** SUMMARY ***
Total pot 24415 | No rake
Seat 5: HamsterBrun7 (small blind) won 24415


Winamax Poker - Tournament "Kill The Fish" buyIn: 1.80€ + 0.20€ level: 1 - HandId: #4587592007811072002-18-1774390826 - Holdem no limit (25/100/200) - 2026/03/24 22:20:26 UTC
Table: 'Kill The Fish(1068132000)#001' 6-max (real money) Seat #5 is the button
Seat 1: YA2ETCALL (19925, 0.90€ bounty)
Seat 2: Nataffko (36330, 0.90€ bounty)
Seat 3: MathisKcr (26637, 0.90€ bounty)
Seat 4: DenisYork (20559, 0.90€ bounty)
Seat 5: HamsterBrun7 (24415, 1.35€ bounty)
Seat 6: Txatanas (12678, 0.90€ bounty)
*** ANTE/BLINDS ***
Txatanas posts ante 25
YA2ETCALL posts ante 25
Nataffko posts ante 25
MathisKcr posts ante 25
DenisYork posts ante 25
HamsterBrun7 posts ante 25
Txatanas posts small blind 100
YA2ETCALL posts big blind 200
Dealt to MathisKcr [As Kc]
*** PRE-FLOP *** 
Nataffko folds
MathisKcr raises 200 to 400
DenisYork folds
HamsterBrun7 calls 400
Txatanas calls 300
YA2ETCALL calls 200
*** FLOP *** [Ad 7c Ts]
Txatanas bets 1138
YA2ETCALL folds
MathisKcr calls 1138
HamsterBrun7 calls 1138
*** TURN *** [Ad 7c Ts][3d]
Txatanas bets 1807
MathisKcr calls 1807
HamsterBrun7 calls 1807
*** RIVER *** [Ad 7c Ts 3d][5h]
Txatanas bets 9308 and is all-in
MathisKcr folds
HamsterBrun7 folds
Txatanas collected 19893 from pot
*** SUMMARY ***
Total pot 19893 | No rake
Board: [Ad 7c Ts 3d 5h]
Seat 6: Txatanas (small blind) won 19893


Winamax Poker - Tournament "Kill The Fish" buyIn: 1.80€ + 0.20€ level: 1 - HandId: #4587592007811072002-19-1774390909 - Holdem no limit (25/100/200) - 2026/03/24 22:21:49 UTC
Table: 'Kill The Fish(1068132000)#001' 6-max (real money) Seat #6 is the button
Seat 1: YA2ETCALL (19500, 0.90€ bounty)
Seat 2: Nataffko (36305, 0.90€ bounty)
Seat 3: MathisKcr (23267, 0.90€ bounty)
Seat 4: DenisYork (20534, 0.90€ bounty)
Seat 5: HamsterBrun7 (21045, 1.35€ bounty)
Seat 6: Txatanas (19893, 0.90€ bounty)
*** ANTE/BLINDS ***
YA2ETCALL posts ante 25
Nataffko posts ante 25
MathisKcr posts ante 25
DenisYork posts ante 25
HamsterBrun7 posts ante 25
Txatanas posts ante 25
YA2ETCALL posts small blind 100
Nataffko posts big blind 200
Dealt to MathisKcr [6d Kd]
*** PRE-FLOP *** 
MathisKcr raises 200 to 400
DenisYork calls 400
HamsterBrun7 folds
Txatanas calls 400
YA2ETCALL calls 300
Nataffko calls 200
*** FLOP *** [Kc 2s 3h]
YA2ETCALL checks
Nataffko checks
MathisKcr bets 753
DenisYork folds
Txatanas folds
YA2ETCALL folds
Nataffko folds
MathisKcr collected 2903 from pot
*** SUMMARY ***
Total pot 2903 | No rake
Board: [Kc 2s 3h]
Seat 3: MathisKcr won 2903


Winamax Poker - Tournament "Kill The Fish" buyIn: 1.80€ + 0.20€ level: 1 - HandId: #4587592007811072002-20-1774390966 - Holdem no limit (25/100/200) - 2026/03/24 22:22:46 UTC
Table: 'Kill The Fish(1068132000)#001' 6-max (real money) Seat #1 is the button
Seat 1: YA2ETCALL (19075, 0.90€ bounty)
Seat 2: Nataffko (35880, 0.90€ bounty)
Seat 3: MathisKcr (24992, 0.90€ bounty)
Seat 5: HamsterBrun7 (21020, 1.35€ bounty)
Seat 6: Txatanas (19468, 0.90€ bounty)
*** ANTE/BLINDS ***
Nataffko posts ante 25
MathisKcr posts ante 25
YA2ETCALL posts ante 25
HamsterBrun7 posts ante 25
Txatanas posts ante 25
Nataffko posts small blind 100
MathisKcr posts big blind 200
Dealt to MathisKcr [8s Th]
*** PRE-FLOP *** 
HamsterBrun7 folds
Txatanas calls 200
YA2ETCALL folds
Nataffko calls 100
MathisKcr checks
*** FLOP *** [Ah 7d 2c]
Nataffko checks
MathisKcr checks
Txatanas bets 725
Nataffko folds
MathisKcr folds
Txatanas collected 1450 from pot
*** SUMMARY ***
Total pot 1450 | No rake
Board: [Ah 7d 2c]
Seat 6: Txatanas won 1450


Winamax Poker - Tournament "Kill The Fish" buyIn: 1.80€ + 0.20€ level: 1 - HandId: #4587592007811072002-21-1774390995 - Holdem no limit (25/100/200) - 2026/03/24 22:23:15 UTC
Table: 'Kill The Fish(1068132000)#001' 6-max (real money) Seat #2 is the button
Seat 1: YA2ETCALL (19050, 0.90€ bounty)
Seat 2: Nataffko (35655, 0.90€ bounty)
Seat 3: MathisKcr (24767, 0.90€ bounty)
Seat 5: HamsterBrun7 (20995, 1.35€ bounty)
Seat 6: Txatanas (19968, 0.90€ bounty)
*** ANTE/BLINDS ***
MathisKcr posts ante 25
HamsterBrun7 posts ante 25
YA2ETCALL posts ante 25
Nataffko posts ante 25
Txatanas posts ante 25
MathisKcr posts small blind 100
HamsterBrun7 posts big blind 200
Dealt to MathisKcr [8s 5c]
*** PRE-FLOP *** 
Txatanas calls 200
YA2ETCALL raises 700 to 900
Nataffko raises 1800 to 2700
MathisKcr folds
HamsterBrun7 folds
Txatanas calls 2500
YA2ETCALL folds
*** FLOP *** [Ts 6c 3s]
Txatanas bets 4371
Nataffko raises 4371 to 8742
Txatanas raises 8501 to 17243 and is all-in
Nataffko calls 8501
*** TURN *** [Ts 6c 3s][8h]
*** RIVER *** [Ts 6c 3s 8h][Jh]
*** SHOW DOWN ***
Txatanas shows [6h 9d] (One pair : 6)
Nataffko shows [Kd Kc] (One pair : Kings)
Nataffko collected 41211 from pot
*** SUMMARY ***
Total pot 41211 | No rake
Board: [Ts 6c 3s 8h Jh]
Seat 2: Nataffko (button) showed [Kd Kc] and won 41211 with One pair : Kings
Seat 6: Txatanas showed [6h 9d] and lost with One pair : 6


Winamax Poker - Tournament "Kill The Fish" buyIn: 1.80€ + 0.20€ level: 1 - HandId: #4587592007811072002-22-1774391048 - Holdem no limit (25/100/200) - 2026/03/24 22:24:08 UTC
Table: 'Kill The Fish(1068132000)#001' 6-max (real money) Seat #3 is the button
Seat 1: YA2ETCALL (18125, 0.90€ bounty)
Seat 2: Nataffko (56898, 1.35€ bounty)
Seat 3: MathisKcr (24642, 0.90€ bounty)
Seat 5: HamsterBrun7 (20770, 1.35€ bounty)
*** ANTE/BLINDS ***
HamsterBrun7 posts ante 25
YA2ETCALL posts ante 25
Nataffko posts ante 25
MathisKcr posts ante 25
HamsterBrun7 posts small blind 100
YA2ETCALL posts big blind 200
Dealt to MathisKcr [8h 7h]
*** PRE-FLOP *** 
Nataffko raises 200 to 400
MathisKcr calls 400
HamsterBrun7 calls 300
YA2ETCALL calls 200
*** FLOP *** [5s Qd 2s]
HamsterBrun7 checks
YA2ETCALL checks
Nataffko bets 1105
MathisKcr folds
HamsterBrun7 folds
YA2ETCALL folds
Nataffko collected 2805 from pot
*** SUMMARY ***
Total pot 2805 | No rake
Board: [5s Qd 2s]
Seat 2: Nataffko won 2805


Winamax Poker - Tournament "Kill The Fish" buyIn: 1.80€ + 0.20€ level: 2 - HandId: #4587592007811072002-23-1774391118 - Holdem no limit (30/125/250) - 2026/03/24 22:25:18 UTC
Table: 'Kill The Fish(1068132000)#001' 6-max (real money) Seat #5 is the button
Seat 1: YA2ETCALL (17700, 0.90€ bounty)
Seat 2: Nataffko (58173, 1.35€ bounty)
Seat 3: MathisKcr (24217, 0.90€ bounty)
Seat 5: HamsterBrun7 (20345, 1.35€ bounty)
Seat 6: HappyDonk (44734, 0.90€ bounty)
*** ANTE/BLINDS ***
YA2ETCALL posts ante 30
Nataffko posts ante 30
MathisKcr posts ante 30
HamsterBrun7 posts ante 30
YA2ETCALL posts small blind 125
Nataffko posts big blind 250
Dealt to MathisKcr [8c 2s]
*** PRE-FLOP *** 
MathisKcr folds
HamsterBrun7 folds
YA2ETCALL folds
Nataffko collected 495 from pot
*** SUMMARY ***
Total pot 495 | No rake
Seat 2: Nataffko (big blind) won 495


Winamax Poker - Tournament "Kill The Fish" buyIn: 1.80€ + 0.20€ level: 2 - HandId: #4587592007811072002-24-1774391143 - Holdem no limit (30/125/250) - 2026/03/24 22:25:43 UTC
Table: 'Kill The Fish(1068132000)#001' 6-max (real money) Seat #1 is the button
Seat 1: YA2ETCALL (17545, 0.90€ bounty)
Seat 2: Nataffko (58388, 1.35€ bounty)
Seat 3: MathisKcr (24187, 0.90€ bounty)
Seat 5: HamsterBrun7 (20315, 1.35€ bounty)
Seat 6: HappyDonk (44734, 0.90€ bounty)
*** ANTE/BLINDS ***
Nataffko posts ante 30
MathisKcr posts ante 30
YA2ETCALL posts ante 30
HamsterBrun7 posts ante 30
HappyDonk posts ante 30
Nataffko posts small blind 125
MathisKcr posts big blind 250
Dealt to MathisKcr [5c 8d]
*** PRE-FLOP *** 
HamsterBrun7 folds
HappyDonk folds
YA2ETCALL raises 375 to 625
Nataffko folds
MathisKcr calls 375
*** FLOP *** [6d 8c 4s]
MathisKcr bets 500
YA2ETCALL folds
MathisKcr collected 2025 from pot
*** SUMMARY ***
Total pot 2025 | No rake
Board: [6d 8c 4s]
Seat 3: MathisKcr (big blind) won 2025


Winamax Poker - Tournament "Kill The Fish" buyIn: 1.80€ + 0.20€ level: 2 - HandId: #4587592007811072002-25-1774391218 - Holdem no limit (30/125/250) - 2026/03/24 22:26:58 UTC
Table: 'Kill The Fish(1068132000)#001' 6-max (real money) Seat #2 is the button
Seat 1: YA2ETCALL (16890, 0.90€ bounty)
Seat 2: Nataffko (58233, 1.35€ bounty)
Seat 3: MathisKcr (25057, 0.90€ bounty)
Seat 5: HamsterBrun7 (20285, 1.35€ bounty)
Seat 6: HappyDonk (44704, 0.90€ bounty)
*** ANTE/BLINDS ***
MathisKcr posts ante 30
HamsterBrun7 posts ante 30
YA2ETCALL posts ante 30
Nataffko posts ante 30
HappyDonk posts ante 30
MathisKcr posts small blind 125
HamsterBrun7 posts big blind 250
Dealt to MathisKcr [4c 9h]
*** PRE-FLOP *** 
HappyDonk folds
YA2ETCALL raises 375 to 625
Nataffko raises 1563 to 2188
MathisKcr folds
HamsterBrun7 calls 1938
YA2ETCALL calls 1563
*** FLOP *** [8d 6c Ah]
HamsterBrun7 checks
YA2ETCALL checks
Nataffko bets 4445
HamsterBrun7 raises 13622 to 18067 and is all-in
YA2ETCALL folds
Nataffko calls 13622
*** TURN *** [8d 6c Ah][Ks]
*** RIVER *** [8d 6c Ah Ks][9d]
*** SHOW DOWN ***
HamsterBrun7 shows [5c Ac] (One pair : Aces)
Nataffko shows [Qc As] (One pair : Aces)
Nataffko collected 42973 from pot
*** SUMMARY ***
Total pot 42973 | No rake
Board: [8d 6c Ah Ks 9d]
Seat 2: Nataffko (button) showed [Qc As] and won 42973 with One pair : Aces
Seat 5: HamsterBrun7 (big blind) showed [5c Ac] and lost with One pair : Aces


Winamax Poker - Tournament "Kill The Fish" buyIn: 1.80€ + 0.20€ level: 2 - HandId: #4587592007811072002-26-1774391293 - Holdem no limit (30/125/250) - 2026/03/24 22:28:13 UTC
Table: 'Kill The Fish(1068132000)#001' 6-max (real money) Seat #3 is the button
Seat 1: YA2ETCALL (14672, 0.90€ bounty)
Seat 2: Nataffko (80921, 2.02€ bounty)
Seat 3: MathisKcr (24902, 0.90€ bounty)
Seat 6: HappyDonk (44674, 0.90€ bounty)
*** ANTE/BLINDS ***
HappyDonk posts ante 30
YA2ETCALL posts ante 30
Nataffko posts ante 30
MathisKcr posts ante 30
HappyDonk posts big blind 250
Dealt to MathisKcr [3c Kc]
*** PRE-FLOP *** 
YA2ETCALL raises 375 to 625
Nataffko calls 625
MathisKcr calls 625
HappyDonk calls 375
*** FLOP *** [7s 2c 3d]
HappyDonk checks
YA2ETCALL bets 1125
Nataffko folds
MathisKcr calls 1125
HappyDonk folds
*** TURN *** [7s 2c 3d][Jd]
YA2ETCALL bets 2375
MathisKcr folds
YA2ETCALL collected 7245 from pot
*** SUMMARY ***
Total pot 7245 | No rake
Board: [7s 2c 3d Jd]
Seat 1: YA2ETCALL won 7245


Winamax Poker - Tournament "Kill The Fish" buyIn: 1.80€ + 0.20€ level: 2 - HandId: #4587592007811072002-27-1774391361 - Holdem no limit (30/125/250) - 2026/03/24 22:29:21 UTC
Table: 'Kill The Fish(1068132000)#001' 6-max (real money) Seat #5 is the button
Seat 1: YA2ETCALL (17762, 0.90€ bounty)
Seat 2: Nataffko (80266, 2.02€ bounty)
Seat 3: MathisKcr (23122, 0.90€ bounty)
Seat 4: CheckUrBack (20000, 0.90€ bounty)
Seat 5: skinnyboy77 (19330, 0.90€ bounty)
Seat 6: HappyDonk (44019, 0.90€ bounty)
*** ANTE/BLINDS ***
HappyDonk posts ante 30
YA2ETCALL posts ante 30
Nataffko posts ante 30
MathisKcr posts ante 30
CheckUrBack posts ante 30
HappyDonk posts small blind 125
YA2ETCALL posts big blind 250
Dealt to MathisKcr [Qc 4h]
*** PRE-FLOP *** 
Nataffko folds
MathisKcr folds
CheckUrBack folds
HappyDonk calls 125
YA2ETCALL checks
*** FLOP *** [3s Js 4c]
HappyDonk bets 375
YA2ETCALL raises 750 to 1125
HappyDonk calls 750
*** TURN *** [3s Js 4c][Jc]
HappyDonk checks
YA2ETCALL checks
*** RIVER *** [3s Js 4c Jc][8s]
HappyDonk bets 1885
YA2ETCALL calls 1885
*** SHOW DOWN ***
HappyDonk shows [4s Ac] (Two pairs : Jacks and 4)
YA2ETCALL shows [2s 6s] (Flush Jack high)
YA2ETCALL collected 6670 from pot
*** SUMMARY ***
Total pot 6670 | No rake
Board: [3s Js 4c Jc 8s]
Seat 1: YA2ETCALL (big blind) showed [2s 6s] and won 6670 with Flush Jack high
Seat 6: HappyDonk (small blind) showed [4s Ac] and lost with Two pairs : Jacks and 4


Winamax Poker - Tournament "Kill The Fish" buyIn: 1.80€ + 0.20€ level: 3 - HandId: #4587592007811072002-28-1774391411 - Holdem no limit (35/150/300) - 2026/03/24 22:30:11 UTC
Table: 'Kill The Fish(1068132000)#001' 6-max (real money) Seat #6 is the button
Seat 1: YA2ETCALL (21142, 0.90€ bounty)
Seat 2: Nataffko (80236, 2.02€ bounty)
Seat 3: MathisKcr (23092, 0.90€ bounty)
Seat 4: CheckUrBack (19970, 0.90€ bounty)
Seat 5: skinnyboy77 (19330, 0.90€ bounty)
Seat 6: HappyDonk (40729, 0.90€ bounty)
*** ANTE/BLINDS ***
YA2ETCALL posts ante 35
Nataffko posts ante 35
MathisKcr posts ante 35
CheckUrBack posts ante 35
skinnyboy77 posts ante 35
HappyDonk posts ante 35
YA2ETCALL posts small blind 150
Nataffko posts big blind 300
Dealt to MathisKcr [Tc Ac]
*** PRE-FLOP *** 
MathisKcr raises 300 to 600
CheckUrBack folds
skinnyboy77 folds
HappyDonk calls 600
YA2ETCALL folds
Nataffko calls 300
*** FLOP *** [Ks 4s Kh]
Nataffko checks
MathisKcr bets 756
HappyDonk folds
Nataffko calls 756
*** TURN *** [Ks 4s Kh][5c]
Nataffko checks
MathisKcr checks
*** RIVER *** [Ks 4s Kh 5c][Jh]
Nataffko checks
MathisKcr checks
*** SHOW DOWN ***
MathisKcr shows [Tc Ac] (One pair : Kings)
Nataffko shows [4d Th] (Two pairs : Kings and 4)
Nataffko collected 3672 from pot
*** SUMMARY ***
Total pot 3672 | No rake
Board: [Ks 4s Kh 5c Jh]
Seat 2: Nataffko (big blind) showed [4d Th] and won 3672 with Two pairs : Kings and 4
Seat 3: MathisKcr showed [Tc Ac] and lost with One pair : Kings


Winamax Poker - Tournament "Kill The Fish" buyIn: 1.80€ + 0.20€ level: 3 - HandId: #4587592007811072002-29-1774391527 - Holdem no limit (35/150/300) - 2026/03/24 22:32:07 UTC
Table: 'Kill The Fish(1068132000)#001' 6-max (real money) Seat #1 is the button
Seat 1: YA2ETCALL (20957, 0.90€ bounty)
Seat 2: Nataffko (82517, 2.02€ bounty)
Seat 3: MathisKcr (21701, 0.90€ bounty)
Seat 4: CheckUrBack (19935, 0.90€ bounty)
Seat 5: skinnyboy77 (19295, 0.90€ bounty)
Seat 6: HappyDonk (40094, 0.90€ bounty)
*** ANTE/BLINDS ***
Nataffko posts ante 35
MathisKcr posts ante 35
YA2ETCALL posts ante 35
CheckUrBack posts ante 35
skinnyboy77 posts ante 35
HappyDonk posts ante 35
Nataffko posts small blind 150
MathisKcr posts big blind 300
Dealt to MathisKcr [6d Ah]
*** PRE-FLOP *** 
CheckUrBack folds
skinnyboy77 folds
HappyDonk folds
YA2ETCALL folds
Nataffko raises 750 to 1050
MathisKcr calls 750
*** FLOP *** [As Js Ac]
Nataffko bets 1848
MathisKcr calls 1848
*** TURN *** [As Js Ac][Jd]
Nataffko checks
MathisKcr bets 1502
Nataffko folds
MathisKcr collected 7508 from pot
*** SUMMARY ***
Total pot 7508 | No rake
Board: [As Js Ac Jd]
Seat 3: MathisKcr (big blind) won 7508


Winamax Poker - Tournament "Kill The Fish" buyIn: 1.80€ + 0.20€ level: 3 - HandId: #4587592007811072002-30-1774391582 - Holdem no limit (35/150/300) - 2026/03/24 22:33:02 UTC
Table: 'Kill The Fish(1068132000)#001' 6-max (real money) Seat #2 is the button
Seat 1: YA2ETCALL (20922, 0.90€ bounty)
Seat 2: Nataffko (79584, 2.02€ bounty)
Seat 3: MathisKcr (24774, 0.90€ bounty)
Seat 4: CheckUrBack (19900, 0.90€ bounty)
Seat 5: skinnyboy77 (19260, 0.90€ bounty)
Seat 6: HappyDonk (40059, 0.90€ bounty)
*** ANTE/BLINDS ***
MathisKcr posts ante 35
CheckUrBack posts ante 35
YA2ETCALL posts ante 35
Nataffko posts ante 35
skinnyboy77 posts ante 35
HappyDonk posts ante 35
MathisKcr posts small blind 150
CheckUrBack posts big blind 300
Dealt to MathisKcr [6h 4s]
*** PRE-FLOP *** 
skinnyboy77 folds
HappyDonk folds
YA2ETCALL folds
Nataffko folds
MathisKcr raises 300 to 600
CheckUrBack calls 300
*** FLOP *** [Ac 7s 2h]
MathisKcr bets 494
CheckUrBack calls 494
*** TURN *** [Ac 7s 2h][Jh]
MathisKcr checks
CheckUrBack checks
*** RIVER *** [Ac 7s 2h Jh][As]
MathisKcr checks
CheckUrBack bets 1079
MathisKcr folds
CheckUrBack collected 3477 from pot
*** SUMMARY ***
Total pot 3477 | No rake
Board: [Ac 7s 2h Jh As]
Seat 4: CheckUrBack (big blind) won 3477


Winamax Poker - Tournament "Kill The Fish" buyIn: 1.80€ + 0.20€ level: 3 - HandId: #4587592007811072002-31-1774391668 - Holdem no limit (35/150/300) - 2026/03/24 22:34:28 UTC
Table: 'Kill The Fish(1068132000)#001' 6-max (real money) Seat #3 is the button
Seat 1: YA2ETCALL (20887, 0.90€ bounty)
Seat 2: Nataffko (79549, 2.02€ bounty)
Seat 3: MathisKcr (23645, 0.90€ bounty)
Seat 4: CheckUrBack (21169, 0.90€ bounty)
Seat 5: skinnyboy77 (19225, 0.90€ bounty)
Seat 6: HappyDonk (40024, 0.90€ bounty)
*** ANTE/BLINDS ***
CheckUrBack posts ante 35
skinnyboy77 posts ante 35
YA2ETCALL posts ante 35
Nataffko posts ante 35
MathisKcr posts ante 35
HappyDonk posts ante 35
CheckUrBack posts small blind 150
skinnyboy77 posts big blind 300
Dealt to MathisKcr [9c 2h]
*** PRE-FLOP *** 
HappyDonk folds
YA2ETCALL raises 450 to 750
Nataffko folds
MathisKcr folds
CheckUrBack folds
skinnyboy77 calls 450
*** FLOP *** [4c Kd 2c]
skinnyboy77 checks
YA2ETCALL bets 651
skinnyboy77 raises 699 to 1350
YA2ETCALL calls 699
*** TURN *** [4c Kd 2c][3h]
skinnyboy77 bets 2964
YA2ETCALL folds
skinnyboy77 collected 7524 from pot
*** SUMMARY ***
Total pot 7524 | No rake
Board: [4c Kd 2c 3h]
Seat 5: skinnyboy77 (big blind) won 7524


Winamax Poker - Tournament "Kill The Fish" buyIn: 1.80€ + 0.20€ level: 4 - HandId: #4587592007811072002-32-1774391742 - Holdem no limit (40/175/350) - 2026/03/24 22:35:42 UTC
Table: 'Kill The Fish(1068132000)#001' 6-max (real money) Seat #4 is the button
Seat 1: YA2ETCALL (18752, 0.90€ bounty)
Seat 2: Nataffko (79514, 2.02€ bounty)
Seat 3: MathisKcr (23610, 0.90€ bounty)
Seat 4: CheckUrBack (20984, 0.90€ bounty)
Seat 5: skinnyboy77 (21650, 0.90€ bounty)
Seat 6: HappyDonk (39989, 0.90€ bounty)
*** ANTE/BLINDS ***
skinnyboy77 posts ante 40
HappyDonk posts ante 40
YA2ETCALL posts ante 40
Nataffko posts ante 40
MathisKcr posts ante 40
CheckUrBack posts ante 40
skinnyboy77 posts small blind 175
HappyDonk posts big blind 350
Dealt to MathisKcr [Qs 3h]
*** PRE-FLOP *** 
YA2ETCALL raises 525 to 875
Nataffko folds
MathisKcr folds
CheckUrBack folds
skinnyboy77 folds
HappyDonk folds
YA2ETCALL collected 1640 from pot
*** SUMMARY ***
Total pot 1640 | No rake
Seat 1: YA2ETCALL won 1640


Winamax Poker - Tournament "Kill The Fish" buyIn: 1.80€ + 0.20€ level: 4 - HandId: #4587592007811072002-33-1774391768 - Holdem no limit (40/175/350) - 2026/03/24 22:36:08 UTC
Table: 'Kill The Fish(1068132000)#001' 6-max (real money) Seat #5 is the button
Seat 1: YA2ETCALL (19477, 0.90€ bounty)
Seat 2: Nataffko (79474, 2.02€ bounty)
Seat 3: MathisKcr (23570, 0.90€ bounty)
Seat 4: CheckUrBack (20944, 0.90€ bounty)
Seat 5: skinnyboy77 (21435, 0.90€ bounty)
Seat 6: HappyDonk (39599, 0.90€ bounty)
*** ANTE/BLINDS ***
HappyDonk posts ante 40
YA2ETCALL posts ante 40
Nataffko posts ante 40
MathisKcr posts ante 40
CheckUrBack posts ante 40
skinnyboy77 posts ante 40
HappyDonk posts small blind 175
YA2ETCALL posts big blind 350
Dealt to MathisKcr [Jc Kc]
*** PRE-FLOP *** 
Nataffko folds
MathisKcr raises 350 to 700
CheckUrBack folds
skinnyboy77 folds
HappyDonk folds
YA2ETCALL calls 350
*** FLOP *** [Ad 6s 9h]
YA2ETCALL checks
MathisKcr bets 635
YA2ETCALL folds
MathisKcr collected 2450 from pot
*** SUMMARY ***
Total pot 2450 | No rake
Board: [Ad 6s 9h]
Seat 3: MathisKcr won 2450


Winamax Poker - Tournament "Kill The Fish" buyIn: 1.80€ + 0.20€ level: 4 - HandId: #4587592007811072002-34-1774391811 - Holdem no limit (40/175/350) - 2026/03/24 22:36:51 UTC
Table: 'Kill The Fish(1068132000)#001' 6-max (real money) Seat #6 is the button
Seat 1: YA2ETCALL (18737, 0.90€ bounty)
Seat 2: Nataffko (79434, 2.02€ bounty)
Seat 3: MathisKcr (24645, 0.90€ bounty)
Seat 4: CheckUrBack (20904, 0.90€ bounty)
Seat 5: skinnyboy77 (21395, 0.90€ bounty)
Seat 6: HappyDonk (39384, 0.90€ bounty)
*** ANTE/BLINDS ***
YA2ETCALL posts ante 40
Nataffko posts ante 40
MathisKcr posts ante 40
CheckUrBack posts ante 40
skinnyboy77 posts ante 40
HappyDonk posts ante 40
YA2ETCALL posts small blind 175
Nataffko posts big blind 350
Dealt to MathisKcr [3s 3c]
*** PRE-FLOP *** 
MathisKcr raises 700 to 1050
CheckUrBack folds
skinnyboy77 folds
HappyDonk calls 1050
YA2ETCALL folds
Nataffko folds
*** FLOP *** [9c Kc 2s]
MathisKcr checks
HappyDonk checks
*** TURN *** [9c Kc 2s][9d]
MathisKcr bets 700
HappyDonk calls 700
*** RIVER *** [9c Kc 2s 9d][7h]
MathisKcr checks
HappyDonk checks
*** SHOW DOWN ***
MathisKcr shows [3s 3c] (Two pairs : 9 and 3)
HappyDonk shows [6h 6s] (Two pairs : 9 and 6)
HappyDonk collected 4265 from pot
*** SUMMARY ***
Total pot 4265 | No rake
Board: [9c Kc 2s 9d 7h]
Seat 3: MathisKcr showed [3s 3c] and lost with Two pairs : 9 and 3
Seat 6: HappyDonk (button) showed [6h 6s] and won 4265 with Two pairs : 9 and 6


Winamax Poker - Tournament "Kill The Fish" buyIn: 1.80€ + 0.20€ level: 4 - HandId: #4587592007811072002-35-1774391893 - Holdem no limit (40/175/350) - 2026/03/24 22:38:13 UTC
Table: 'Kill The Fish(1068132000)#001' 6-max (real money) Seat #1 is the button
Seat 1: YA2ETCALL (18522, 0.90€ bounty)
Seat 2: Nataffko (79044, 2.02€ bounty)
Seat 3: MathisKcr (22855, 0.90€ bounty)
Seat 4: CheckUrBack (20864, 0.90€ bounty)
Seat 5: skinnyboy77 (21355, 0.90€ bounty)
Seat 6: HappyDonk (41859, 0.90€ bounty)
*** ANTE/BLINDS ***
Nataffko posts ante 40
MathisKcr posts ante 40
YA2ETCALL posts ante 40
CheckUrBack posts ante 40
skinnyboy77 posts ante 40
HappyDonk posts ante 40
Nataffko posts small blind 175
MathisKcr posts big blind 350
Dealt to MathisKcr [3c 2c]
*** PRE-FLOP *** 
CheckUrBack folds
skinnyboy77 raises 350 to 700
HappyDonk folds
YA2ETCALL folds
Nataffko folds
MathisKcr calls 350
*** FLOP *** [8h 9s 5c]
MathisKcr checks
skinnyboy77 checks
*** TURN *** [8h 9s 5c][4c]
MathisKcr bets 700
skinnyboy77 calls 700
*** RIVER *** [8h 9s 5c 4c][5h]
MathisKcr checks
skinnyboy77 checks
*** SHOW DOWN ***
MathisKcr shows [3c 2c] (One pair : 5)
skinnyboy77 shows [6h 6d] (Two pairs : 6 and 5)
skinnyboy77 collected 3215 from pot
*** SUMMARY ***
Total pot 3215 | No rake
Board: [8h 9s 5c 4c 5h]
Seat 3: MathisKcr (big blind) showed [3c 2c] and lost with One pair : 5
Seat 5: skinnyboy77 showed [6h 6d] and won 3215 with Two pairs : 6 and 5


Winamax Poker - Tournament "Kill The Fish" buyIn: 1.80€ + 0.20€ level: 4 - HandId: #4587592007811072002-36-1774391950 - Holdem no limit (40/175/350) - 2026/03/24 22:39:10 UTC
Table: 'Kill The Fish(1068132000)#001' 6-max (real money) Seat #2 is the button
Seat 1: YA2ETCALL (18482, 0.90€ bounty)
Seat 2: Nataffko (78829, 2.02€ bounty)
Seat 3: MathisKcr (21415, 0.90€ bounty)
Seat 4: CheckUrBack (20824, 0.90€ bounty)
Seat 5: skinnyboy77 (23130, 0.90€ bounty)
Seat 6: HappyDonk (41819, 0.90€ bounty)
*** ANTE/BLINDS ***
MathisKcr posts ante 40
CheckUrBack posts ante 40
YA2ETCALL posts ante 40
Nataffko posts ante 40
skinnyboy77 posts ante 40
HappyDonk posts ante 40
MathisKcr posts small blind 175
CheckUrBack posts big blind 350
Dealt to MathisKcr [6s 2d]
*** PRE-FLOP *** 
skinnyboy77 folds
HappyDonk folds
YA2ETCALL folds
Nataffko raises 350 to 700
MathisKcr folds
CheckUrBack calls 350
*** FLOP *** [Ts Tc 8c]
CheckUrBack checks
Nataffko bets 908
CheckUrBack folds
Nataffko collected 2723 from pot
*** SUMMARY ***
Total pot 2723 | No rake
Board: [Ts Tc 8c]
Seat 2: Nataffko (button) won 2723


Winamax Poker - Tournament "Kill The Fish" buyIn: 1.80€ + 0.20€ level: 5 - HandId: #4587592007811072002-37-1774392025 - Holdem no limit (50/200/400) - 2026/03/24 22:40:25 UTC
Table: 'Kill The Fish(1068132000)#001' 6-max (real money) Seat #3 is the button
Seat 1: YA2ETCALL (18442, 0.90€ bounty)
Seat 2: Nataffko (79904, 2.02€ bounty)
Seat 3: MathisKcr (21200, 0.90€ bounty)
Seat 4: CheckUrBack (20084, 0.90€ bounty)
Seat 5: skinnyboy77 (23090, 0.90€ bounty)
Seat 6: HappyDonk (41779, 0.90€ bounty)
*** ANTE/BLINDS ***
CheckUrBack posts ante 50
skinnyboy77 posts ante 50
YA2ETCALL posts ante 50
Nataffko posts ante 50
MathisKcr posts ante 50
HappyDonk posts ante 50
CheckUrBack posts small blind 200
skinnyboy77 posts big blind 400
Dealt to MathisKcr [9c Tc]
*** PRE-FLOP *** 
HappyDonk folds
YA2ETCALL folds
Nataffko folds
MathisKcr raises 400 to 800
CheckUrBack folds
skinnyboy77 folds
MathisKcr collected 1700 from pot
*** SUMMARY ***
Total pot 1700 | No rake
Seat 3: MathisKcr (button) won 1700


Winamax Poker - Tournament "Kill The Fish" buyIn: 1.80€ + 0.20€ level: 5 - HandId: #4587592007811072002-38-1774392065 - Holdem no limit (50/200/400) - 2026/03/24 22:41:05 UTC
Table: 'Kill The Fish(1068132000)#001' 6-max (real money) Seat #4 is the button
Seat 1: YA2ETCALL (18392, 0.90€ bounty)
Seat 2: Nataffko (79854, 2.02€ bounty)
Seat 3: MathisKcr (22050, 0.90€ bounty)
Seat 4: CheckUrBack (19834, 0.90€ bounty)
Seat 5: skinnyboy77 (22640, 0.90€ bounty)
Seat 6: HappyDonk (41729, 0.90€ bounty)
*** ANTE/BLINDS ***
skinnyboy77 posts ante 50
HappyDonk posts ante 50
YA2ETCALL posts ante 50
Nataffko posts ante 50
MathisKcr posts ante 50
CheckUrBack posts ante 50
skinnyboy77 posts small blind 200
HappyDonk posts big blind 400
Dealt to MathisKcr [6h Kh]
*** PRE-FLOP *** 
YA2ETCALL folds
Nataffko folds
MathisKcr raises 400 to 800
CheckUrBack folds
skinnyboy77 folds
HappyDonk folds
MathisKcr collected 1700 from pot
*** SUMMARY ***
Total pot 1700 | No rake
Seat 3: MathisKcr won 1700


Winamax Poker - Tournament "Kill The Fish" buyIn: 1.80€ + 0.20€ level: 5 - HandId: #4587592007811072002-39-1774392114 - Holdem no limit (50/200/400) - 2026/03/24 22:41:54 UTC
Table: 'Kill The Fish(1068132000)#001' 6-max (real money) Seat #5 is the button
Seat 1: YA2ETCALL (18342, 0.90€ bounty)
Seat 2: Nataffko (79804, 2.02€ bounty)
Seat 3: MathisKcr (22900, 0.90€ bounty)
Seat 4: CheckUrBack (19784, 0.90€ bounty)
Seat 5: skinnyboy77 (22390, 0.90€ bounty)
Seat 6: HappyDonk (41279, 0.90€ bounty)
*** ANTE/BLINDS ***
HappyDonk posts ante 50
YA2ETCALL posts ante 50
Nataffko posts ante 50
MathisKcr posts ante 50
CheckUrBack posts ante 50
skinnyboy77 posts ante 50
HappyDonk posts small blind 200
YA2ETCALL posts big blind 400
Dealt to MathisKcr [Kc 5h]
*** PRE-FLOP *** 
Nataffko folds
MathisKcr raises 400 to 800
CheckUrBack folds
skinnyboy77 folds
HappyDonk calls 600
YA2ETCALL calls 400
*** FLOP *** [9c Th Tc]
HappyDonk checks
YA2ETCALL checks
MathisKcr checks
*** TURN *** [9c Th Tc][Qc]
HappyDonk checks
YA2ETCALL checks
MathisKcr bets 945
HappyDonk folds
YA2ETCALL folds
MathisKcr collected 3645 from pot
*** SUMMARY ***
Total pot 3645 | No rake
Board: [9c Th Tc Qc]
Seat 3: MathisKcr won 3645


Winamax Poker - Tournament "Kill The Fish" buyIn: 1.80€ + 0.20€ level: 5 - HandId: #4587592007811072002-40-1774392189 - Holdem no limit (50/200/400) - 2026/03/24 22:43:09 UTC
Table: 'Kill The Fish(1068132000)#001' 6-max (real money) Seat #6 is the button
Seat 1: YA2ETCALL (17492, 0.90€ bounty)
Seat 2: Nataffko (79754, 2.02€ bounty)
Seat 3: MathisKcr (24750, 0.90€ bounty)
Seat 4: CheckUrBack (19734, 0.90€ bounty)
Seat 5: skinnyboy77 (22340, 0.90€ bounty)
Seat 6: HappyDonk (40429, 0.90€ bounty)
*** ANTE/BLINDS ***
YA2ETCALL posts ante 50
Nataffko posts ante 50
MathisKcr posts ante 50
CheckUrBack posts ante 50
skinnyboy77 posts ante 50
HappyDonk posts ante 50
YA2ETCALL posts small blind 200
Nataffko posts big blind 400
Dealt to MathisKcr [Td 6c]
*** PRE-FLOP *** 
MathisKcr folds
CheckUrBack raises 400 to 800
skinnyboy77 folds
HappyDonk calls 800
YA2ETCALL folds
Nataffko calls 400
*** FLOP *** [8d 5c Jh]
Nataffko checks
CheckUrBack bets 957
HappyDonk folds
Nataffko calls 957
*** TURN *** [8d 5c Jh][Js]
Nataffko checks
CheckUrBack checks
*** RIVER *** [8d 5c Jh Js][8h]
Nataffko bets 3129
CheckUrBack folds
Nataffko collected 7943 from pot
*** SUMMARY ***
Total pot 7943 | No rake
Board: [8d 5c Jh Js 8h]
Seat 2: Nataffko (big blind) won 7943


Winamax Poker - Tournament "Kill The Fish" buyIn: 1.80€ + 0.20€ level: 5 - HandId: #4587592007811072002-41-1774392274 - Holdem no limit (50/200/400) - 2026/03/24 22:44:34 UTC
Table: 'Kill The Fish(1068132000)#001' 6-max (real money) Seat #1 is the button
Seat 1: YA2ETCALL (17242, 0.90€ bounty)
Seat 2: Nataffko (82761, 2.02€ bounty)
Seat 3: MathisKcr (24700, 0.90€ bounty)
Seat 4: CheckUrBack (17927, 0.90€ bounty)
Seat 5: skinnyboy77 (22290, 0.90€ bounty)
Seat 6: HappyDonk (39579, 0.90€ bounty)
*** ANTE/BLINDS ***
Nataffko posts ante 50
MathisKcr posts ante 50
YA2ETCALL posts ante 50
CheckUrBack posts ante 50
skinnyboy77 posts ante 50
HappyDonk posts ante 50
Nataffko posts small blind 200
MathisKcr posts big blind 400
Dealt to MathisKcr [6s 7c]
*** PRE-FLOP *** 
CheckUrBack folds
skinnyboy77 folds
HappyDonk folds
YA2ETCALL raises 600 to 1000
Nataffko folds
MathisKcr calls 600
*** FLOP *** [4s Td Ac]
MathisKcr bets 1625
YA2ETCALL folds
MathisKcr collected 4125 from pot
*** SUMMARY ***
Total pot 4125 | No rake
Board: [4s Td Ac]
Seat 3: MathisKcr (big blind) won 4125


Winamax Poker - Tournament "Kill The Fish" buyIn: 1.80€ + 0.20€ level: 6 - HandId: #4587592007811072002-42-1774392312 - Holdem no limit (60/250/500) - 2026/03/24 22:45:12 UTC
Table: 'Kill The Fish(1068132000)#001' 6-max (real money) Seat #2 is the button
Seat 1: YA2ETCALL (16192, 0.90€ bounty)
Seat 2: Nataffko (82511, 2.02€ bounty)
Seat 3: MathisKcr (26150, 0.90€ bounty)
Seat 4: CheckUrBack (17877, 0.90€ bounty)
Seat 5: skinnyboy77 (22240, 0.90€ bounty)
Seat 6: HappyDonk (39529, 0.90€ bounty)
*** ANTE/BLINDS ***
MathisKcr posts ante 60
CheckUrBack posts ante 60
YA2ETCALL posts ante 60
Nataffko posts ante 60
skinnyboy77 posts ante 60
HappyDonk posts ante 60
MathisKcr posts small blind 250
CheckUrBack posts big blind 500
Dealt to MathisKcr [6c Ad]
*** PRE-FLOP *** 
skinnyboy77 folds
HappyDonk folds
YA2ETCALL folds
Nataffko folds
MathisKcr raises 500 to 1000
CheckUrBack raises 2500 to 3500
MathisKcr calls 2500
*** FLOP *** [Tc Qc Jd]
MathisKcr bets 2576
CheckUrBack calls 2576
*** TURN *** [Tc Qc Jd][2h]
MathisKcr checks
CheckUrBack bets 2502
MathisKcr calls 2502
*** RIVER *** [Tc Qc Jd 2h][Ks]
MathisKcr checks
CheckUrBack bets 9239 and is all-in
MathisKcr calls 9239
*** SHOW DOWN ***
MathisKcr shows [6c Ad] (Straight Ace high)
CheckUrBack shows [As Kd] (Straight Ace high)
CheckUrBack collected 17997 from pot
MathisKcr collected 17997 from pot
*** SUMMARY ***
Total pot 35994 | No rake
Board: [Tc Qc Jd 2h Ks]
Seat 3: MathisKcr (small blind) showed [6c Ad] and won 17997 with Straight Ace high
Seat 4: CheckUrBack (big blind) showed [As Kd] and won 17997 with Straight Ace high


Winamax Poker - Tournament "Kill The Fish" buyIn: 1.80€ + 0.20€ level: 6 - HandId: #4587592007811072002-43-1774392393 - Holdem no limit (60/250/500) - 2026/03/24 22:46:33 UTC
Table: 'Kill The Fish(1068132000)#001' 6-max (real money) Seat #3 is the button
Seat 1: YA2ETCALL (16132, 0.90€ bounty)
Seat 2: Nataffko (82451, 2.02€ bounty)
Seat 3: MathisKcr (26270, 0.90€ bounty)
Seat 4: CheckUrBack (17997, 0.90€ bounty)
Seat 5: skinnyboy77 (22180, 0.90€ bounty)
Seat 6: HappyDonk (39469, 0.90€ bounty)
*** ANTE/BLINDS ***
CheckUrBack posts ante 60
skinnyboy77 posts ante 60
YA2ETCALL posts ante 60
Nataffko posts ante 60
MathisKcr posts ante 60
HappyDonk posts ante 60
CheckUrBack posts small blind 250
skinnyboy77 posts big blind 500
Dealt to MathisKcr [Tc 8c]
*** PRE-FLOP *** 
HappyDonk folds
YA2ETCALL folds
Nataffko raises 500 to 1000
MathisKcr calls 1000
CheckUrBack calls 750
skinnyboy77 calls 500
*** FLOP *** [2c Jd Td]
CheckUrBack checks
skinnyboy77 checks
Nataffko checks
MathisKcr bets 1526
CheckUrBack calls 1526
skinnyboy77 calls 1526
Nataffko calls 1526
*** TURN *** [2c Jd Td][5s]
CheckUrBack checks
skinnyboy77 checks
Nataffko checks
MathisKcr checks
*** RIVER *** [2c Jd Td 5s][Ah]
CheckUrBack bets 8371
skinnyboy77 folds
Nataffko folds
MathisKcr folds
CheckUrBack collected 18835 from pot
*** SUMMARY ***
Total pot 18835 | No rake
Board: [2c Jd Td 5s Ah]
Seat 4: CheckUrBack (small blind) won 18835


Winamax Poker - Tournament "Kill The Fish" buyIn: 1.80€ + 0.20€ level: 6 - HandId: #4587592007811072002-44-1774392569 - Holdem no limit (60/250/500) - 2026/03/24 22:49:29 UTC
Table: 'Kill The Fish(1068132000)#001' 6-max (real money) Seat #4 is the button
Seat 1: YA2ETCALL (16072, 0.90€ bounty)
Seat 2: Nataffko (79865, 2.02€ bounty)
Seat 3: MathisKcr (23684, 0.90€ bounty)
Seat 4: CheckUrBack (25875, 0.90€ bounty)
Seat 5: skinnyboy77 (19594, 0.90€ bounty)
Seat 6: HappyDonk (39409, 0.90€ bounty)
*** ANTE/BLINDS ***
skinnyboy77 posts ante 60
HappyDonk posts ante 60
YA2ETCALL posts ante 60
Nataffko posts ante 60
MathisKcr posts ante 60
CheckUrBack posts ante 60
skinnyboy77 posts small blind 250
HappyDonk posts big blind 500
Dealt to MathisKcr [Qs 4d]
*** PRE-FLOP *** 
YA2ETCALL folds
Nataffko raises 500 to 1000
MathisKcr folds
CheckUrBack folds
skinnyboy77 folds
HappyDonk folds
Nataffko collected 2110 from pot
*** SUMMARY ***
Total pot 2110 | No rake
Seat 2: Nataffko won 2110


Winamax Poker - Tournament "Kill The Fish" buyIn: 1.80€ + 0.20€ level: 6 - HandId: #4587592007811072002-45-1774392599 - Holdem no limit (60/250/500) - 2026/03/24 22:49:59 UTC
Table: 'Kill The Fish(1068132000)#001' 6-max (real money) Seat #5 is the button
Seat 1: YA2ETCALL (16012, 0.90€ bounty)
Seat 2: Nataffko (80915, 2.02€ bounty)
Seat 3: MathisKcr (23624, 0.90€ bounty)
Seat 4: CheckUrBack (25815, 0.90€ bounty)
Seat 5: skinnyboy77 (19284, 0.90€ bounty)
Seat 6: HappyDonk (38849, 0.90€ bounty)
*** ANTE/BLINDS ***
HappyDonk posts ante 60
YA2ETCALL posts ante 60
Nataffko posts ante 60
MathisKcr posts ante 60
CheckUrBack posts ante 60
skinnyboy77 posts ante 60
HappyDonk posts small blind 250
YA2ETCALL posts big blind 500
Dealt to MathisKcr [Qs 9d]
*** PRE-FLOP *** 
Nataffko folds
MathisKcr raises 500 to 1000
CheckUrBack folds
skinnyboy77 folds
HappyDonk folds
YA2ETCALL folds
MathisKcr collected 2110 from pot
*** SUMMARY ***
Total pot 2110 | No rake
Seat 3: MathisKcr won 2110


Winamax Poker - Tournament "Kill The Fish" buyIn: 1.80€ + 0.20€ level: 7 - HandId: #4587592007811072002-46-1774392629 - Holdem no limit (70/300/600) - 2026/03/24 22:50:29 UTC
Table: 'Kill The Fish(1068132000)#001' 6-max (real money) Seat #6 is the button
Seat 1: YA2ETCALL (15452, 0.90€ bounty)
Seat 2: Nataffko (80855, 2.02€ bounty)
Seat 3: MathisKcr (24674, 0.90€ bounty)
Seat 4: CheckUrBack (25755, 0.90€ bounty)
Seat 5: skinnyboy77 (19224, 0.90€ bounty)
Seat 6: HappyDonk (38539, 0.90€ bounty)
*** ANTE/BLINDS ***
YA2ETCALL posts ante 70
Nataffko posts ante 70
MathisKcr posts ante 70
CheckUrBack posts ante 70
skinnyboy77 posts ante 70
HappyDonk posts ante 70
YA2ETCALL posts small blind 300
Nataffko posts big blind 600
Dealt to MathisKcr [3s 7c]
*** PRE-FLOP *** 
MathisKcr folds
CheckUrBack folds
skinnyboy77 folds
HappyDonk raises 600 to 1200
YA2ETCALL folds
Nataffko calls 600
*** FLOP *** [4d Qc Tc]
Nataffko bets 600
HappyDonk raises 3336 to 3936
Nataffko calls 3336
*** TURN *** [4d Qc Tc][2h]
Nataffko bets 8794
HappyDonk raises 24539 to 33333 and is all-in
Nataffko calls 24539
*** RIVER *** [4d Qc Tc 2h][5h]
*** SHOW DOWN ***
HappyDonk shows [Ks Kc] (One pair : Kings)
Nataffko shows [Qs 2c] (Two pairs : Queens and 2)
Nataffko collected 77658 from pot
*** SUMMARY ***
Total pot 77658 | No rake
Board: [4d Qc Tc 2h 5h]
Seat 2: Nataffko (big blind) showed [Qs 2c] and won 77658 with Two pairs : Queens and 2
Seat 6: HappyDonk (button) showed [Ks Kc] and lost with One pair : Kings


Winamax Poker - Tournament "Kill The Fish" buyIn: 1.80€ + 0.20€ level: 7 - HandId: #4587592007811072002-47-1774392731 - Holdem no limit (70/300/600) - 2026/03/24 22:52:11 UTC
Table: 'Kill The Fish(1068132000)#001' 6-max (real money) Seat #1 is the button
Seat 1: YA2ETCALL (15082, 0.90€ bounty)
Seat 2: Nataffko (119974, 2.47€ bounty)
Seat 3: MathisKcr (24604, 0.90€ bounty)
Seat 4: CheckUrBack (25685, 0.90€ bounty)
Seat 5: skinnyboy77 (19154, 0.90€ bounty)
*** ANTE/BLINDS ***
Nataffko posts ante 70
MathisKcr posts ante 70
YA2ETCALL posts ante 70
CheckUrBack posts ante 70
skinnyboy77 posts ante 70
Nataffko posts small blind 300
MathisKcr posts big blind 600
Dealt to MathisKcr [4c Js]
*** PRE-FLOP *** 
CheckUrBack folds
skinnyboy77 folds
YA2ETCALL folds
Nataffko raises 1500 to 2100
MathisKcr folds
Nataffko collected 3050 from pot
*** SUMMARY ***
Total pot 3050 | No rake
Seat 2: Nataffko (small blind) won 3050


Winamax Poker - Tournament "Kill The Fish" buyIn: 1.80€ + 0.20€ level: 7 - HandId: #4587592007811072002-48-1774392786 - Holdem no limit (70/300/600) - 2026/03/24 22:53:06 UTC
Table: 'Kill The Fish(1068132000)#001' 6-max (real money) Seat #2 is the button
Seat 1: YA2ETCALL (15012, 0.90€ bounty)
Seat 2: Nataffko (120854, 2.47€ bounty)
Seat 3: MathisKcr (23934, 0.90€ bounty)
Seat 4: CheckUrBack (25615, 0.90€ bounty)
Seat 5: skinnyboy77 (19084, 0.90€ bounty)
*** ANTE/BLINDS ***
MathisKcr posts ante 70
CheckUrBack posts ante 70
YA2ETCALL posts ante 70
Nataffko posts ante 70
skinnyboy77 posts ante 70
MathisKcr posts small blind 300
CheckUrBack posts big blind 600
Dealt to MathisKcr [Qh Js]
*** PRE-FLOP *** 
skinnyboy77 folds
YA2ETCALL folds
Nataffko raises 600 to 1200
MathisKcr calls 900
CheckUrBack calls 600
*** FLOP *** [4c 7s Kh]
MathisKcr bets 1383
CheckUrBack folds
Nataffko folds
MathisKcr collected 5333 from pot
*** SUMMARY ***
Total pot 5333 | No rake
Board: [4c 7s Kh]
Seat 3: MathisKcr (small blind) won 5333


Winamax Poker - Tournament "Kill The Fish" buyIn: 1.80€ + 0.20€ level: 7 - HandId: #4587592007811072002-49-1774392843 - Holdem no limit (70/300/600) - 2026/03/24 22:54:03 UTC
Table: 'Kill The Fish(1068132000)#001' 6-max (real money) Seat #3 is the button
Seat 1: YA2ETCALL (14942, 0.90€ bounty)
Seat 2: Nataffko (119584, 2.47€ bounty)
Seat 3: MathisKcr (26614, 0.90€ bounty)
Seat 4: CheckUrBack (24345, 0.90€ bounty)
Seat 5: skinnyboy77 (19014, 0.90€ bounty)
Seat 6: 36thchamber (20000, 0.90€ bounty)
*** ANTE/BLINDS ***
CheckUrBack posts ante 70
skinnyboy77 posts ante 70
YA2ETCALL posts ante 70
Nataffko posts ante 70
MathisKcr posts ante 70
36thchamber posts ante 70
CheckUrBack posts small blind 300
skinnyboy77 posts big blind 600
Dealt to MathisKcr [7d 3d]
*** PRE-FLOP *** 
36thchamber folds
YA2ETCALL raises 600 to 1200
Nataffko folds
MathisKcr folds
CheckUrBack folds
skinnyboy77 folds
YA2ETCALL collected 2520 from pot
*** SUMMARY ***
Total pot 2520 | No rake
Seat 1: YA2ETCALL won 2520


Winamax Poker - Tournament "Kill The Fish" buyIn: 1.80€ + 0.20€ level: 7 - HandId: #4587592007811072002-50-1774392862 - Holdem no limit (70/300/600) - 2026/03/24 22:54:22 UTC
Table: 'Kill The Fish(1068132000)#001' 6-max (real money) Seat #4 is the button
Seat 1: YA2ETCALL (16192, 0.90€ bounty)
Seat 2: Nataffko (119514, 2.47€ bounty)
Seat 3: MathisKcr (26544, 0.90€ bounty)
Seat 4: CheckUrBack (23975, 0.90€ bounty)
Seat 5: skinnyboy77 (18344, 0.90€ bounty)
Seat 6: 36thchamber (19930, 0.90€ bounty)
*** ANTE/BLINDS ***
skinnyboy77 posts ante 70
36thchamber posts ante 70
YA2ETCALL posts ante 70
Nataffko posts ante 70
MathisKcr posts ante 70
CheckUrBack posts ante 70
skinnyboy77 posts small blind 300
36thchamber posts big blind 600
Dealt to MathisKcr [8c Kc]
*** PRE-FLOP *** 
YA2ETCALL folds
Nataffko raises 600 to 1200
MathisKcr calls 1200
CheckUrBack folds
skinnyboy77 folds
36thchamber folds
*** FLOP *** [5h 9h Ks]
Nataffko bets 1302
MathisKcr calls 1302
*** TURN *** [5h 9h Ks][3d]
Nataffko bets 6324
MathisKcr calls 6324
*** RIVER *** [5h 9h Ks 3d][6h]
Nataffko bets 18972
MathisKcr calls 17648 and is all-in
*** SHOW DOWN ***
MathisKcr shows [8c Kc] (One pair : Kings)
Nataffko shows [Kh 9c] (Two pairs : Kings and 9)
Nataffko collected 55592 from pot
*** SUMMARY ***
Total pot 55592 | No rake
Board: [5h 9h Ks 3d 6h]
Seat 2: Nataffko showed [Kh 9c] and won 55592 with Two pairs : Kings and 9
Seat 3: MathisKcr showed [8c Kc] and lost with One pair : Kings


