Winamax Poker - Tournament "Expresso Nitro" buyIn: 0.93€ + 0.07€ level: 1 - HandId: #4666791213339246593-1-1774722096 - Holdem no limit (10/20) - 2026/03/28 18:21:36 UTC
Table: 'Expresso Nitro(1086572002)#0' 3-max (real money) Seat #1 is the button
Seat 1: kool-chienne (300)
Seat 2: laboulangere (300)
Seat 3: MathisKcr (300)
*** ANTE/BLINDS ***
laboulangere posts small blind 10
MathisKcr posts big blind 20
Dealt to MathisKcr [Qd 9h]
*** PRE-FLOP *** 
kool-chienne folds
laboulangere raises 280 to 300 and is all-in
MathisKcr folds
laboulangere collected 320 from pot
*** SUMMARY ***
Total pot 320 | No rake
Seat 2: laboulangere (small blind) won 320


Winamax Poker - Tournament "Expresso Nitro" buyIn: 0.93€ + 0.07€ level: 1 - HandId: #4666791213339246593-2-1774722106 - Holdem no limit (10/20) - 2026/03/28 18:21:46 UTC
Table: 'Expresso Nitro(1086572002)#0' 3-max (real money) Seat #2 is the button
Seat 1: kool-chienne (300)
Seat 2: laboulangere (320)
Seat 3: MathisKcr (280)
*** ANTE/BLINDS ***
MathisKcr posts small blind 10
kool-chienne posts big blind 20
Dealt to MathisKcr [Jh 3d]
*** PRE-FLOP *** 
laboulangere raises 300 to 320 and is all-in
MathisKcr folds
kool-chienne folds
laboulangere collected 350 from pot
*** SUMMARY ***
Total pot 350 | No rake
Seat 2: laboulangere (button) won 350


Winamax Poker - Tournament "Expresso Nitro" buyIn: 0.93€ + 0.07€ level: 1 - HandId: #4666791213339246593-3-1774722113 - Holdem no limit (10/20) - 2026/03/28 18:21:53 UTC
Table: 'Expresso Nitro(1086572002)#0' 3-max (real money) Seat #3 is the button
Seat 1: kool-chienne (280)
Seat 2: laboulangere (350)
Seat 3: MathisKcr (270)
*** ANTE/BLINDS ***
kool-chienne posts small blind 10
laboulangere posts big blind 20
Dealt to MathisKcr [9c 8s]
*** PRE-FLOP *** 
MathisKcr folds
kool-chienne raises 40 to 60
laboulangere raises 290 to 350 and is all-in
kool-chienne calls 220 and is all-in
*** FLOP *** [2s 2d 9s]
*** TURN *** [2s 2d 9s][8d]
*** RIVER *** [2s 2d 9s 8d][Jh]
*** SHOW DOWN ***
kool-chienne shows [Ac Kd] (One pair : 2)
laboulangere shows [6c As] (One pair : 2)
laboulangere collected 70 from side pot 1
kool-chienne collected 560 from main pot
*** SUMMARY ***
Total pot 630 | No rake
Board: [2s 2d 9s 8d Jh]
Seat 1: kool-chienne (small blind) showed [Ac Kd] and won 560 with One pair : 2
Seat 2: laboulangere (big blind) showed [6c As] and won 70 with One pair : 2


Winamax Poker - Tournament "Expresso Nitro" buyIn: 0.93€ + 0.07€ level: 1 - HandId: #4666791213339246593-4-1774722133 - Holdem no limit (10/20) - 2026/03/28 18:22:13 UTC
Table: 'Expresso Nitro(1086572002)#0' 3-max (real money) Seat #1 is the button
Seat 1: kool-chienne (560)
Seat 2: laboulangere (70)
Seat 3: MathisKcr (270)
*** ANTE/BLINDS ***
laboulangere posts small blind 10
MathisKcr posts big blind 20
Dealt to MathisKcr [Qc 4s]
*** PRE-FLOP *** 
kool-chienne raises 30 to 50
laboulangere raises 20 to 70 and is all-in
MathisKcr folds
kool-chienne calls 20
*** FLOP *** [7c 5c Ts]
*** TURN *** [7c 5c Ts][7s]
*** RIVER *** [7c 5c Ts 7s][As]
*** SHOW DOWN ***
kool-chienne shows [3d 2d] (One pair : 7)
laboulangere shows [Ad 3s] (Two pairs : Aces and 7)
laboulangere collected 160 from pot
*** SUMMARY ***
Total pot 160 | No rake
Board: [7c 5c Ts 7s As]
Seat 1: kool-chienne (button) showed [3d 2d] and lost with One pair : 7
Seat 2: laboulangere (small blind) showed [Ad 3s] and won 160 with Two pairs : Aces and 7


Winamax Poker - Tournament "Expresso Nitro" buyIn: 0.93€ + 0.07€ level: 1 - HandId: #4666791213339246593-5-1774722152 - Holdem no limit (10/20) - 2026/03/28 18:22:32 UTC
Table: 'Expresso Nitro(1086572002)#0' 3-max (real money) Seat #2 is the button
Seat 1: kool-chienne (490)
Seat 2: laboulangere (160)
Seat 3: MathisKcr (250)
*** ANTE/BLINDS ***
MathisKcr posts small blind 10
kool-chienne posts big blind 20
Dealt to MathisKcr [Kc 7d]
*** PRE-FLOP *** 
laboulangere folds
MathisKcr raises 230 to 250 and is all-in
kool-chienne raises 240 to 490 and is all-in
*** FLOP *** [4d 2d 4h]
*** TURN *** [4d 2d 4h][Tc]
*** RIVER *** [4d 2d 4h Tc][Th]
*** SHOW DOWN ***
MathisKcr shows [Kc 7d] (Two pairs : Tens and 4)
kool-chienne shows [Js As] (Two pairs : Tens and 4)
kool-chienne collected 740 from pot
*** SUMMARY ***
Total pot 740 | No rake
Board: [4d 2d 4h Tc Th]
Seat 1: kool-chienne (big blind) showed [Js As] and won 740 with Two pairs : Tens and 4
Seat 3: MathisKcr (small blind) showed [Kc 7d] and lost with Two pairs : Tens and 4


