Winamax Poker - Tournament "Expresso Nitro" buyIn: 0.93€ + 0.07€ level: 1 - HandId: #4668799445557575681-1-1774805816 - Holdem no limit (10/20) - 2026/03/29 17:36:56 UTC
Table: 'Expresso Nitro(1087039580)#0' 3-max (real money) Seat #1 is the button
Seat 1: MathisKcr (300)
Seat 2: Php333 (300)
Seat 3: CE_GOAT31449 (300)
*** ANTE/BLINDS ***
Php333 posts small blind 10
CE_GOAT31449 posts big blind 20
Dealt to MathisKcr [4c 4d]
*** PRE-FLOP *** 
MathisKcr raises 280 to 300 and is all-in
Php333 folds
CE_GOAT31449 calls 280 and is all-in
*** FLOP *** [As Qs 2h]
*** TURN *** [As Qs 2h][5s]
*** RIVER *** [As Qs 2h 5s][Kc]
*** SHOW DOWN ***
MathisKcr shows [4c 4d] (One pair : 4)
CE_GOAT31449 shows [Ac Qd] (Two pairs : Aces and Queens)
CE_GOAT31449 collected 610 from pot
*** SUMMARY ***
Total pot 610 | No rake
Board: [As Qs 2h 5s Kc]
Seat 1: MathisKcr (button) showed [4c 4d] and lost with One pair : 4
Seat 3: CE_GOAT31449 (big blind) showed [Ac Qd] and won 610 with Two pairs : Aces and Queens


