Winamax Poker - Tournament "Expresso Nitro" buyIn: 0.93€ + 0.07€ level: 1 - HandId: #4677136921971916801-1-1775123671 - Holdem no limit (10/20) - 2026/04/02 09:54:31 UTC
Table: 'Expresso Nitro(1088980800)#0' 3-max (real money) Seat #2 is the button
Seat 1: MathisKcr (300)
Seat 2: Fred51100 (300)
Seat 3: okay78516455 (300)
*** ANTE/BLINDS ***
okay78516455 posts small blind 10
MathisKcr posts big blind 20
Dealt to MathisKcr [3s Ad]
*** PRE-FLOP *** 
Fred51100 calls 20
okay78516455 calls 10
MathisKcr raises 280 to 300 and is all-in
Fred51100 folds
okay78516455 folds
MathisKcr collected 340 from pot
*** SUMMARY ***
Total pot 340 | No rake
Seat 1: MathisKcr (big blind) won 340


Winamax Poker - Tournament "Expresso Nitro" buyIn: 0.93€ + 0.07€ level: 1 - HandId: #4677136921971916801-2-1775123704 - Holdem no limit (10/20) - 2026/04/02 09:55:04 UTC
Table: 'Expresso Nitro(1088980800)#0' 3-max (real money) Seat #3 is the button
Seat 1: MathisKcr (340)
Seat 2: Fred51100 (280)
Seat 3: okay78516455 (280)
*** ANTE/BLINDS ***
MathisKcr posts small blind 10
Fred51100 posts big blind 20
Dealt to MathisKcr [7c 4c]
*** PRE-FLOP *** 
okay78516455 folds
MathisKcr folds
Fred51100 collected 30 from pot
*** SUMMARY ***
Total pot 30 | No rake
Seat 2: Fred51100 (big blind) won 30


Winamax Poker - Tournament "Expresso Nitro" buyIn: 0.93€ + 0.07€ level: 1 - HandId: #4677136921971916801-3-1775123719 - Holdem no limit (10/20) - 2026/04/02 09:55:19 UTC
Table: 'Expresso Nitro(1088980800)#0' 3-max (real money) Seat #1 is the button
Seat 1: MathisKcr (330)
Seat 2: Fred51100 (290)
Seat 3: okay78516455 (280)
*** ANTE/BLINDS ***
Fred51100 posts small blind 10
okay78516455 posts big blind 20
Dealt to MathisKcr [Jh Ah]
*** PRE-FLOP *** 
MathisKcr raises 20 to 40
Fred51100 calls 30
okay78516455 calls 20
*** FLOP *** [Js 7d 3s]
Fred51100 checks
okay78516455 checks
MathisKcr bets 42
Fred51100 folds
okay78516455 calls 42
*** TURN *** [Js 7d 3s][Jd]
okay78516455 checks
MathisKcr bets 102
okay78516455 folds
MathisKcr collected 306 from pot
*** SUMMARY ***
Total pot 306 | No rake
Board: [Js 7d 3s Jd]
Seat 1: MathisKcr (button) won 306


Winamax Poker - Tournament "Expresso Nitro" buyIn: 0.93€ + 0.07€ level: 3 - HandId: #4677136921971916801-4-1775123801 - Holdem no limit (20/40) - 2026/04/02 09:56:41 UTC
Table: 'Expresso Nitro(1088980800)#0' 3-max (real money) Seat #2 is the button
Seat 1: MathisKcr (452)
Seat 2: Fred51100 (250)
Seat 3: okay78516455 (198)
*** ANTE/BLINDS ***
okay78516455 posts small blind 20
MathisKcr posts big blind 40
Dealt to MathisKcr [Qh Js]
*** PRE-FLOP *** 
Fred51100 folds
okay78516455 raises 158 to 198 and is all-in
MathisKcr calls 158
*** FLOP *** [Kd 3s 4s]
*** TURN *** [Kd 3s 4s][Kh]
*** RIVER *** [Kd 3s 4s Kh][2h]
*** SHOW DOWN ***
okay78516455 shows [9h 8h] (One pair : Kings)
MathisKcr shows [Qh Js] (One pair : Kings)
MathisKcr collected 396 from pot
*** SUMMARY ***
Total pot 396 | No rake
Board: [Kd 3s 4s Kh 2h]
Seat 1: MathisKcr (big blind) showed [Qh Js] and won 396 with One pair : Kings
Seat 3: okay78516455 (small blind) showed [9h 8h] and lost with One pair : Kings


Winamax Poker - Tournament "Expresso Nitro" buyIn: 0.93€ + 0.07€ level: 3 - HandId: #4677136921971916801-5-1775123817 - Holdem no limit (20/40) - 2026/04/02 09:56:57 UTC
Table: 'Expresso Nitro(1088980800)#0' 3-max (real money) Seat #1 is the button
Seat 1: MathisKcr (650)
Seat 2: Fred51100 (250)
*** ANTE/BLINDS ***
MathisKcr posts small blind 20
Fred51100 posts big blind 40
Dealt to MathisKcr [Th Kc]
*** PRE-FLOP *** 
MathisKcr raises 610 to 650 and is all-in
Fred51100 folds
MathisKcr collected 690 from pot
*** SUMMARY ***
Total pot 690 | No rake
Seat 1: MathisKcr (small blind) (button) won 690


Winamax Poker - Tournament "Expresso Nitro" buyIn: 0.93€ + 0.07€ level: 3 - HandId: #4677136921971916801-6-1775123835 - Holdem no limit (20/40) - 2026/04/02 09:57:15 UTC
Table: 'Expresso Nitro(1088980800)#0' 3-max (real money) Seat #2 is the button
Seat 1: MathisKcr (690)
Seat 2: Fred51100 (210)
*** ANTE/BLINDS ***
Fred51100 posts small blind 20
MathisKcr posts big blind 40
Dealt to MathisKcr [4c 7h]
*** PRE-FLOP *** 
Fred51100 calls 20
MathisKcr checks
*** FLOP *** [4s Td Jd]
MathisKcr checks
Fred51100 bets 52
MathisKcr calls 52
*** TURN *** [4s Td Jd][3c]
MathisKcr checks
Fred51100 bets 118 and is all-in
MathisKcr calls 118
*** RIVER *** [4s Td Jd 3c][8c]
*** SHOW DOWN ***
MathisKcr shows [4c 7h] (One pair : 4)
Fred51100 shows [6d Jc] (One pair : Jacks)
Fred51100 collected 420 from pot
*** SUMMARY ***
Total pot 420 | No rake
Board: [4s Td Jd 3c 8c]
Seat 1: MathisKcr (big blind) showed [4c 7h] and lost with One pair : 4
Seat 2: Fred51100 (small blind) (button) showed [6d Jc] and won 420 with One pair : Jacks


Winamax Poker - Tournament "Expresso Nitro" buyIn: 0.93€ + 0.07€ level: 4 - HandId: #4677136921971916801-7-1775123866 - Holdem no limit (30/60) - 2026/04/02 09:57:46 UTC
Table: 'Expresso Nitro(1088980800)#0' 3-max (real money) Seat #1 is the button
Seat 1: MathisKcr (480)
Seat 2: Fred51100 (420)
*** ANTE/BLINDS ***
MathisKcr posts small blind 30
Fred51100 posts big blind 60
Dealt to MathisKcr [7c 9h]
*** PRE-FLOP *** 
MathisKcr folds
Fred51100 collected 90 from pot
*** SUMMARY ***
Total pot 90 | No rake
Seat 2: Fred51100 (big blind) won 90


Winamax Poker - Tournament "Expresso Nitro" buyIn: 0.93€ + 0.07€ level: 4 - HandId: #4677136921971916801-8-1775123871 - Holdem no limit (30/60) - 2026/04/02 09:57:51 UTC
Table: 'Expresso Nitro(1088980800)#0' 3-max (real money) Seat #2 is the button
Seat 1: MathisKcr (450)
Seat 2: Fred51100 (450)
*** ANTE/BLINDS ***
Fred51100 posts small blind 30
MathisKcr posts big blind 60
Dealt to MathisKcr [Qc 2h]
*** PRE-FLOP *** 
Fred51100 calls 30
MathisKcr checks
*** FLOP *** [Qd Jh Kc]
MathisKcr bets 78
Fred51100 raises 312 to 390 and is all-in
MathisKcr calls 312 and is all-in
*** TURN *** [Qd Jh Kc][5s]
*** RIVER *** [Qd Jh Kc 5s][Ac]
*** SHOW DOWN ***
MathisKcr shows [Qc 2h] (One pair : Queens)
Fred51100 shows [Ah Ad] (Trips of Aces)
Fred51100 collected 900 from pot
*** SUMMARY ***
Total pot 900 | No rake
Board: [Qd Jh Kc 5s Ac]
Seat 1: MathisKcr (big blind) showed [Qc 2h] and lost with One pair : Queens
Seat 2: Fred51100 (small blind) (button) showed [Ah Ad] and won 900 with Trips of Aces


