Winamax Poker - Tournament "Expresso Nitro" buyIn: 0.93€ + 0.07€ level: 1 - HandId: #4672323895720673281-1-1774945855 - Holdem no limit (10/20) - 2026/03/31 08:30:55 UTC
Table: 'Expresso Nitro(1087860180)#0' 3-max (real money) Seat #3 is the button
Seat 1: LOIC-King014 (300)
Seat 2: Bonyk_OLD (300)
Seat 3: MathisKcr (300)
*** ANTE/BLINDS ***
LOIC-King014 posts small blind 10
Bonyk_OLD posts big blind 20
Dealt to MathisKcr [7c 5d]
*** PRE-FLOP *** 
MathisKcr folds
LOIC-King014 calls 10
Bonyk_OLD raises 20 to 40
LOIC-King014 calls 20
*** FLOP *** [Td Js 3h]
LOIC-King014 checks
Bonyk_OLD bets 20
LOIC-King014 calls 20
*** TURN *** [Td Js 3h][5s]
LOIC-King014 checks
Bonyk_OLD bets 30
LOIC-King014 calls 30
*** RIVER *** [Td Js 3h 5s][4h]
LOIC-King014 checks
Bonyk_OLD bets 45
LOIC-King014 calls 45
*** SHOW DOWN ***
LOIC-King014 shows [4s 6s] (One pair : 4)
Bonyk_OLD shows [Qc Qh] (One pair : Queens)
Bonyk_OLD collected 270 from pot
*** SUMMARY ***
Total pot 270 | No rake
Board: [Td Js 3h 5s 4h]
Seat 1: LOIC-King014 (small blind) showed [4s 6s] and lost with One pair : 4
Seat 2: Bonyk_OLD (big blind) showed [Qc Qh] and won 270 with One pair : Queens


Winamax Poker - Tournament "Expresso Nitro" buyIn: 0.93€ + 0.07€ level: 1 - HandId: #4672323895720673281-2-1774945894 - Holdem no limit (10/20) - 2026/03/31 08:31:34 UTC
Table: 'Expresso Nitro(1087860180)#0' 3-max (real money) Seat #1 is the button
Seat 1: LOIC-King014 (165)
Seat 2: Bonyk_OLD (435)
Seat 3: MathisKcr (300)
*** ANTE/BLINDS ***
Bonyk_OLD posts small blind 10
MathisKcr posts big blind 20
Dealt to MathisKcr [Ks Qh]
*** PRE-FLOP *** 
LOIC-King014 calls 20
Bonyk_OLD folds
MathisKcr raises 280 to 300 and is all-in
LOIC-King014 calls 145 and is all-in
*** FLOP *** [Qc Qs Ah]
*** TURN *** [Qc Qs Ah][Ad]
*** RIVER *** [Qc Qs Ah Ad][4h]
*** SHOW DOWN ***
LOIC-King014 shows [4d 2h] (Two pairs : Aces and Queens)
MathisKcr shows [Ks Qh] (Full of Queens and Aces)
MathisKcr collected 475 from pot
*** SUMMARY ***
Total pot 475 | No rake
Board: [Qc Qs Ah Ad 4h]
Seat 1: LOIC-King014 (button) showed [4d 2h] and lost with Two pairs : Aces and Queens
Seat 3: MathisKcr (big blind) showed [Ks Qh] and won 475 with Full of Queens and Aces


Winamax Poker - Tournament "Expresso Nitro" buyIn: 0.93€ + 0.07€ level: 2 - HandId: #4672323895720673281-3-1774945913 - Holdem no limit (15/30) - 2026/03/31 08:31:53 UTC
Table: 'Expresso Nitro(1087860180)#0' 3-max (real money) Seat #3 is the button
Seat 2: Bonyk_OLD (425)
Seat 3: MathisKcr (475)
*** ANTE/BLINDS ***
MathisKcr posts small blind 15
Bonyk_OLD posts big blind 30
Dealt to MathisKcr [2h 7c]
*** PRE-FLOP *** 
MathisKcr folds
Bonyk_OLD collected 45 from pot
*** SUMMARY ***
Total pot 45 | No rake
Seat 2: Bonyk_OLD (big blind) won 45


Winamax Poker - Tournament "Expresso Nitro" buyIn: 0.93€ + 0.07€ level: 2 - HandId: #4672323895720673281-4-1774945921 - Holdem no limit (15/30) - 2026/03/31 08:32:01 UTC
Table: 'Expresso Nitro(1087860180)#0' 3-max (real money) Seat #2 is the button
Seat 2: Bonyk_OLD (440)
Seat 3: MathisKcr (460)
*** ANTE/BLINDS ***
Bonyk_OLD posts small blind 15
MathisKcr posts big blind 30
Dealt to MathisKcr [5h Qs]
*** PRE-FLOP *** 
Bonyk_OLD raises 410 to 440 and is all-in
MathisKcr folds
Bonyk_OLD collected 470 from pot
*** SUMMARY ***
Total pot 470 | No rake
Seat 2: Bonyk_OLD (small blind) (button) won 470


Winamax Poker - Tournament "Expresso Nitro" buyIn: 0.93€ + 0.07€ level: 2 - HandId: #4672323895720673281-5-1774945932 - Holdem no limit (15/30) - 2026/03/31 08:32:12 UTC
Table: 'Expresso Nitro(1087860180)#0' 3-max (real money) Seat #3 is the button
Seat 2: Bonyk_OLD (470)
Seat 3: MathisKcr (430)
*** ANTE/BLINDS ***
MathisKcr posts small blind 15
Bonyk_OLD posts big blind 30
Dealt to MathisKcr [Qc 4d]
*** PRE-FLOP *** 
MathisKcr raises 400 to 430 and is all-in
Bonyk_OLD folds
MathisKcr collected 460 from pot
*** SUMMARY ***
Total pot 460 | No rake
Seat 3: MathisKcr (small blind) (button) won 460


Winamax Poker - Tournament "Expresso Nitro" buyIn: 0.93€ + 0.07€ level: 2 - HandId: #4672323895720673281-6-1774945940 - Holdem no limit (15/30) - 2026/03/31 08:32:20 UTC
Table: 'Expresso Nitro(1087860180)#0' 3-max (real money) Seat #2 is the button
Seat 2: Bonyk_OLD (440)
Seat 3: MathisKcr (460)
*** ANTE/BLINDS ***
Bonyk_OLD posts small blind 15
MathisKcr posts big blind 30
Dealt to MathisKcr [2d Ah]
*** PRE-FLOP *** 
Bonyk_OLD raises 30 to 60
MathisKcr raises 400 to 460 and is all-in
Bonyk_OLD folds
MathisKcr collected 520 from pot
*** SUMMARY ***
Total pot 520 | No rake
Seat 3: MathisKcr (big blind) won 520


Winamax Poker - Tournament "Expresso Nitro" buyIn: 0.93€ + 0.07€ level: 2 - HandId: #4672323895720673281-7-1774945949 - Holdem no limit (15/30) - 2026/03/31 08:32:29 UTC
Table: 'Expresso Nitro(1087860180)#0' 3-max (real money) Seat #3 is the button
Seat 2: Bonyk_OLD (380)
Seat 3: MathisKcr (520)
*** ANTE/BLINDS ***
MathisKcr posts small blind 15
Bonyk_OLD posts big blind 30
Dealt to MathisKcr [Ad Jd]
*** PRE-FLOP *** 
MathisKcr raises 490 to 520 and is all-in
Bonyk_OLD folds
MathisKcr collected 550 from pot
*** SUMMARY ***
Total pot 550 | No rake
Seat 3: MathisKcr (small blind) (button) won 550


Winamax Poker - Tournament "Expresso Nitro" buyIn: 0.93€ + 0.07€ level: 2 - HandId: #4672323895720673281-8-1774945956 - Holdem no limit (15/30) - 2026/03/31 08:32:36 UTC
Table: 'Expresso Nitro(1087860180)#0' 3-max (real money) Seat #2 is the button
Seat 2: Bonyk_OLD (350)
Seat 3: MathisKcr (550)
*** ANTE/BLINDS ***
Bonyk_OLD posts small blind 15
MathisKcr posts big blind 30
Dealt to MathisKcr [7c 3h]
*** PRE-FLOP *** 
Bonyk_OLD raises 320 to 350 and is all-in
MathisKcr folds
Bonyk_OLD collected 380 from pot
*** SUMMARY ***
Total pot 380 | No rake
Seat 2: Bonyk_OLD (small blind) (button) won 380


Winamax Poker - Tournament "Expresso Nitro" buyIn: 0.93€ + 0.07€ level: 2 - HandId: #4672323895720673281-9-1774945962 - Holdem no limit (15/30) - 2026/03/31 08:32:42 UTC
Table: 'Expresso Nitro(1087860180)#0' 3-max (real money) Seat #3 is the button
Seat 2: Bonyk_OLD (380)
Seat 3: MathisKcr (520)
*** ANTE/BLINDS ***
MathisKcr posts small blind 15
Bonyk_OLD posts big blind 30
Dealt to MathisKcr [7c As]
*** PRE-FLOP *** 
MathisKcr raises 490 to 520 and is all-in
Bonyk_OLD folds
MathisKcr collected 550 from pot
*** SUMMARY ***
Total pot 550 | No rake
Seat 3: MathisKcr (small blind) (button) won 550


Winamax Poker - Tournament "Expresso Nitro" buyIn: 0.93€ + 0.07€ level: 2 - HandId: #4672323895720673281-10-1774945969 - Holdem no limit (15/30) - 2026/03/31 08:32:49 UTC
Table: 'Expresso Nitro(1087860180)#0' 3-max (real money) Seat #2 is the button
Seat 2: Bonyk_OLD (350)
Seat 3: MathisKcr (550)
*** ANTE/BLINDS ***
Bonyk_OLD posts small blind 15
MathisKcr posts big blind 30
Dealt to MathisKcr [3h Kd]
*** PRE-FLOP *** 
Bonyk_OLD raises 320 to 350 and is all-in
MathisKcr calls 320
*** FLOP *** [Qd 2d 8h]
*** TURN *** [Qd 2d 8h][Qs]
*** RIVER *** [Qd 2d 8h Qs][6d]
*** SHOW DOWN ***
MathisKcr shows [3h Kd] (One pair : Queens)
Bonyk_OLD shows [2h Ad] (Two pairs : Queens and 2)
Bonyk_OLD collected 700 from pot
*** SUMMARY ***
Total pot 700 | No rake
Board: [Qd 2d 8h Qs 6d]
Seat 2: Bonyk_OLD (small blind) (button) showed [2h Ad] and won 700 with Two pairs : Queens and 2
Seat 3: MathisKcr (big blind) showed [3h Kd] and lost with One pair : Queens


Winamax Poker - Tournament "Expresso Nitro" buyIn: 0.93€ + 0.07€ level: 3 - HandId: #4672323895720673281-11-1774945981 - Holdem no limit (20/40) - 2026/03/31 08:33:01 UTC
Table: 'Expresso Nitro(1087860180)#0' 3-max (real money) Seat #3 is the button
Seat 2: Bonyk_OLD (700)
Seat 3: MathisKcr (200)
*** ANTE/BLINDS ***
MathisKcr posts small blind 20
Bonyk_OLD posts big blind 40
Dealt to MathisKcr [Js 8d]
*** PRE-FLOP *** 
MathisKcr raises 160 to 200 and is all-in
Bonyk_OLD calls 160
*** FLOP *** [9d Th 2d]
*** TURN *** [9d Th 2d][Ts]
*** RIVER *** [9d Th 2d Ts][5s]
*** SHOW DOWN ***
MathisKcr shows [Js 8d] (One pair : Tens)
Bonyk_OLD shows [Ac Ad] (Two pairs : Aces and Tens)
Bonyk_OLD collected 400 from pot
*** SUMMARY ***
Total pot 400 | No rake
Board: [9d Th 2d Ts 5s]
Seat 2: Bonyk_OLD (big blind) showed [Ac Ad] and won 400 with Two pairs : Aces and Tens
Seat 3: MathisKcr (small blind) (button) showed [Js 8d] and lost with One pair : Tens


