Winamax Poker - Tournament "Expresso Nitro" buyIn: 0.93€ + 0.07€ level: 1 - HandId: #4679537362013782017-1-1775211132 - Holdem no limit (10/20) - 2026/04/03 10:12:12 UTC
Table: 'Expresso Nitro(1089539696)#0' 3-max (real money) Seat #3 is the button
Seat 1: Saponker (300)
Seat 2: MathisKcr (300)
Seat 3: papouch7572 (300)
*** ANTE/BLINDS ***
Saponker posts small blind 10
MathisKcr posts big blind 20
Dealt to MathisKcr [Js 5d]
*** PRE-FLOP *** 
papouch7572 calls 20
Saponker calls 10
MathisKcr checks
*** FLOP *** [Ac Qc 7s]
Saponker checks
MathisKcr checks
papouch7572 checks
*** TURN *** [Ac Qc 7s][5h]
Saponker checks
MathisKcr checks
papouch7572 checks
*** RIVER *** [Ac Qc 7s 5h][Qs]
Saponker checks
MathisKcr checks
papouch7572 checks
*** SHOW DOWN ***
Saponker shows [Tc 6c] (One pair : Queens)
papouch7572 shows [Ts 8s] (One pair : Queens)
MathisKcr shows [Js 5d] (Two pairs : Queens and 5)
MathisKcr collected 60 from pot
*** SUMMARY ***
Total pot 60 | No rake
Board: [Ac Qc 7s 5h Qs]
Seat 1: Saponker (small blind) showed [Tc 6c] and lost with One pair : Queens
Seat 2: MathisKcr (big blind) showed [Js 5d] and won 60 with Two pairs : Queens and 5
Seat 3: papouch7572 (button) showed [Ts 8s] and lost with One pair : Queens


Winamax Poker - Tournament "Expresso Nitro" buyIn: 0.93€ + 0.07€ level: 2 - HandId: #4679537362013782017-2-1775211193 - Holdem no limit (15/30) - 2026/04/03 10:13:13 UTC
Table: 'Expresso Nitro(1089539696)#0' 3-max (real money) Seat #1 is the button
Seat 1: Saponker (280)
Seat 2: MathisKcr (340)
Seat 3: papouch7572 (280)
*** ANTE/BLINDS ***
MathisKcr posts small blind 15
papouch7572 posts big blind 30
Dealt to MathisKcr [2s 3h]
*** PRE-FLOP *** 
Saponker raises 250 to 280 and is all-in
MathisKcr folds
papouch7572 calls 250 and is all-in
*** FLOP *** [Js 2c Ks]
*** TURN *** [Js 2c Ks][Qc]
*** RIVER *** [Js 2c Ks Qc][4c]
*** SHOW DOWN ***
papouch7572 shows [7d 8d] (High card : King)
Saponker shows [Th Qh] (One pair : Queens)
Saponker collected 575 from pot
*** SUMMARY ***
Total pot 575 | No rake
Board: [Js 2c Ks Qc 4c]
Seat 1: Saponker (button) showed [Th Qh] and won 575 with One pair : Queens
Seat 3: papouch7572 (big blind) showed [7d 8d] and lost with High card : King


Winamax Poker - Tournament "Expresso Nitro" buyIn: 0.93€ + 0.07€ level: 2 - HandId: #4679537362013782017-3-1775211209 - Holdem no limit (15/30) - 2026/04/03 10:13:29 UTC
Table: 'Expresso Nitro(1089539696)#0' 3-max (real money) Seat #1 is the button
Seat 1: Saponker (575)
Seat 2: MathisKcr (325)
*** ANTE/BLINDS ***
Saponker posts small blind 15
MathisKcr posts big blind 30
Dealt to MathisKcr [Jd Kc]
*** PRE-FLOP *** 
Saponker raises 545 to 575 and is all-in
MathisKcr calls 295 and is all-in
*** FLOP *** [3d 7s 5s]
*** TURN *** [3d 7s 5s][4s]
*** RIVER *** [3d 7s 5s 4s][Tc]
*** SHOW DOWN ***
MathisKcr shows [Jd Kc] (High card : King)
Saponker shows [Ad Kh] (High card : Ace)
Saponker collected 900 from pot
*** SUMMARY ***
Total pot 900 | No rake
Board: [3d 7s 5s 4s Tc]
Seat 1: Saponker (small blind) (button) showed [Ad Kh] and won 900 with High card : Ace
Seat 2: MathisKcr (big blind) showed [Jd Kc] and lost with High card : King


