Winamax Poker - Tournament "Expresso Nitro" buyIn: 0.93€ + 0.07€ level: 1 - HandId: #4668178741178925057-1-1774783559 - Holdem no limit (10/20) - 2026/03/29 11:25:59 UTC
Table: 'Expresso Nitro(1086895061)#0' 3-max (real money) Seat #2 is the button
Seat 1: MathisKcr (300)
Seat 2: R4Trax254 (300)
Seat 3: Tony 69 (300)
*** ANTE/BLINDS ***
Tony 69 posts small blind 10
MathisKcr posts big blind 20
Dealt to MathisKcr [8h 3h]
*** PRE-FLOP *** 
R4Trax254 raises 40 to 60
Tony 69 folds
MathisKcr folds
R4Trax254 collected 90 from pot
*** SUMMARY ***
Total pot 90 | No rake
Seat 2: R4Trax254 (button) won 90


Winamax Poker - Tournament "Expresso Nitro" buyIn: 0.93€ + 0.07€ level: 1 - HandId: #4668178741178925057-2-1774783569 - Holdem no limit (10/20) - 2026/03/29 11:26:09 UTC
Table: 'Expresso Nitro(1086895061)#0' 3-max (real money) Seat #3 is the button
Seat 1: MathisKcr (280)
Seat 2: R4Trax254 (330)
Seat 3: Tony 69 (290)
*** ANTE/BLINDS ***
MathisKcr posts small blind 10
R4Trax254 posts big blind 20
Dealt to MathisKcr [2d As]
*** PRE-FLOP *** 
Tony 69 calls 20
MathisKcr raises 260 to 280 and is all-in
R4Trax254 folds
Tony 69 folds
MathisKcr collected 320 from pot
*** SUMMARY ***
Total pot 320 | No rake
Seat 1: MathisKcr (small blind) won 320


Winamax Poker - Tournament "Expresso Nitro" buyIn: 0.93€ + 0.07€ level: 1 - HandId: #4668178741178925057-3-1774783579 - Holdem no limit (10/20) - 2026/03/29 11:26:19 UTC
Table: 'Expresso Nitro(1086895061)#0' 3-max (real money) Seat #1 is the button
Seat 1: MathisKcr (320)
Seat 2: R4Trax254 (310)
Seat 3: Tony 69 (270)
*** ANTE/BLINDS ***
R4Trax254 posts small blind 10
Tony 69 posts big blind 20
Dealt to MathisKcr [Qc Jc]
*** PRE-FLOP *** 
MathisKcr raises 20 to 40
R4Trax254 calls 30
Tony 69 raises 230 to 270 and is all-in
MathisKcr calls 230
R4Trax254 folds
*** FLOP *** [6c Ac 8h]
*** TURN *** [6c Ac 8h][9s]
*** RIVER *** [6c Ac 8h 9s][8s]
*** SHOW DOWN ***
MathisKcr shows [Qc Jc] (One pair : 8)
Tony 69 shows [Jd As] (Two pairs : Aces and 8)
Tony 69 collected 580 from pot
*** SUMMARY ***
Total pot 580 | No rake
Board: [6c Ac 8h 9s 8s]
Seat 1: MathisKcr (button) showed [Qc Jc] and lost with One pair : 8
Seat 3: Tony 69 (big blind) showed [Jd As] and won 580 with Two pairs : Aces and 8


Winamax Poker - Tournament "Expresso Nitro" buyIn: 0.93€ + 0.07€ level: 1 - HandId: #4668178741178925057-4-1774783613 - Holdem no limit (10/20) - 2026/03/29 11:26:53 UTC
Table: 'Expresso Nitro(1086895061)#0' 3-max (real money) Seat #2 is the button
Seat 1: MathisKcr (50)
Seat 2: R4Trax254 (270)
Seat 3: Tony 69 (580)
*** ANTE/BLINDS ***
Tony 69 posts small blind 10
MathisKcr posts big blind 20
Dealt to MathisKcr [9c 4s]
*** PRE-FLOP *** 
R4Trax254 raises 250 to 270 and is all-in
Tony 69 folds
MathisKcr calls 30 and is all-in
*** FLOP *** [8c 6s 5d]
*** TURN *** [8c 6s 5d][Js]
*** RIVER *** [8c 6s 5d Js][2d]
*** SHOW DOWN ***
MathisKcr shows [9c 4s] (High card : Jack)
R4Trax254 shows [8h Qc] (One pair : 8)
R4Trax254 collected 330 from pot
*** SUMMARY ***
Total pot 330 | No rake
Board: [8c 6s 5d Js 2d]
Seat 1: MathisKcr (big blind) showed [9c 4s] and lost with High card : Jack
Seat 2: R4Trax254 (button) showed [8h Qc] and won 330 with One pair : 8


