Winamax Poker - Tournament "Expresso Nitro" buyIn: 0.93€ + 0.07€ level: 1 - HandId: #4617558110599380993-1-1773042981 - Holdem no limit (10/20) - 2026/03/09 07:56:21 UTC
Table: 'Expresso Nitro(1075109027)#0' 3-max (real money) Seat #3 is the button
Seat 1: WINAESTAFA77 (300)
Seat 2: trspns9544 (300)
Seat 3: MathisKcr (300)
*** ANTE/BLINDS ***
WINAESTAFA77 posts small blind 10
trspns9544 posts big blind 20
Dealt to MathisKcr [Jc 4d]
*** PRE-FLOP *** 
MathisKcr folds
WINAESTAFA77 calls 10
trspns9544 raises 40 to 60
WINAESTAFA77 calls 40
*** FLOP *** [3d Ah As]
WINAESTAFA77 checks
trspns9544 checks
*** TURN *** [3d Ah As][5d]
WINAESTAFA77 checks
trspns9544 bets 20
WINAESTAFA77 folds
trspns9544 collected 140 from pot
*** SUMMARY ***
Total pot 140 | No rake
Board: [3d Ah As 5d]
Seat 2: trspns9544 (big blind) won 140


Winamax Poker - Tournament "Expresso Nitro" buyIn: 0.93€ + 0.07€ level: 1 - HandId: #4617558110599380993-2-1773043009 - Holdem no limit (10/20) - 2026/03/09 07:56:49 UTC
Table: 'Expresso Nitro(1075109027)#0' 3-max (real money) Seat #1 is the button
Seat 1: WINAESTAFA77 (240)
Seat 2: trspns9544 (360)
Seat 3: MathisKcr (300)
*** ANTE/BLINDS ***
trspns9544 posts small blind 10
MathisKcr posts big blind 20
Dealt to MathisKcr [4h 8d]
*** PRE-FLOP *** 
WINAESTAFA77 calls 20
trspns9544 calls 10
MathisKcr checks
*** FLOP *** [5c Tc Ks]
trspns9544 checks
MathisKcr checks
WINAESTAFA77 checks
*** TURN *** [5c Tc Ks][Td]
trspns9544 bets 21
MathisKcr folds
WINAESTAFA77 calls 21
*** RIVER *** [5c Tc Ks Td][6c]
trspns9544 checks
WINAESTAFA77 checks
*** SHOW DOWN ***
trspns9544 shows [Js 5d] (Two pairs : Tens and 5)
WINAESTAFA77 shows [Ah 5s] (Two pairs : Tens and 5)
WINAESTAFA77 collected 102 from pot
*** SUMMARY ***
Total pot 102 | No rake
Board: [5c Tc Ks Td 6c]
Seat 1: WINAESTAFA77 (button) showed [Ah 5s] and won 102 with Two pairs : Tens and 5
Seat 2: trspns9544 (small blind) showed [Js 5d] and lost with Two pairs : Tens and 5


Winamax Poker - Tournament "Expresso Nitro" buyIn: 0.93€ + 0.07€ level: 1 - HandId: #4617558110599380993-3-1773043028 - Holdem no limit (10/20) - 2026/03/09 07:57:08 UTC
Table: 'Expresso Nitro(1075109027)#0' 3-max (real money) Seat #2 is the button
Seat 1: WINAESTAFA77 (301)
Seat 2: trspns9544 (319)
Seat 3: MathisKcr (280)
*** ANTE/BLINDS ***
MathisKcr posts small blind 10
WINAESTAFA77 posts big blind 20
Dealt to MathisKcr [8c 7h]
*** PRE-FLOP *** 
trspns9544 folds
MathisKcr calls 10
WINAESTAFA77 checks
*** FLOP *** [As Ks 3h]
MathisKcr checks
WINAESTAFA77 checks
*** TURN *** [As Ks 3h][5d]
MathisKcr checks
WINAESTAFA77 checks
*** RIVER *** [As Ks 3h 5d][Qd]
MathisKcr bets 40
WINAESTAFA77 folds
MathisKcr collected 80 from pot
*** SUMMARY ***
Total pot 80 | No rake
Board: [As Ks 3h 5d Qd]
Seat 3: MathisKcr (small blind) won 80


Winamax Poker - Tournament "Expresso Nitro" buyIn: 0.93€ + 0.07€ level: 2 - HandId: #4617558110599380993-4-1773043049 - Holdem no limit (15/30) - 2026/03/09 07:57:29 UTC
Table: 'Expresso Nitro(1075109027)#0' 3-max (real money) Seat #3 is the button
Seat 1: WINAESTAFA77 (281)
Seat 2: trspns9544 (319)
Seat 3: MathisKcr (300)
*** ANTE/BLINDS ***
WINAESTAFA77 posts small blind 15
trspns9544 posts big blind 30
Dealt to MathisKcr [8d 4c]
*** PRE-FLOP *** 
MathisKcr folds
WINAESTAFA77 calls 15
trspns9544 checks
*** FLOP *** [2d Qd Qs]
WINAESTAFA77 checks
trspns9544 bets 30
WINAESTAFA77 folds
trspns9544 collected 90 from pot
*** SUMMARY ***
Total pot 90 | No rake
Board: [2d Qd Qs]
Seat 2: trspns9544 (big blind) won 90


Winamax Poker - Tournament "Expresso Nitro" buyIn: 0.93€ + 0.07€ level: 2 - HandId: #4617558110599380993-5-1773043066 - Holdem no limit (15/30) - 2026/03/09 07:57:46 UTC
Table: 'Expresso Nitro(1075109027)#0' 3-max (real money) Seat #1 is the button
Seat 1: WINAESTAFA77 (251)
Seat 2: trspns9544 (349)
Seat 3: MathisKcr (300)
*** ANTE/BLINDS ***
trspns9544 posts small blind 15
MathisKcr posts big blind 30
Dealt to MathisKcr [Th Ah]
*** PRE-FLOP *** 
WINAESTAFA77 folds
trspns9544 folds
MathisKcr collected 45 from pot
*** SUMMARY ***
Total pot 45 | No rake
Seat 3: MathisKcr (big blind) won 45


Winamax Poker - Tournament "Expresso Nitro" buyIn: 0.93€ + 0.07€ level: 2 - HandId: #4617558110599380993-6-1773043077 - Holdem no limit (15/30) - 2026/03/09 07:57:57 UTC
Table: 'Expresso Nitro(1075109027)#0' 3-max (real money) Seat #2 is the button
Seat 1: WINAESTAFA77 (251)
Seat 2: trspns9544 (334)
Seat 3: MathisKcr (315)
*** ANTE/BLINDS ***
MathisKcr posts small blind 15
WINAESTAFA77 posts big blind 30
Dealt to MathisKcr [8s 2h]
*** PRE-FLOP *** 
trspns9544 folds
MathisKcr folds
WINAESTAFA77 collected 45 from pot
*** SUMMARY ***
Total pot 45 | No rake
Seat 1: WINAESTAFA77 (big blind) won 45


Winamax Poker - Tournament "Expresso Nitro" buyIn: 0.93€ + 0.07€ level: 2 - HandId: #4617558110599380993-7-1773043085 - Holdem no limit (15/30) - 2026/03/09 07:58:05 UTC
Table: 'Expresso Nitro(1075109027)#0' 3-max (real money) Seat #3 is the button
Seat 1: WINAESTAFA77 (266)
Seat 2: trspns9544 (334)
Seat 3: MathisKcr (300)
*** ANTE/BLINDS ***
WINAESTAFA77 posts small blind 15
trspns9544 posts big blind 30
Dealt to MathisKcr [Ah Qh]
*** PRE-FLOP *** 
MathisKcr raises 270 to 300 and is all-in
WINAESTAFA77 calls 251 and is all-in
trspns9544 calls 270
*** FLOP *** [6h Qc Jd]
*** TURN *** [6h Qc Jd][Js]
*** RIVER *** [6h Qc Jd Js][5h]
*** SHOW DOWN ***
WINAESTAFA77 shows [4h 4d] (Two pairs : Jacks and 4)
trspns9544 shows [Ad 7h] (One pair : Jacks)
MathisKcr shows [Ah Qh] (Two pairs : Queens and Jacks)
MathisKcr collected 866 from pot
*** SUMMARY ***
Total pot 866 | No rake
Board: [6h Qc Jd Js 5h]
Seat 1: WINAESTAFA77 (small blind) showed [4h 4d] and lost with Two pairs : Jacks and 4
Seat 2: trspns9544 (big blind) showed [Ad 7h] and lost with One pair : Jacks
Seat 3: MathisKcr (button) showed [Ah Qh] and won 866 with Two pairs : Queens and Jacks


Winamax Poker - Tournament "Expresso Nitro" buyIn: 0.93€ + 0.07€ level: 3 - HandId: #4617558110599380993-8-1773043103 - Holdem no limit (20/40) - 2026/03/09 07:58:23 UTC
Table: 'Expresso Nitro(1075109027)#0' 3-max (real money) Seat #2 is the button
Seat 2: trspns9544 (34)
Seat 3: MathisKcr (866)
*** ANTE/BLINDS ***
trspns9544 posts small blind 20
MathisKcr posts big blind 40
Dealt to MathisKcr [8s Jc]
*** PRE-FLOP *** 
trspns9544 calls 14 and is all-in
*** FLOP *** [Kd 2c 8d]
*** TURN *** [Kd 2c 8d][6h]
*** RIVER *** [Kd 2c 8d 6h][3c]
*** SHOW DOWN ***
trspns9544 shows [Td Ah] (High card : Ace)
MathisKcr shows [8s Jc] (One pair : 8)
MathisKcr collected 74 from pot
*** SUMMARY ***
Total pot 74 | No rake
Board: [Kd 2c 8d 6h 3c]
Seat 2: trspns9544 (small blind) (button) showed [Td Ah] and lost with High card : Ace
Seat 3: MathisKcr (big blind) showed [8s Jc] and won 74 with One pair : 8


