Winamax Poker - Tournament "Expresso Nitro" buyIn: 0.93€ + 0.07€ level: 1 - HandId: #4667952752884711425-1-1774774089 - Holdem no limit (10/20) - 2026/03/29 08:48:09 UTC
Table: 'Expresso Nitro(1086842444)#0' 3-max (real money) Seat #1 is the button
Seat 1: Caradowski (300)
Seat 2: Guefrey (300)
Seat 3: MathisKcr (300)
*** ANTE/BLINDS ***
Guefrey posts small blind 10
MathisKcr posts big blind 20
Dealt to MathisKcr [Kh 9c]
*** PRE-FLOP *** 
Caradowski calls 20
Guefrey calls 10
MathisKcr checks
*** FLOP *** [Qh Ks 4s]
Guefrey checks
MathisKcr bets 21
Caradowski folds
Guefrey folds
MathisKcr collected 81 from pot
*** SUMMARY ***
Total pot 81 | No rake
Board: [Qh Ks 4s]
Seat 3: MathisKcr (big blind) won 81


Winamax Poker - Tournament "Expresso Nitro" buyIn: 0.93€ + 0.07€ level: 1 - HandId: #4667952752884711425-2-1774774116 - Holdem no limit (10/20) - 2026/03/29 08:48:36 UTC
Table: 'Expresso Nitro(1086842444)#0' 3-max (real money) Seat #2 is the button
Seat 1: Caradowski (280)
Seat 2: Guefrey (280)
Seat 3: MathisKcr (340)
*** ANTE/BLINDS ***
MathisKcr posts small blind 10
Caradowski posts big blind 20
Dealt to MathisKcr [5h Kd]
*** PRE-FLOP *** 
Guefrey folds
MathisKcr raises 320 to 340 and is all-in
Caradowski folds
MathisKcr collected 360 from pot
*** SUMMARY ***
Total pot 360 | No rake
Seat 3: MathisKcr (small blind) won 360


Winamax Poker - Tournament "Expresso Nitro" buyIn: 0.93€ + 0.07€ level: 1 - HandId: #4667952752884711425-3-1774774134 - Holdem no limit (10/20) - 2026/03/29 08:48:54 UTC
Table: 'Expresso Nitro(1086842444)#0' 3-max (real money) Seat #3 is the button
Seat 1: Caradowski (260)
Seat 2: Guefrey (280)
Seat 3: MathisKcr (360)
*** ANTE/BLINDS ***
Caradowski posts small blind 10
Guefrey posts big blind 20
Dealt to MathisKcr [Kd Jc]
*** PRE-FLOP *** 
MathisKcr raises 20 to 40
Caradowski folds
Guefrey folds
MathisKcr collected 70 from pot
*** SUMMARY ***
Total pot 70 | No rake
Seat 3: MathisKcr (button) won 70


Winamax Poker - Tournament "Expresso Nitro" buyIn: 0.93€ + 0.07€ level: 1 - HandId: #4667952752884711425-4-1774774144 - Holdem no limit (10/20) - 2026/03/29 08:49:04 UTC
Table: 'Expresso Nitro(1086842444)#0' 3-max (real money) Seat #1 is the button
Seat 1: Caradowski (250)
Seat 2: Guefrey (260)
Seat 3: MathisKcr (390)
*** ANTE/BLINDS ***
Guefrey posts small blind 10
MathisKcr posts big blind 20
Dealt to MathisKcr [Kh 3d]
*** PRE-FLOP *** 
Caradowski folds
Guefrey folds
MathisKcr collected 30 from pot
*** SUMMARY ***
Total pot 30 | No rake
Seat 3: MathisKcr (big blind) won 30


Winamax Poker - Tournament "Expresso Nitro" buyIn: 0.93€ + 0.07€ level: 2 - HandId: #4667952752884711425-5-1774774150 - Holdem no limit (15/30) - 2026/03/29 08:49:10 UTC
Table: 'Expresso Nitro(1086842444)#0' 3-max (real money) Seat #2 is the button
Seat 1: Caradowski (250)
Seat 2: Guefrey (250)
Seat 3: MathisKcr (400)
*** ANTE/BLINDS ***
MathisKcr posts small blind 15
Caradowski posts big blind 30
Dealt to MathisKcr [2d 6c]
*** PRE-FLOP *** 
Guefrey folds
MathisKcr folds
Caradowski collected 45 from pot
*** SUMMARY ***
Total pot 45 | No rake
Seat 1: Caradowski (big blind) won 45


Winamax Poker - Tournament "Expresso Nitro" buyIn: 0.93€ + 0.07€ level: 2 - HandId: #4667952752884711425-6-1774774157 - Holdem no limit (15/30) - 2026/03/29 08:49:17 UTC
Table: 'Expresso Nitro(1086842444)#0' 3-max (real money) Seat #3 is the button
Seat 1: Caradowski (265)
Seat 2: Guefrey (250)
Seat 3: MathisKcr (385)
*** ANTE/BLINDS ***
Caradowski posts small blind 15
Guefrey posts big blind 30
Dealt to MathisKcr [6c 9d]
*** PRE-FLOP *** 
MathisKcr folds
Caradowski calls 15
Guefrey checks
*** FLOP *** [Qs 2h 5s]
Caradowski bets 30
Guefrey folds
Caradowski collected 90 from pot
*** SUMMARY ***
Total pot 90 | No rake
Board: [Qs 2h 5s]
Seat 1: Caradowski (small blind) won 90


Winamax Poker - Tournament "Expresso Nitro" buyIn: 0.93€ + 0.07€ level: 2 - HandId: #4667952752884711425-7-1774774168 - Holdem no limit (15/30) - 2026/03/29 08:49:28 UTC
Table: 'Expresso Nitro(1086842444)#0' 3-max (real money) Seat #1 is the button
Seat 1: Caradowski (295)
Seat 2: Guefrey (220)
Seat 3: MathisKcr (385)
*** ANTE/BLINDS ***
Guefrey posts small blind 15
MathisKcr posts big blind 30
Dealt to MathisKcr [Ad Jc]
*** PRE-FLOP *** 
Caradowski raises 60 to 90
Guefrey calls 75
MathisKcr raises 295 to 385 and is all-in
Caradowski calls 205 and is all-in
Guefrey calls 130 and is all-in
*** FLOP *** [3c 5d 6h]
*** TURN *** [3c 5d 6h][8h]
*** RIVER *** [3c 5d 6h 8h][9s]
*** SHOW DOWN ***
Guefrey shows [8c Qc] (One pair : 8)
Caradowski shows [7c 7s] (Straight 9 high)
MathisKcr shows [Ad Jc] (High card : Ace)
MathisKcr collected 90 from side pot 1
Caradowski collected 810 from main pot
*** SUMMARY ***
Total pot 900 | No rake
Board: [3c 5d 6h 8h 9s]
Seat 1: Caradowski (button) showed [7c 7s] and won 810 with Straight 9 high
Seat 2: Guefrey (small blind) showed [8c Qc] and lost with One pair : 8
Seat 3: MathisKcr (big blind) showed [Ad Jc] and won 90 with High card : Ace


Winamax Poker - Tournament "Expresso Nitro" buyIn: 0.93€ + 0.07€ level: 2 - HandId: #4667952752884711425-8-1774774188 - Holdem no limit (15/30) - 2026/03/29 08:49:48 UTC
Table: 'Expresso Nitro(1086842444)#0' 3-max (real money) Seat #3 is the button
Seat 1: Caradowski (810)
Seat 3: MathisKcr (90)
*** ANTE/BLINDS ***
MathisKcr posts small blind 15
Caradowski posts big blind 30
Dealt to MathisKcr [6s 5s]
*** PRE-FLOP *** 
MathisKcr raises 60 to 90 and is all-in
Caradowski folds
MathisKcr collected 120 from pot
*** SUMMARY ***
Total pot 120 | No rake
Seat 3: MathisKcr (small blind) (button) won 120


Winamax Poker - Tournament "Expresso Nitro" buyIn: 0.93€ + 0.07€ level: 2 - HandId: #4667952752884711425-9-1774774196 - Holdem no limit (15/30) - 2026/03/29 08:49:56 UTC
Table: 'Expresso Nitro(1086842444)#0' 3-max (real money) Seat #1 is the button
Seat 1: Caradowski (780)
Seat 3: MathisKcr (120)
*** ANTE/BLINDS ***
Caradowski posts small blind 15
MathisKcr posts big blind 30
Dealt to MathisKcr [3d Ad]
*** PRE-FLOP *** 
Caradowski raises 45 to 75
MathisKcr raises 45 to 120 and is all-in
Caradowski calls 45
*** FLOP *** [Ah Jc 2c]
*** TURN *** [Ah Jc 2c][4c]
*** RIVER *** [Ah Jc 2c 4c][Ac]
*** SHOW DOWN ***
Caradowski shows [6h Qh] (One pair : Aces)
MathisKcr shows [3d Ad] (Trips of Aces)
MathisKcr collected 240 from pot
*** SUMMARY ***
Total pot 240 | No rake
Board: [Ah Jc 2c 4c Ac]
Seat 1: Caradowski (small blind) (button) showed [6h Qh] and lost with One pair : Aces
Seat 3: MathisKcr (big blind) showed [3d Ad] and won 240 with Trips of Aces


Winamax Poker - Tournament "Expresso Nitro" buyIn: 0.93€ + 0.07€ level: 3 - HandId: #4667952752884711425-10-1774774215 - Holdem no limit (20/40) - 2026/03/29 08:50:15 UTC
Table: 'Expresso Nitro(1086842444)#0' 3-max (real money) Seat #3 is the button
Seat 1: Caradowski (660)
Seat 3: MathisKcr (240)
*** ANTE/BLINDS ***
MathisKcr posts small blind 20
Caradowski posts big blind 40
Dealt to MathisKcr [2s Qd]
*** PRE-FLOP *** 
MathisKcr raises 200 to 240 and is all-in
Caradowski calls 200
*** FLOP *** [2h Qs 5h]
*** TURN *** [2h Qs 5h][Kh]
*** RIVER *** [2h Qs 5h Kh][6s]
*** SHOW DOWN ***
MathisKcr shows [2s Qd] (Two pairs : Queens and 2)
Caradowski shows [Kd 2d] (Two pairs : Kings and 2)
Caradowski collected 480 from pot
*** SUMMARY ***
Total pot 480 | No rake
Board: [2h Qs 5h Kh 6s]
Seat 1: Caradowski (big blind) showed [Kd 2d] and won 480 with Two pairs : Kings and 2
Seat 3: MathisKcr (small blind) (button) showed [2s Qd] and lost with Two pairs : Queens and 2


