Winamax Poker - Tournament "Expresso Nitro" buyIn: 0.93€ + 0.07€ level: 1 - HandId: #4604967809108148225-1-1772524213 - Holdem no limit (10/20) - 2026/03/03 07:50:13 UTC
Table: 'Expresso Nitro(1072177619)#0' 3-max (real money) Seat #3 is the button
Seat 1: fishpilot (300)
Seat 2: Elisa1303 (300)
Seat 3: MathisKcr (300)
*** ANTE/BLINDS ***
fishpilot posts small blind 10
Elisa1303 posts big blind 20
Dealt to MathisKcr [7d Ah]
*** PRE-FLOP *** 
MathisKcr raises 280 to 300 and is all-in
fishpilot folds
Elisa1303 folds
MathisKcr collected 330 from pot
*** SUMMARY ***
Total pot 330 | No rake
Seat 3: MathisKcr (button) won 330


Winamax Poker - Tournament "Expresso Nitro" buyIn: 0.93€ + 0.07€ level: 1 - HandId: #4604967809108148225-2-1772524226 - Holdem no limit (10/20) - 2026/03/03 07:50:26 UTC
Table: 'Expresso Nitro(1072177619)#0' 3-max (real money) Seat #1 is the button
Seat 1: fishpilot (290)
Seat 2: Elisa1303 (280)
Seat 3: MathisKcr (330)
*** ANTE/BLINDS ***
Elisa1303 posts small blind 10
MathisKcr posts big blind 20
Dealt to MathisKcr [5s 7c]
*** PRE-FLOP *** 
fishpilot raises 40 to 60
Elisa1303 calls 50
MathisKcr folds
*** FLOP *** [9h 3h 9c]
Elisa1303 checks
fishpilot checks
*** TURN *** [9h 3h 9c][2d]
Elisa1303 checks
fishpilot checks
*** RIVER *** [9h 3h 9c 2d][9s]
Elisa1303 bets 20
fishpilot calls 20
*** SHOW DOWN ***
Elisa1303 shows [Qs Ts] (Trips of 9)
fishpilot shows [4s Ah] (Trips of 9)
fishpilot collected 180 from pot
*** SUMMARY ***
Total pot 180 | No rake
Board: [9h 3h 9c 2d 9s]
Seat 1: fishpilot (button) showed [4s Ah] and won 180 with Trips of 9
Seat 2: Elisa1303 (small blind) showed [Qs Ts] and lost with Trips of 9


Winamax Poker - Tournament "Expresso Nitro" buyIn: 0.93€ + 0.07€ level: 1 - HandId: #4604967809108148225-3-1772524258 - Holdem no limit (10/20) - 2026/03/03 07:50:58 UTC
Table: 'Expresso Nitro(1072177619)#0' 3-max (real money) Seat #2 is the button
Seat 1: fishpilot (390)
Seat 2: Elisa1303 (200)
Seat 3: MathisKcr (310)
*** ANTE/BLINDS ***
MathisKcr posts small blind 10
fishpilot posts big blind 20
Dealt to MathisKcr [2s Qs]
*** PRE-FLOP *** 
Elisa1303 folds
MathisKcr calls 10
fishpilot checks
*** FLOP *** [9c As Ks]
MathisKcr bets 20
fishpilot folds
MathisKcr collected 60 from pot
*** SUMMARY ***
Total pot 60 | No rake
Board: [9c As Ks]
Seat 3: MathisKcr (small blind) won 60


Winamax Poker - Tournament "Expresso Nitro" buyIn: 0.93€ + 0.07€ level: 2 - HandId: #4604967809108148225-4-1772524285 - Holdem no limit (15/30) - 2026/03/03 07:51:25 UTC
Table: 'Expresso Nitro(1072177619)#0' 3-max (real money) Seat #3 is the button
Seat 1: fishpilot (370)
Seat 2: Elisa1303 (200)
Seat 3: MathisKcr (330)
*** ANTE/BLINDS ***
fishpilot posts small blind 15
Elisa1303 posts big blind 30
Dealt to MathisKcr [Qh 4d]
*** PRE-FLOP *** 
MathisKcr folds
fishpilot folds
Elisa1303 collected 45 from pot
*** SUMMARY ***
Total pot 45 | No rake
Seat 2: Elisa1303 (big blind) won 45


Winamax Poker - Tournament "Expresso Nitro" buyIn: 0.93€ + 0.07€ level: 2 - HandId: #4604967809108148225-5-1772524293 - Holdem no limit (15/30) - 2026/03/03 07:51:33 UTC
Table: 'Expresso Nitro(1072177619)#0' 3-max (real money) Seat #1 is the button
Seat 1: fishpilot (355)
Seat 2: Elisa1303 (215)
Seat 3: MathisKcr (330)
*** ANTE/BLINDS ***
Elisa1303 posts small blind 15
MathisKcr posts big blind 30
Dealt to MathisKcr [7c 5s]
*** PRE-FLOP *** 
fishpilot raises 45 to 75
Elisa1303 folds
MathisKcr folds
fishpilot collected 120 from pot
*** SUMMARY ***
Total pot 120 | No rake
Seat 1: fishpilot (button) won 120


Winamax Poker - Tournament "Expresso Nitro" buyIn: 0.93€ + 0.07€ level: 2 - HandId: #4604967809108148225-6-1772524304 - Holdem no limit (15/30) - 2026/03/03 07:51:44 UTC
Table: 'Expresso Nitro(1072177619)#0' 3-max (real money) Seat #2 is the button
Seat 1: fishpilot (400)
Seat 2: Elisa1303 (200)
Seat 3: MathisKcr (300)
*** ANTE/BLINDS ***
MathisKcr posts small blind 15
fishpilot posts big blind 30
Dealt to MathisKcr [Js 6s]
*** PRE-FLOP *** 
Elisa1303 raises 60 to 90
MathisKcr folds
fishpilot folds
Elisa1303 collected 135 from pot
*** SUMMARY ***
Total pot 135 | No rake
Seat 2: Elisa1303 (button) won 135


Winamax Poker - Tournament "Expresso Nitro" buyIn: 0.93€ + 0.07€ level: 2 - HandId: #4604967809108148225-7-1772524321 - Holdem no limit (15/30) - 2026/03/03 07:52:01 UTC
Table: 'Expresso Nitro(1072177619)#0' 3-max (real money) Seat #3 is the button
Seat 1: fishpilot (370)
Seat 2: Elisa1303 (245)
Seat 3: MathisKcr (285)
*** ANTE/BLINDS ***
fishpilot posts small blind 15
Elisa1303 posts big blind 30
Dealt to MathisKcr [2h Ad]
*** PRE-FLOP *** 
MathisKcr raises 255 to 285 and is all-in
fishpilot folds
Elisa1303 folds
MathisKcr collected 330 from pot
*** SUMMARY ***
Total pot 330 | No rake
Seat 3: MathisKcr (button) won 330


Winamax Poker - Tournament "Expresso Nitro" buyIn: 0.93€ + 0.07€ level: 3 - HandId: #4604967809108148225-8-1772524332 - Holdem no limit (20/40) - 2026/03/03 07:52:12 UTC
Table: 'Expresso Nitro(1072177619)#0' 3-max (real money) Seat #1 is the button
Seat 1: fishpilot (355)
Seat 2: Elisa1303 (215)
Seat 3: MathisKcr (330)
*** ANTE/BLINDS ***
Elisa1303 posts small blind 20
MathisKcr posts big blind 40
Dealt to MathisKcr [5c Ac]
*** PRE-FLOP *** 
fishpilot raises 315 to 355 and is all-in
Elisa1303 calls 195 and is all-in
MathisKcr calls 290 and is all-in
*** FLOP *** [3h Tc Qd]
*** TURN *** [3h Tc Qd][9s]
*** RIVER *** [3h Tc Qd 9s][9d]
*** SHOW DOWN ***
fishpilot shows [8c 7d] (One pair : 9)
Elisa1303 shows [Ad 4d] (One pair : 9)
MathisKcr shows [5c Ac] (One pair : 9)
MathisKcr collected 553 from side pot 1
Elisa1303 collected 322 from main pot
fishpilot collected 25 from side pot 2
*** SUMMARY ***
Total pot 900 | No rake
Board: [3h Tc Qd 9s 9d]
Seat 1: fishpilot (button) showed [8c 7d] and won 25 with One pair : 9
Seat 2: Elisa1303 (small blind) showed [Ad 4d] and won 322 with One pair : 9
Seat 3: MathisKcr (big blind) showed [5c Ac] and won 553 with One pair : 9


Winamax Poker - Tournament "Expresso Nitro" buyIn: 0.93€ + 0.07€ level: 3 - HandId: #4604967809108148225-9-1772524348 - Holdem no limit (20/40) - 2026/03/03 07:52:28 UTC
Table: 'Expresso Nitro(1072177619)#0' 3-max (real money) Seat #2 is the button
Seat 1: fishpilot (25)
Seat 2: Elisa1303 (322)
Seat 3: MathisKcr (553)
*** ANTE/BLINDS ***
MathisKcr posts small blind 20
fishpilot posts big blind 25 and is all-in
Dealt to MathisKcr [5d 7d]
*** PRE-FLOP *** 
Elisa1303 folds
MathisKcr calls 20
*** FLOP *** [2s 4s Qd]
*** TURN *** [2s 4s Qd][Td]
*** RIVER *** [2s 4s Qd Td][Th]
*** SHOW DOWN ***
fishpilot shows [9c 2c] (Two pairs : Tens and 2)
MathisKcr shows [5d 7d] (One pair : Tens)
MathisKcr collected 15 from side pot 1
fishpilot collected 50 from main pot
*** SUMMARY ***
Total pot 65 | No rake
Board: [2s 4s Qd Td Th]
Seat 1: fishpilot (big blind) showed [9c 2c] and won 50 with Two pairs : Tens and 2
Seat 3: MathisKcr (small blind) showed [5d 7d] and won 15 with One pair : Tens


Winamax Poker - Tournament "Expresso Nitro" buyIn: 0.93€ + 0.07€ level: 3 - HandId: #4604967809108148225-10-1772524363 - Holdem no limit (20/40) - 2026/03/03 07:52:43 UTC
Table: 'Expresso Nitro(1072177619)#0' 3-max (real money) Seat #3 is the button
Seat 1: fishpilot (50)
Seat 2: Elisa1303 (322)
Seat 3: MathisKcr (528)
*** ANTE/BLINDS ***
fishpilot posts small blind 20
Elisa1303 posts big blind 40
Dealt to MathisKcr [Kd 3c]
*** PRE-FLOP *** 
MathisKcr calls 40
fishpilot raises 10 to 50 and is all-in
Elisa1303 raises 40 to 90
MathisKcr calls 50
*** FLOP *** [7s 8s 7c]
Elisa1303 checks
MathisKcr checks
*** TURN *** [7s 8s 7c][5c]
Elisa1303 checks
MathisKcr checks
*** RIVER *** [7s 8s 7c 5c][Jh]
Elisa1303 checks
MathisKcr bets 100
Elisa1303 folds
*** SHOW DOWN ***
fishpilot shows [5d Ac] (Two pairs : 7 and 5)
MathisKcr shows [Kd 3c] (One pair : 7)
MathisKcr collected 180 from side pot 1
fishpilot collected 150 from main pot
*** SUMMARY ***
Total pot 330 | No rake
Board: [7s 8s 7c 5c Jh]
Seat 1: fishpilot (small blind) showed [5d Ac] and won 150 with Two pairs : 7 and 5
Seat 3: MathisKcr (button) showed [Kd 3c] and won 180 with One pair : 7


Winamax Poker - Tournament "Expresso Nitro" buyIn: 0.93€ + 0.07€ level: 4 - HandId: #4604967809108148225-11-1772524392 - Holdem no limit (30/60) - 2026/03/03 07:53:12 UTC
Table: 'Expresso Nitro(1072177619)#0' 3-max (real money) Seat #1 is the button
Seat 1: fishpilot (150)
Seat 2: Elisa1303 (232)
Seat 3: MathisKcr (518)
*** ANTE/BLINDS ***
Elisa1303 posts small blind 30
MathisKcr posts big blind 60
Dealt to MathisKcr [Td 6h]
*** PRE-FLOP *** 
fishpilot raises 90 to 150 and is all-in
Elisa1303 calls 120
MathisKcr folds
*** FLOP *** [8d 6c Ts]
*** TURN *** [8d 6c Ts][2h]
*** RIVER *** [8d 6c Ts 2h][Jd]
*** SHOW DOWN ***
fishpilot shows [6d 9d] (One pair : 6)
Elisa1303 shows [Qs Jh] (One pair : Jacks)
Elisa1303 collected 360 from pot
*** SUMMARY ***
Total pot 360 | No rake
Board: [8d 6c Ts 2h Jd]
Seat 1: fishpilot (button) showed [6d 9d] and lost with One pair : 6
Seat 2: Elisa1303 (small blind) showed [Qs Jh] and won 360 with One pair : Jacks


Winamax Poker - Tournament "Expresso Nitro" buyIn: 0.93€ + 0.07€ level: 4 - HandId: #4604967809108148225-12-1772524414 - Holdem no limit (30/60) - 2026/03/03 07:53:34 UTC
Table: 'Expresso Nitro(1072177619)#0' 3-max (real money) Seat #3 is the button
Seat 2: Elisa1303 (442)
Seat 3: MathisKcr (458)
*** ANTE/BLINDS ***
MathisKcr posts small blind 30
Elisa1303 posts big blind 60
Dealt to MathisKcr [2c 4d]
*** PRE-FLOP *** 
MathisKcr folds
Elisa1303 collected 90 from pot
*** SUMMARY ***
Total pot 90 | No rake
Seat 2: Elisa1303 (big blind) won 90


Winamax Poker - Tournament "Expresso Nitro" buyIn: 0.93€ + 0.07€ level: 4 - HandId: #4604967809108148225-13-1772524418 - Holdem no limit (30/60) - 2026/03/03 07:53:38 UTC
Table: 'Expresso Nitro(1072177619)#0' 3-max (real money) Seat #2 is the button
Seat 2: Elisa1303 (472)
Seat 3: MathisKcr (428)
*** ANTE/BLINDS ***
Elisa1303 posts small blind 30
MathisKcr posts big blind 60
Dealt to MathisKcr [Kd 9c]
*** PRE-FLOP *** 
Elisa1303 raises 60 to 120
MathisKcr raises 308 to 428 and is all-in
Elisa1303 folds
MathisKcr collected 548 from pot
*** SUMMARY ***
Total pot 548 | No rake
Seat 3: MathisKcr (big blind) won 548


Winamax Poker - Tournament "Expresso Nitro" buyIn: 0.93€ + 0.07€ level: 4 - HandId: #4604967809108148225-14-1772524434 - Holdem no limit (30/60) - 2026/03/03 07:53:54 UTC
Table: 'Expresso Nitro(1072177619)#0' 3-max (real money) Seat #3 is the button
Seat 2: Elisa1303 (352)
Seat 3: MathisKcr (548)
*** ANTE/BLINDS ***
MathisKcr posts small blind 30
Elisa1303 posts big blind 60
Dealt to MathisKcr [3h 3d]
*** PRE-FLOP *** 
MathisKcr raises 488 to 548 and is all-in
Elisa1303 calls 292 and is all-in
*** FLOP *** [Js 5s 9c]
*** TURN *** [Js 5s 9c][6c]
*** RIVER *** [Js 5s 9c 6c][Ks]
*** SHOW DOWN ***
Elisa1303 shows [Kc Td] (One pair : Kings)
MathisKcr shows [3h 3d] (One pair : 3)
MathisKcr collected 196 from side pot 1
Elisa1303 collected 704 from main pot
*** SUMMARY ***
Total pot 900 | No rake
Board: [Js 5s 9c 6c Ks]
Seat 2: Elisa1303 (big blind) showed [Kc Td] and won 704 with One pair : Kings
Seat 3: MathisKcr (small blind) (button) showed [3h 3d] and won 196 with One pair : 3


Winamax Poker - Tournament "Expresso Nitro" buyIn: 0.93€ + 0.07€ level: 4 - HandId: #4604967809108148225-15-1772524448 - Holdem no limit (30/60) - 2026/03/03 07:54:08 UTC
Table: 'Expresso Nitro(1072177619)#0' 3-max (real money) Seat #2 is the button
Seat 2: Elisa1303 (704)
Seat 3: MathisKcr (196)
*** ANTE/BLINDS ***
Elisa1303 posts small blind 30
MathisKcr posts big blind 60
Dealt to MathisKcr [Kh 2h]
*** PRE-FLOP *** 
Elisa1303 calls 30
MathisKcr raises 136 to 196 and is all-in
Elisa1303 calls 136
*** FLOP *** [3s 4s Qh]
*** TURN *** [3s 4s Qh][6d]
*** RIVER *** [3s 4s Qh 6d][4c]
*** SHOW DOWN ***
Elisa1303 shows [8d 5s] (One pair : 4)
MathisKcr shows [Kh 2h] (One pair : 4)
MathisKcr collected 392 from pot
*** SUMMARY ***
Total pot 392 | No rake
Board: [3s 4s Qh 6d 4c]
Seat 2: Elisa1303 (small blind) (button) showed [8d 5s] and lost with One pair : 4
Seat 3: MathisKcr (big blind) showed [Kh 2h] and won 392 with One pair : 4


Winamax Poker - Tournament "Expresso Nitro" buyIn: 0.93€ + 0.07€ level: 5 - HandId: #4604967809108148225-16-1772524461 - Holdem no limit (40/80) - 2026/03/03 07:54:21 UTC
Table: 'Expresso Nitro(1072177619)#0' 3-max (real money) Seat #3 is the button
Seat 2: Elisa1303 (508)
Seat 3: MathisKcr (392)
*** ANTE/BLINDS ***
MathisKcr posts small blind 40
Elisa1303 posts big blind 80
Dealt to MathisKcr [2c Jd]
*** PRE-FLOP *** 
MathisKcr folds
Elisa1303 collected 120 from pot
*** SUMMARY ***
Total pot 120 | No rake
Seat 2: Elisa1303 (big blind) won 120


Winamax Poker - Tournament "Expresso Nitro" buyIn: 0.93€ + 0.07€ level: 5 - HandId: #4604967809108148225-17-1772524470 - Holdem no limit (40/80) - 2026/03/03 07:54:30 UTC
Table: 'Expresso Nitro(1072177619)#0' 3-max (real money) Seat #2 is the button
Seat 2: Elisa1303 (548)
Seat 3: MathisKcr (352)
*** ANTE/BLINDS ***
Elisa1303 posts small blind 40
MathisKcr posts big blind 80
Dealt to MathisKcr [3c Ad]
*** PRE-FLOP *** 
Elisa1303 calls 40
MathisKcr raises 272 to 352 and is all-in
Elisa1303 folds
MathisKcr collected 432 from pot
*** SUMMARY ***
Total pot 432 | No rake
Seat 3: MathisKcr (big blind) won 432


Winamax Poker - Tournament "Expresso Nitro" buyIn: 0.93€ + 0.07€ level: 5 - HandId: #4604967809108148225-18-1772524481 - Holdem no limit (40/80) - 2026/03/03 07:54:41 UTC
Table: 'Expresso Nitro(1072177619)#0' 3-max (real money) Seat #3 is the button
Seat 2: Elisa1303 (468)
Seat 3: MathisKcr (432)
*** ANTE/BLINDS ***
MathisKcr posts small blind 40
Elisa1303 posts big blind 80
Dealt to MathisKcr [Kh 5c]
*** PRE-FLOP *** 
MathisKcr raises 352 to 432 and is all-in
Elisa1303 folds
MathisKcr collected 512 from pot
*** SUMMARY ***
Total pot 512 | No rake
Seat 3: MathisKcr (small blind) (button) won 512


Winamax Poker - Tournament "Expresso Nitro" buyIn: 0.93€ + 0.07€ level: 5 - HandId: #4604967809108148225-19-1772524489 - Holdem no limit (40/80) - 2026/03/03 07:54:49 UTC
Table: 'Expresso Nitro(1072177619)#0' 3-max (real money) Seat #2 is the button
Seat 2: Elisa1303 (388)
Seat 3: MathisKcr (512)
*** ANTE/BLINDS ***
Elisa1303 posts small blind 40
MathisKcr posts big blind 80
Dealt to MathisKcr [4d 9d]
*** PRE-FLOP *** 
Elisa1303 raises 80 to 160
MathisKcr calls 80
*** FLOP *** [2s 7s Qh]
MathisKcr checks
Elisa1303 bets 112
MathisKcr folds
Elisa1303 collected 432 from pot
*** SUMMARY ***
Total pot 432 | No rake
Board: [2s 7s Qh]
Seat 2: Elisa1303 (small blind) (button) won 432


Winamax Poker - Tournament "Expresso Nitro" buyIn: 0.93€ + 0.07€ level: 5 - HandId: #4604967809108148225-20-1772524502 - Holdem no limit (40/80) - 2026/03/03 07:55:02 UTC
Table: 'Expresso Nitro(1072177619)#0' 3-max (real money) Seat #3 is the button
Seat 2: Elisa1303 (548)
Seat 3: MathisKcr (352)
*** ANTE/BLINDS ***
MathisKcr posts small blind 40
Elisa1303 posts big blind 80
Dealt to MathisKcr [6s Qs]
*** PRE-FLOP *** 
MathisKcr raises 272 to 352 and is all-in
Elisa1303 calls 272
*** FLOP *** [5d Qh Ad]
*** TURN *** [5d Qh Ad][Js]
*** RIVER *** [5d Qh Ad Js][6h]
*** SHOW DOWN ***
Elisa1303 shows [4d 4s] (One pair : 4)
MathisKcr shows [6s Qs] (Two pairs : Queens and 6)
MathisKcr collected 704 from pot
*** SUMMARY ***
Total pot 704 | No rake
Board: [5d Qh Ad Js 6h]
Seat 2: Elisa1303 (big blind) showed [4d 4s] and lost with One pair : 4
Seat 3: MathisKcr (small blind) (button) showed [6s Qs] and won 704 with Two pairs : Queens and 6


Winamax Poker - Tournament "Expresso Nitro" buyIn: 0.93€ + 0.07€ level: 6 - HandId: #4604967809108148225-21-1772524514 - Holdem no limit (50/100) - 2026/03/03 07:55:14 UTC
Table: 'Expresso Nitro(1072177619)#0' 3-max (real money) Seat #2 is the button
Seat 2: Elisa1303 (196)
Seat 3: MathisKcr (704)
*** ANTE/BLINDS ***
Elisa1303 posts small blind 50
MathisKcr posts big blind 100
Dealt to MathisKcr [6c 2h]
*** PRE-FLOP *** 
Elisa1303 raises 96 to 196 and is all-in
MathisKcr folds
Elisa1303 collected 296 from pot
*** SUMMARY ***
Total pot 296 | No rake
Seat 2: Elisa1303 (small blind) (button) won 296


Winamax Poker - Tournament "Expresso Nitro" buyIn: 0.93€ + 0.07€ level: 6 - HandId: #4604967809108148225-22-1772524523 - Holdem no limit (50/100) - 2026/03/03 07:55:23 UTC
Table: 'Expresso Nitro(1072177619)#0' 3-max (real money) Seat #3 is the button
Seat 2: Elisa1303 (296)
Seat 3: MathisKcr (604)
*** ANTE/BLINDS ***
MathisKcr posts small blind 50
Elisa1303 posts big blind 100
Dealt to MathisKcr [Td Jc]
*** PRE-FLOP *** 
MathisKcr raises 504 to 604 and is all-in
Elisa1303 calls 196 and is all-in
*** FLOP *** [2d Th 2h]
*** TURN *** [2d Th 2h][5h]
*** RIVER *** [2d Th 2h 5h][9s]
*** SHOW DOWN ***
Elisa1303 shows [2c Kh] (Trips of 2)
MathisKcr shows [Td Jc] (Two pairs : Tens and 2)
MathisKcr collected 308 from side pot 1
Elisa1303 collected 592 from main pot
*** SUMMARY ***
Total pot 900 | No rake
Board: [2d Th 2h 5h 9s]
Seat 2: Elisa1303 (big blind) showed [2c Kh] and won 592 with Trips of 2
Seat 3: MathisKcr (small blind) (button) showed [Td Jc] and won 308 with Two pairs : Tens and 2


Winamax Poker - Tournament "Expresso Nitro" buyIn: 0.93€ + 0.07€ level: 6 - HandId: #4604967809108148225-23-1772524535 - Holdem no limit (50/100) - 2026/03/03 07:55:35 UTC
Table: 'Expresso Nitro(1072177619)#0' 3-max (real money) Seat #2 is the button
Seat 2: Elisa1303 (592)
Seat 3: MathisKcr (308)
*** ANTE/BLINDS ***
Elisa1303 posts small blind 50
MathisKcr posts big blind 100
Dealt to MathisKcr [4c Td]
*** PRE-FLOP *** 
Elisa1303 raises 100 to 200
MathisKcr folds
Elisa1303 collected 300 from pot
*** SUMMARY ***
Total pot 300 | No rake
Seat 2: Elisa1303 (small blind) (button) won 300


Winamax Poker - Tournament "Expresso Nitro" buyIn: 0.93€ + 0.07€ level: 6 - HandId: #4604967809108148225-24-1772524546 - Holdem no limit (50/100) - 2026/03/03 07:55:46 UTC
Table: 'Expresso Nitro(1072177619)#0' 3-max (real money) Seat #3 is the button
Seat 2: Elisa1303 (692)
Seat 3: MathisKcr (208)
*** ANTE/BLINDS ***
MathisKcr posts small blind 50
Elisa1303 posts big blind 100
Dealt to MathisKcr [Jc 2s]
*** PRE-FLOP *** 
MathisKcr raises 108 to 208 and is all-in
Elisa1303 calls 108
*** FLOP *** [8d 2c 9h]
*** TURN *** [8d 2c 9h][8h]
*** RIVER *** [8d 2c 9h 8h][4h]
*** SHOW DOWN ***
Elisa1303 shows [7d Ah] (One pair : 8)
MathisKcr shows [Jc 2s] (Two pairs : 8 and 2)
MathisKcr collected 416 from pot
*** SUMMARY ***
Total pot 416 | No rake
Board: [8d 2c 9h 8h 4h]
Seat 2: Elisa1303 (big blind) showed [7d Ah] and lost with One pair : 8
Seat 3: MathisKcr (small blind) (button) showed [Jc 2s] and won 416 with Two pairs : 8 and 2


Winamax Poker - Tournament "Expresso Nitro" buyIn: 0.93€ + 0.07€ level: 6 - HandId: #4604967809108148225-25-1772524558 - Holdem no limit (50/100) - 2026/03/03 07:55:58 UTC
Table: 'Expresso Nitro(1072177619)#0' 3-max (real money) Seat #2 is the button
Seat 2: Elisa1303 (484)
Seat 3: MathisKcr (416)
*** ANTE/BLINDS ***
Elisa1303 posts small blind 50
MathisKcr posts big blind 100
Dealt to MathisKcr [Jd 5d]
*** PRE-FLOP *** 
Elisa1303 raises 100 to 200
MathisKcr raises 216 to 416 and is all-in
Elisa1303 calls 216
*** FLOP *** [4s Kh Jh]
*** TURN *** [4s Kh Jh][7h]
*** RIVER *** [4s Kh Jh 7h][Ks]
*** SHOW DOWN ***
Elisa1303 shows [Ts 9s] (One pair : Kings)
MathisKcr shows [Jd 5d] (Two pairs : Kings and Jacks)
MathisKcr collected 832 from pot
*** SUMMARY ***
Total pot 832 | No rake
Board: [4s Kh Jh 7h Ks]
Seat 2: Elisa1303 (small blind) (button) showed [Ts 9s] and lost with One pair : Kings
Seat 3: MathisKcr (big blind) showed [Jd 5d] and won 832 with Two pairs : Kings and Jacks


Winamax Poker - Tournament "Expresso Nitro" buyIn: 0.93€ + 0.07€ level: 7 - HandId: #4604967809108148225-26-1772524574 - Holdem no limit (60/120) - 2026/03/03 07:56:14 UTC
Table: 'Expresso Nitro(1072177619)#0' 3-max (real money) Seat #3 is the button
Seat 2: Elisa1303 (68)
Seat 3: MathisKcr (832)
*** ANTE/BLINDS ***
MathisKcr posts small blind 60
Elisa1303 posts big blind 68 and is all-in
Dealt to MathisKcr [3d 5s]
*** PRE-FLOP *** 
MathisKcr folds
Elisa1303 collected 128 from pot
*** SUMMARY ***
Total pot 128 | No rake
Seat 2: Elisa1303 (big blind) won 128


Winamax Poker - Tournament "Expresso Nitro" buyIn: 0.93€ + 0.07€ level: 7 - HandId: #4604967809108148225-27-1772524579 - Holdem no limit (60/120) - 2026/03/03 07:56:19 UTC
Table: 'Expresso Nitro(1072177619)#0' 3-max (real money) Seat #2 is the button
Seat 2: Elisa1303 (128)
Seat 3: MathisKcr (772)
*** ANTE/BLINDS ***
Elisa1303 posts small blind 60
MathisKcr posts big blind 120
Dealt to MathisKcr [Kc 8h]
*** PRE-FLOP *** 
Elisa1303 raises 8 to 128 and is all-in
MathisKcr calls 8
*** FLOP *** [4s 5c 7h]
*** TURN *** [4s 5c 7h][Th]
*** RIVER *** [4s 5c 7h Th][8c]
*** SHOW DOWN ***
Elisa1303 shows [3h 9h] (High card : Ten)
MathisKcr shows [Kc 8h] (One pair : 8)
MathisKcr collected 256 from pot
*** SUMMARY ***
Total pot 256 | No rake
Board: [4s 5c 7h Th 8c]
Seat 2: Elisa1303 (small blind) (button) showed [3h 9h] and lost with High card : Ten
Seat 3: MathisKcr (big blind) showed [Kc 8h] and won 256 with One pair : 8


