Winamax Poker - Tournament "Expresso Nitro" buyIn: 0.93€ + 0.07€ level: 1 - HandId: #4667925484137349121-1-1774772803 - Holdem no limit (10/20) - 2026/03/29 08:26:43 UTC
Table: 'Expresso Nitro(1086836095)#0' 3-max (real money) Seat #3 is the button
Seat 1: Viral 989587 (300)
Seat 2: John W1ck (300)
Seat 3: MathisKcr (300)
*** ANTE/BLINDS ***
Viral 989587 posts small blind 10
John W1ck posts big blind 20
Dealt to MathisKcr [Kc 5h]
*** PRE-FLOP *** 
MathisKcr raises 20 to 40
Viral 989587 calls 30
John W1ck calls 20
*** FLOP *** [Qc 8d 8h]
Viral 989587 checks
John W1ck checks
MathisKcr bets 42
Viral 989587 calls 42
John W1ck calls 42
*** TURN *** [Qc 8d 8h][Th]
Viral 989587 checks
John W1ck bets 160
MathisKcr folds
Viral 989587 folds
John W1ck collected 406 from pot
*** SUMMARY ***
Total pot 406 | No rake
Board: [Qc 8d 8h Th]
Seat 2: John W1ck (big blind) won 406


Winamax Poker - Tournament "Expresso Nitro" buyIn: 0.93€ + 0.07€ level: 1 - HandId: #4667925484137349121-2-1774772830 - Holdem no limit (10/20) - 2026/03/29 08:27:10 UTC
Table: 'Expresso Nitro(1086836095)#0' 3-max (real money) Seat #1 is the button
Seat 1: Viral 989587 (218)
Seat 2: John W1ck (464)
Seat 3: MathisKcr (218)
*** ANTE/BLINDS ***
John W1ck posts small blind 10
MathisKcr posts big blind 20
Dealt to MathisKcr [8c 9c]
*** PRE-FLOP *** 
Viral 989587 calls 20
John W1ck folds
MathisKcr checks
*** FLOP *** [Qh 7s 9s]
MathisKcr bets 40
Viral 989587 calls 40
*** TURN *** [Qh 7s 9s][8s]
MathisKcr bets 65
Viral 989587 calls 65
*** RIVER *** [Qh 7s 9s 8s][4d]
MathisKcr bets 93 and is all-in
Viral 989587 calls 93 and is all-in
*** SHOW DOWN ***
Viral 989587 shows [6s Ah] (High card : Ace)
MathisKcr shows [8c 9c] (Two pairs : 9 and 8)
MathisKcr collected 446 from pot
*** SUMMARY ***
Total pot 446 | No rake
Board: [Qh 7s 9s 8s 4d]
Seat 1: Viral 989587 (button) showed [6s Ah] and lost with High card : Ace
Seat 3: MathisKcr (big blind) showed [8c 9c] and won 446 with Two pairs : 9 and 8


Winamax Poker - Tournament "Expresso Nitro" buyIn: 0.93€ + 0.07€ level: 2 - HandId: #4667925484137349121-3-1774772868 - Holdem no limit (15/30) - 2026/03/29 08:27:48 UTC
Table: 'Expresso Nitro(1086836095)#0' 3-max (real money) Seat #3 is the button
Seat 2: John W1ck (454)
Seat 3: MathisKcr (446)
*** ANTE/BLINDS ***
MathisKcr posts small blind 15
John W1ck posts big blind 30
Dealt to MathisKcr [Ad Qd]
*** PRE-FLOP *** 
MathisKcr raises 416 to 446 and is all-in
John W1ck folds
MathisKcr collected 476 from pot
*** SUMMARY ***
Total pot 476 | No rake
Seat 3: MathisKcr (small blind) (button) won 476


Winamax Poker - Tournament "Expresso Nitro" buyIn: 0.93€ + 0.07€ level: 2 - HandId: #4667925484137349121-4-1774772883 - Holdem no limit (15/30) - 2026/03/29 08:28:03 UTC
Table: 'Expresso Nitro(1086836095)#0' 3-max (real money) Seat #2 is the button
Seat 2: John W1ck (424)
Seat 3: MathisKcr (476)
*** ANTE/BLINDS ***
John W1ck posts small blind 15
MathisKcr posts big blind 30
Dealt to MathisKcr [5c Ad]
*** PRE-FLOP *** 
John W1ck raises 394 to 424 and is all-in
MathisKcr calls 394
*** FLOP *** [9h Qd 3c]
*** TURN *** [9h Qd 3c][Jc]
*** RIVER *** [9h Qd 3c Jc][Td]
*** SHOW DOWN ***
MathisKcr shows [5c Ad] (High card : Ace)
John W1ck shows [Ks 9c] (Straight King high)
John W1ck collected 848 from pot
*** SUMMARY ***
Total pot 848 | No rake
Board: [9h Qd 3c Jc Td]
Seat 2: John W1ck (small blind) (button) showed [Ks 9c] and won 848 with Straight King high
Seat 3: MathisKcr (big blind) showed [5c Ad] and lost with High card : Ace


Winamax Poker - Tournament "Expresso Nitro" buyIn: 0.93€ + 0.07€ level: 2 - HandId: #4667925484137349121-5-1774772896 - Holdem no limit (15/30) - 2026/03/29 08:28:16 UTC
Table: 'Expresso Nitro(1086836095)#0' 3-max (real money) Seat #3 is the button
Seat 2: John W1ck (848)
Seat 3: MathisKcr (52)
*** ANTE/BLINDS ***
MathisKcr posts small blind 15
John W1ck posts big blind 30
Dealt to MathisKcr [Ks 4d]
*** PRE-FLOP *** 
MathisKcr raises 22 to 52 and is all-in
John W1ck calls 22
*** FLOP *** [8s Jc 9s]
*** TURN *** [8s Jc 9s][4h]
*** RIVER *** [8s Jc 9s 4h][7s]
*** SHOW DOWN ***
John W1ck shows [Ac Qc] (High card : Ace)
MathisKcr shows [Ks 4d] (One pair : 4)
MathisKcr collected 104 from pot
*** SUMMARY ***
Total pot 104 | No rake
Board: [8s Jc 9s 4h 7s]
Seat 2: John W1ck (big blind) showed [Ac Qc] and lost with High card : Ace
Seat 3: MathisKcr (small blind) (button) showed [Ks 4d] and won 104 with One pair : 4


Winamax Poker - Tournament "Expresso Nitro" buyIn: 0.93€ + 0.07€ level: 2 - HandId: #4667925484137349121-6-1774772907 - Holdem no limit (15/30) - 2026/03/29 08:28:27 UTC
Table: 'Expresso Nitro(1086836095)#0' 3-max (real money) Seat #2 is the button
Seat 2: John W1ck (796)
Seat 3: MathisKcr (104)
*** ANTE/BLINDS ***
John W1ck posts small blind 15
MathisKcr posts big blind 30
Dealt to MathisKcr [Jh 6s]
*** PRE-FLOP *** 
John W1ck raises 60 to 90
MathisKcr raises 14 to 104 and is all-in
John W1ck calls 14
*** FLOP *** [4d 3c 4c]
*** TURN *** [4d 3c 4c][Ks]
*** RIVER *** [4d 3c 4c Ks][7d]
*** SHOW DOWN ***
MathisKcr shows [Jh 6s] (One pair : 4)
John W1ck shows [Ah 5s] (One pair : 4)
John W1ck collected 208 from pot
*** SUMMARY ***
Total pot 208 | No rake
Board: [4d 3c 4c Ks 7d]
Seat 2: John W1ck (small blind) (button) showed [Ah 5s] and won 208 with One pair : 4
Seat 3: MathisKcr (big blind) showed [Jh 6s] and lost with One pair : 4


