Winamax Poker - Tournament "Expresso Nitro" buyIn: 0.93€ + 0.07€ level: 1 - HandId: #4671562913415168001-1-1774905962 - Holdem no limit (10/20) - 2026/03/30 21:26:02 UTC
Table: 'Expresso Nitro(1087683000)#0' 3-max (real money) Seat #1 is the button
Seat 1: MathisKcr (300)
Seat 2: DANDAG62 (300)
Seat 3: 1mhotep (300)
*** ANTE/BLINDS ***
DANDAG62 posts small blind 10
1mhotep posts big blind 20
Dealt to MathisKcr [5s 3s]
*** PRE-FLOP *** 
MathisKcr folds
DANDAG62 folds
1mhotep collected 30 from pot
*** SUMMARY ***
Total pot 30 | No rake
Seat 3: 1mhotep (big blind) won 30


Winamax Poker - Tournament "Expresso Nitro" buyIn: 0.93€ + 0.07€ level: 1 - HandId: #4671562913415168001-2-1774905970 - Holdem no limit (10/20) - 2026/03/30 21:26:10 UTC
Table: 'Expresso Nitro(1087683000)#0' 3-max (real money) Seat #2 is the button
Seat 1: MathisKcr (300)
Seat 2: DANDAG62 (290)
Seat 3: 1mhotep (310)
*** ANTE/BLINDS ***
1mhotep posts small blind 10
MathisKcr posts big blind 20
Dealt to MathisKcr [7c 9s]
*** PRE-FLOP *** 
DANDAG62 folds
1mhotep raises 22 to 42
MathisKcr folds
1mhotep collected 62 from pot
*** SUMMARY ***
Total pot 62 | No rake
Seat 3: 1mhotep (small blind) won 62


Winamax Poker - Tournament "Expresso Nitro" buyIn: 0.93€ + 0.07€ level: 1 - HandId: #4671562913415168001-3-1774905980 - Holdem no limit (10/20) - 2026/03/30 21:26:20 UTC
Table: 'Expresso Nitro(1087683000)#0' 3-max (real money) Seat #3 is the button
Seat 1: MathisKcr (280)
Seat 2: DANDAG62 (290)
Seat 3: 1mhotep (330)
*** ANTE/BLINDS ***
MathisKcr posts small blind 10
DANDAG62 posts big blind 20
Dealt to MathisKcr [Tc Ah]
*** PRE-FLOP *** 
1mhotep calls 20
MathisKcr raises 260 to 280 and is all-in
DANDAG62 folds
1mhotep folds
MathisKcr collected 320 from pot
*** SUMMARY ***
Total pot 320 | No rake
Seat 1: MathisKcr (small blind) won 320


Winamax Poker - Tournament "Expresso Nitro" buyIn: 0.93€ + 0.07€ level: 1 - HandId: #4671562913415168001-4-1774905998 - Holdem no limit (10/20) - 2026/03/30 21:26:38 UTC
Table: 'Expresso Nitro(1087683000)#0' 3-max (real money) Seat #1 is the button
Seat 1: MathisKcr (320)
Seat 2: DANDAG62 (270)
Seat 3: 1mhotep (310)
*** ANTE/BLINDS ***
DANDAG62 posts small blind 10
1mhotep posts big blind 20
Dealt to MathisKcr [4h 9d]
*** PRE-FLOP *** 
MathisKcr folds
DANDAG62 folds
1mhotep collected 30 from pot
*** SUMMARY ***
Total pot 30 | No rake
Seat 3: 1mhotep (big blind) won 30


Winamax Poker - Tournament "Expresso Nitro" buyIn: 0.93€ + 0.07€ level: 1 - HandId: #4671562913415168001-5-1774906013 - Holdem no limit (10/20) - 2026/03/30 21:26:53 UTC
Table: 'Expresso Nitro(1087683000)#0' 3-max (real money) Seat #2 is the button
Seat 1: MathisKcr (320)
Seat 2: DANDAG62 (260)
Seat 3: 1mhotep (320)
*** ANTE/BLINDS ***
1mhotep posts small blind 10
MathisKcr posts big blind 20
Dealt to MathisKcr [Ad 5h]
*** PRE-FLOP *** 
DANDAG62 calls 20
1mhotep raises 60 to 80
MathisKcr folds
DANDAG62 calls 60
*** FLOP *** [Qs 6d Td]
1mhotep bets 90
DANDAG62 folds
1mhotep collected 270 from pot
*** SUMMARY ***
Total pot 270 | No rake
Board: [Qs 6d Td]
Seat 3: 1mhotep (small blind) won 270


Winamax Poker - Tournament "Expresso Nitro" buyIn: 0.93€ + 0.07€ level: 2 - HandId: #4671562913415168001-6-1774906052 - Holdem no limit (15/30) - 2026/03/30 21:27:32 UTC
Table: 'Expresso Nitro(1087683000)#0' 3-max (real money) Seat #3 is the button
Seat 1: MathisKcr (300)
Seat 2: DANDAG62 (180)
Seat 3: 1mhotep (420)
*** ANTE/BLINDS ***
MathisKcr posts small blind 15
DANDAG62 posts big blind 30
Dealt to MathisKcr [Td 5d]
*** PRE-FLOP *** 
1mhotep calls 30
MathisKcr folds
DANDAG62 checks
*** FLOP *** [Ts 3c 6s]
DANDAG62 bets 49
1mhotep folds
DANDAG62 collected 124 from pot
*** SUMMARY ***
Total pot 124 | No rake
Board: [Ts 3c 6s]
Seat 2: DANDAG62 (big blind) won 124


Winamax Poker - Tournament "Expresso Nitro" buyIn: 0.93€ + 0.07€ level: 2 - HandId: #4671562913415168001-7-1774906075 - Holdem no limit (15/30) - 2026/03/30 21:27:55 UTC
Table: 'Expresso Nitro(1087683000)#0' 3-max (real money) Seat #1 is the button
Seat 1: MathisKcr (285)
Seat 2: DANDAG62 (225)
Seat 3: 1mhotep (390)
*** ANTE/BLINDS ***
DANDAG62 posts small blind 15
1mhotep posts big blind 30
Dealt to MathisKcr [Js As]
*** PRE-FLOP *** 
MathisKcr raises 255 to 285 and is all-in
DANDAG62 folds
1mhotep calls 255
*** FLOP *** [Ac 7h Jc]
*** TURN *** [Ac 7h Jc][4s]
*** RIVER *** [Ac 7h Jc 4s][Qh]
*** SHOW DOWN ***
1mhotep shows [8h 8c] (One pair : 8)
MathisKcr shows [Js As] (Two pairs : Aces and Jacks)
MathisKcr collected 585 from pot
*** SUMMARY ***
Total pot 585 | No rake
Board: [Ac 7h Jc 4s Qh]
Seat 1: MathisKcr (button) showed [Js As] and won 585 with Two pairs : Aces and Jacks
Seat 3: 1mhotep (big blind) showed [8h 8c] and lost with One pair : 8


Winamax Poker - Tournament "Expresso Nitro" buyIn: 0.93€ + 0.07€ level: 3 - HandId: #4671562913415168001-8-1774906098 - Holdem no limit (20/40) - 2026/03/30 21:28:18 UTC
Table: 'Expresso Nitro(1087683000)#0' 3-max (real money) Seat #2 is the button
Seat 1: MathisKcr (585)
Seat 2: DANDAG62 (210)
Seat 3: 1mhotep (105)
*** ANTE/BLINDS ***
1mhotep posts small blind 20
MathisKcr posts big blind 40
Dealt to MathisKcr [8h Jh]
*** PRE-FLOP *** 
DANDAG62 calls 40
1mhotep raises 65 to 105 and is all-in
MathisKcr raises 480 to 585 and is all-in
DANDAG62 calls 170 and is all-in
*** FLOP *** [Tc Kd 8s]
*** TURN *** [Tc Kd 8s][2c]
*** RIVER *** [Tc Kd 8s 2c][2s]
*** SHOW DOWN ***
DANDAG62 shows [Qd Jc] (One pair : 2)
1mhotep shows [3s Qh] (One pair : 2)
MathisKcr shows [8h Jh] (Two pairs : 8 and 2)
MathisKcr collected 900 from pot
*** SUMMARY ***
Total pot 900 | No rake
Board: [Tc Kd 8s 2c 2s]
Seat 1: MathisKcr (big blind) showed [8h Jh] and won 900 with Two pairs : 8 and 2
Seat 2: DANDAG62 (button) showed [Qd Jc] and lost with One pair : 2
Seat 3: 1mhotep (small blind) showed [3s Qh] and lost with One pair : 2


