Winamax Poker - Tournament "Expresso Nitro" buyIn: 0.93€ + 0.07€ level: 1 - HandId: #4612341297292771329-1-1772816281 - Holdem no limit (10/20) - 2026/03/06 16:58:01 UTC
Table: 'Expresso Nitro(1073894393)#0' 3-max (real money) Seat #2 is the button
Seat 1: MathisKcr (300)
Seat 2: Cotovio87 (300)
Seat 3: KL_Joker811 (300)
*** ANTE/BLINDS ***
KL_Joker811 posts small blind 10
MathisKcr posts big blind 20
Dealt to MathisKcr [Qs Td]
*** PRE-FLOP *** 
Cotovio87 calls 20
KL_Joker811 calls 10
MathisKcr raises 40 to 60
Cotovio87 folds
KL_Joker811 folds
MathisKcr collected 100 from pot
*** SUMMARY ***
Total pot 100 | No rake
Seat 1: MathisKcr (big blind) won 100


Winamax Poker - Tournament "Expresso Nitro" buyIn: 0.93€ + 0.07€ level: 1 - HandId: #4612341297292771329-2-1772816303 - Holdem no limit (10/20) - 2026/03/06 16:58:23 UTC
Table: 'Expresso Nitro(1073894393)#0' 3-max (real money) Seat #3 is the button
Seat 1: MathisKcr (340)
Seat 2: Cotovio87 (280)
Seat 3: KL_Joker811 (280)
*** ANTE/BLINDS ***
MathisKcr posts small blind 10
Cotovio87 posts big blind 20
Dealt to MathisKcr [5h 9s]
*** PRE-FLOP *** 
KL_Joker811 raises 20 to 40
MathisKcr folds
Cotovio87 calls 20
*** FLOP *** [Ts Ks 5d]
Cotovio87 checks
KL_Joker811 checks
*** TURN *** [Ts Ks 5d][7s]
Cotovio87 bets 20
KL_Joker811 calls 20
*** RIVER *** [Ts Ks 5d 7s][7d]
Cotovio87 bets 85
KL_Joker811 folds
Cotovio87 collected 215 from pot
*** SUMMARY ***
Total pot 215 | No rake
Board: [Ts Ks 5d 7s 7d]
Seat 2: Cotovio87 (big blind) won 215


Winamax Poker - Tournament "Expresso Nitro" buyIn: 0.93€ + 0.07€ level: 1 - HandId: #4612341297292771329-3-1772816331 - Holdem no limit (10/20) - 2026/03/06 16:58:51 UTC
Table: 'Expresso Nitro(1073894393)#0' 3-max (real money) Seat #1 is the button
Seat 1: MathisKcr (330)
Seat 2: Cotovio87 (350)
Seat 3: KL_Joker811 (220)
*** ANTE/BLINDS ***
Cotovio87 posts small blind 10
KL_Joker811 posts big blind 20
Dealt to MathisKcr [9c Qh]
*** PRE-FLOP *** 
MathisKcr raises 40 to 60
Cotovio87 folds
KL_Joker811 folds
MathisKcr collected 90 from pot
*** SUMMARY ***
Total pot 90 | No rake
Seat 1: MathisKcr (button) won 90


Winamax Poker - Tournament "Expresso Nitro" buyIn: 0.93€ + 0.07€ level: 2 - HandId: #4612341297292771329-4-1772816343 - Holdem no limit (15/30) - 2026/03/06 16:59:03 UTC
Table: 'Expresso Nitro(1073894393)#0' 3-max (real money) Seat #2 is the button
Seat 1: MathisKcr (360)
Seat 2: Cotovio87 (340)
Seat 3: KL_Joker811 (200)
*** ANTE/BLINDS ***
KL_Joker811 posts small blind 15
MathisKcr posts big blind 30
Dealt to MathisKcr [5h Qs]
*** PRE-FLOP *** 
Cotovio87 folds
KL_Joker811 calls 15
MathisKcr checks
*** FLOP *** [8h Tc Ac]
KL_Joker811 checks
MathisKcr bets 30
KL_Joker811 calls 30
*** TURN *** [8h Tc Ac][9d]
KL_Joker811 checks
MathisKcr checks
*** RIVER *** [8h Tc Ac 9d][4s]
KL_Joker811 bets 30
MathisKcr folds
KL_Joker811 collected 150 from pot
*** SUMMARY ***
Total pot 150 | No rake
Board: [8h Tc Ac 9d 4s]
Seat 3: KL_Joker811 (small blind) won 150


Winamax Poker - Tournament "Expresso Nitro" buyIn: 0.93€ + 0.07€ level: 2 - HandId: #4612341297292771329-5-1772816369 - Holdem no limit (15/30) - 2026/03/06 16:59:29 UTC
Table: 'Expresso Nitro(1073894393)#0' 3-max (real money) Seat #3 is the button
Seat 1: MathisKcr (300)
Seat 2: Cotovio87 (340)
Seat 3: KL_Joker811 (260)
*** ANTE/BLINDS ***
MathisKcr posts small blind 15
Cotovio87 posts big blind 30
Dealt to MathisKcr [3d 4h]
*** PRE-FLOP *** 
KL_Joker811 calls 30
MathisKcr calls 15
Cotovio87 checks
*** FLOP *** [Tc Jc 2h]
MathisKcr checks
Cotovio87 checks
KL_Joker811 checks
*** TURN *** [Tc Jc 2h][3s]
MathisKcr checks
Cotovio87 checks
KL_Joker811 checks
*** RIVER *** [Tc Jc 2h 3s][Qs]
MathisKcr checks
Cotovio87 checks
KL_Joker811 checks
*** SHOW DOWN ***
Cotovio87 shows [5h 7c] (High card : Queen)
KL_Joker811 shows [6s Kh] (High card : King)
MathisKcr shows [3d 4h] (One pair : 3)
MathisKcr collected 90 from pot
*** SUMMARY ***
Total pot 90 | No rake
Board: [Tc Jc 2h 3s Qs]
Seat 1: MathisKcr (small blind) showed [3d 4h] and won 90 with One pair : 3
Seat 2: Cotovio87 (big blind) showed [5h 7c] and lost with High card : Queen
Seat 3: KL_Joker811 (button) showed [6s Kh] and lost with High card : King


Winamax Poker - Tournament "Expresso Nitro" buyIn: 0.93€ + 0.07€ level: 3 - HandId: #4612341297292771329-6-1772816414 - Holdem no limit (20/40) - 2026/03/06 17:00:14 UTC
Table: 'Expresso Nitro(1073894393)#0' 3-max (real money) Seat #1 is the button
Seat 1: MathisKcr (360)
Seat 2: Cotovio87 (310)
Seat 3: KL_Joker811 (230)
*** ANTE/BLINDS ***
Cotovio87 posts small blind 20
KL_Joker811 posts big blind 40
Dealt to MathisKcr [7h Ad]
*** PRE-FLOP *** 
MathisKcr raises 320 to 360 and is all-in
Cotovio87 folds
KL_Joker811 folds
MathisKcr collected 420 from pot
*** SUMMARY ***
Total pot 420 | No rake
Seat 1: MathisKcr (button) won 420


Winamax Poker - Tournament "Expresso Nitro" buyIn: 0.93€ + 0.07€ level: 3 - HandId: #4612341297292771329-7-1772816428 - Holdem no limit (20/40) - 2026/03/06 17:00:28 UTC
Table: 'Expresso Nitro(1073894393)#0' 3-max (real money) Seat #2 is the button
Seat 1: MathisKcr (420)
Seat 2: Cotovio87 (290)
Seat 3: KL_Joker811 (190)
*** ANTE/BLINDS ***
KL_Joker811 posts small blind 20
MathisKcr posts big blind 40
Dealt to MathisKcr [4c Qc]
*** PRE-FLOP *** 
Cotovio87 folds
KL_Joker811 calls 20
MathisKcr checks
*** FLOP *** [4d Jh 7h]
KL_Joker811 checks
MathisKcr bets 40
KL_Joker811 calls 40
*** TURN *** [4d Jh 7h][5c]
KL_Joker811 checks
MathisKcr bets 80
KL_Joker811 folds
MathisKcr collected 240 from pot
*** SUMMARY ***
Total pot 240 | No rake
Board: [4d Jh 7h 5c]
Seat 1: MathisKcr (big blind) won 240


Winamax Poker - Tournament "Expresso Nitro" buyIn: 0.93€ + 0.07€ level: 4 - HandId: #4612341297292771329-8-1772816469 - Holdem no limit (30/60) - 2026/03/06 17:01:09 UTC
Table: 'Expresso Nitro(1073894393)#0' 3-max (real money) Seat #3 is the button
Seat 1: MathisKcr (500)
Seat 2: Cotovio87 (290)
Seat 3: KL_Joker811 (110)
*** ANTE/BLINDS ***
MathisKcr posts small blind 30
Cotovio87 posts big blind 60
Dealt to MathisKcr [Ac 8d]
*** PRE-FLOP *** 
KL_Joker811 raises 50 to 110 and is all-in
MathisKcr raises 390 to 500 and is all-in
Cotovio87 folds
*** FLOP *** [9c 8s 6d]
*** TURN *** [9c 8s 6d][7s]
*** RIVER *** [9c 8s 6d 7s][Kc]
*** SHOW DOWN ***
KL_Joker811 shows [6s Ad] (One pair : 6)
MathisKcr shows [Ac 8d] (One pair : 8)
MathisKcr collected 670 from pot
*** SUMMARY ***
Total pot 670 | No rake
Board: [9c 8s 6d 7s Kc]
Seat 1: MathisKcr (small blind) showed [Ac 8d] and won 670 with One pair : 8
Seat 3: KL_Joker811 (button) showed [6s Ad] and lost with One pair : 6


Winamax Poker - Tournament "Expresso Nitro" buyIn: 0.93€ + 0.07€ level: 4 - HandId: #4612341297292771329-9-1772816487 - Holdem no limit (30/60) - 2026/03/06 17:01:27 UTC
Table: 'Expresso Nitro(1073894393)#0' 3-max (real money) Seat #2 is the button
Seat 1: MathisKcr (670)
Seat 2: Cotovio87 (230)
*** ANTE/BLINDS ***
Cotovio87 posts small blind 30
MathisKcr posts big blind 60
Dealt to MathisKcr [6s Jh]
*** PRE-FLOP *** 
Cotovio87 raises 170 to 230 and is all-in
MathisKcr folds
Cotovio87 collected 290 from pot
*** SUMMARY ***
Total pot 290 | No rake
Seat 2: Cotovio87 (small blind) (button) won 290


Winamax Poker - Tournament "Expresso Nitro" buyIn: 0.93€ + 0.07€ level: 4 - HandId: #4612341297292771329-10-1772816494 - Holdem no limit (30/60) - 2026/03/06 17:01:34 UTC
Table: 'Expresso Nitro(1073894393)#0' 3-max (real money) Seat #1 is the button
Seat 1: MathisKcr (610)
Seat 2: Cotovio87 (290)
*** ANTE/BLINDS ***
MathisKcr posts small blind 30
Cotovio87 posts big blind 60
Dealt to MathisKcr [2c 9c]
*** PRE-FLOP *** 
MathisKcr calls 30
Cotovio87 raises 120 to 180
MathisKcr folds
Cotovio87 collected 240 from pot
*** SUMMARY ***
Total pot 240 | No rake
Seat 2: Cotovio87 (big blind) won 240


Winamax Poker - Tournament "Expresso Nitro" buyIn: 0.93€ + 0.07€ level: 4 - HandId: #4612341297292771329-11-1772816501 - Holdem no limit (30/60) - 2026/03/06 17:01:41 UTC
Table: 'Expresso Nitro(1073894393)#0' 3-max (real money) Seat #2 is the button
Seat 1: MathisKcr (550)
Seat 2: Cotovio87 (350)
*** ANTE/BLINDS ***
Cotovio87 posts small blind 30
MathisKcr posts big blind 60
Dealt to MathisKcr [9c 3c]
*** PRE-FLOP *** 
Cotovio87 calls 30
MathisKcr checks
*** FLOP *** [Qs 4h 5s]
MathisKcr checks
Cotovio87 bets 78
MathisKcr folds
Cotovio87 collected 198 from pot
*** SUMMARY ***
Total pot 198 | No rake
Board: [Qs 4h 5s]
Seat 2: Cotovio87 (small blind) (button) won 198


Winamax Poker - Tournament "Expresso Nitro" buyIn: 0.93€ + 0.07€ level: 4 - HandId: #4612341297292771329-12-1772816513 - Holdem no limit (30/60) - 2026/03/06 17:01:53 UTC
Table: 'Expresso Nitro(1073894393)#0' 3-max (real money) Seat #1 is the button
Seat 1: MathisKcr (490)
Seat 2: Cotovio87 (410)
*** ANTE/BLINDS ***
MathisKcr posts small blind 30
Cotovio87 posts big blind 60
Dealt to MathisKcr [As Th]
*** PRE-FLOP *** 
MathisKcr raises 430 to 490 and is all-in
Cotovio87 calls 350 and is all-in
*** FLOP *** [9s 5s 4s]
*** TURN *** [9s 5s 4s][2d]
*** RIVER *** [9s 5s 4s 2d][9c]
*** SHOW DOWN ***
MathisKcr shows [As Th] (One pair : 9)
Cotovio87 shows [9h Ad] (Trips of 9)
Cotovio87 collected 820 from main pot
MathisKcr collected 80 from side pot 1
*** SUMMARY ***
Total pot 900 | No rake
Board: [9s 5s 4s 2d 9c]
Seat 1: MathisKcr (small blind) (button) showed [As Th] and won 80 with One pair : 9
Seat 2: Cotovio87 (big blind) showed [9h Ad] and won 820 with Trips of 9


Winamax Poker - Tournament "Expresso Nitro" buyIn: 0.93€ + 0.07€ level: 5 - HandId: #4612341297292771329-13-1772816525 - Holdem no limit (40/80) - 2026/03/06 17:02:05 UTC
Table: 'Expresso Nitro(1073894393)#0' 3-max (real money) Seat #2 is the button
Seat 1: MathisKcr (80)
Seat 2: Cotovio87 (820)
*** ANTE/BLINDS ***
Cotovio87 posts small blind 40
MathisKcr posts big blind 80 and is all-in
Dealt to MathisKcr [6s 7s]
*** PRE-FLOP *** 
Cotovio87 calls 40
*** FLOP *** [6d Js Th]
*** TURN *** [6d Js Th][Qs]
*** RIVER *** [6d Js Th Qs][Qc]
*** SHOW DOWN ***
MathisKcr shows [6s 7s] (Two pairs : Queens and 6)
Cotovio87 shows [5h 6c] (Two pairs : Queens and 6)
Cotovio87 collected 80 from pot
MathisKcr collected 80 from pot
*** SUMMARY ***
Total pot 160 | No rake
Board: [6d Js Th Qs Qc]
Seat 1: MathisKcr (big blind) showed [6s 7s] and won 80 with Two pairs : Queens and 6
Seat 2: Cotovio87 (small blind) (button) showed [5h 6c] and won 80 with Two pairs : Queens and 6


Winamax Poker - Tournament "Expresso Nitro" buyIn: 0.93€ + 0.07€ level: 5 - HandId: #4612341297292771329-14-1772816536 - Holdem no limit (40/80) - 2026/03/06 17:02:16 UTC
Table: 'Expresso Nitro(1073894393)#0' 3-max (real money) Seat #1 is the button
Seat 1: MathisKcr (80)
Seat 2: Cotovio87 (820)
*** ANTE/BLINDS ***
MathisKcr posts small blind 40
Cotovio87 posts big blind 80
Dealt to MathisKcr [5c 8c]
*** PRE-FLOP *** 
MathisKcr calls 40 and is all-in
*** FLOP *** [7s Jd 8s]
*** TURN *** [7s Jd 8s][Kd]
*** RIVER *** [7s Jd 8s Kd][7h]
*** SHOW DOWN ***
MathisKcr shows [5c 8c] (Two pairs : 8 and 7)
Cotovio87 shows [2c Js] (Two pairs : Jacks and 7)
Cotovio87 collected 160 from pot
*** SUMMARY ***
Total pot 160 | No rake
Board: [7s Jd 8s Kd 7h]
Seat 1: MathisKcr (small blind) (button) showed [5c 8c] and lost with Two pairs : 8 and 7
Seat 2: Cotovio87 (big blind) showed [2c Js] and won 160 with Two pairs : Jacks and 7


