Winamax Poker - Tournament "Expresso Nitro" buyIn: 0.93€ + 0.07€ level: 1 - HandId: #4675082926877048833-1-1775050757 - Holdem no limit (10/20) - 2026/04/01 13:39:17 UTC
Table: 'Expresso Nitro(1088502567)#0' 3-max (real money) Seat #3 is the button
Seat 1: MathisKcr (300)
Seat 2: ProExpresso (300)
Seat 3: Denden1313 (300)
*** ANTE/BLINDS ***
MathisKcr posts small blind 10
ProExpresso posts big blind 20
Dealt to MathisKcr [6s Td]
*** PRE-FLOP *** 
Denden1313 folds
MathisKcr folds
ProExpresso collected 30 from pot
*** SUMMARY ***
Total pot 30 | No rake
Seat 2: ProExpresso (big blind) won 30


Winamax Poker - Tournament "Expresso Nitro" buyIn: 0.93€ + 0.07€ level: 1 - HandId: #4675082926877048833-2-1775050768 - Holdem no limit (10/20) - 2026/04/01 13:39:28 UTC
Table: 'Expresso Nitro(1088502567)#0' 3-max (real money) Seat #1 is the button
Seat 1: MathisKcr (290)
Seat 2: ProExpresso (310)
Seat 3: Denden1313 (300)
*** ANTE/BLINDS ***
ProExpresso posts small blind 10
Denden1313 posts big blind 20
Dealt to MathisKcr [7s Jh]
*** PRE-FLOP *** 
MathisKcr folds
ProExpresso raises 290 to 310 and is all-in
Denden1313 folds
ProExpresso collected 330 from pot
*** SUMMARY ***
Total pot 330 | No rake
Seat 2: ProExpresso (small blind) won 330


Winamax Poker - Tournament "Expresso Nitro" buyIn: 0.93€ + 0.07€ level: 1 - HandId: #4675082926877048833-3-1775050781 - Holdem no limit (10/20) - 2026/04/01 13:39:41 UTC
Table: 'Expresso Nitro(1088502567)#0' 3-max (real money) Seat #2 is the button
Seat 1: MathisKcr (290)
Seat 2: ProExpresso (330)
Seat 3: Denden1313 (280)
*** ANTE/BLINDS ***
Denden1313 posts small blind 10
MathisKcr posts big blind 20
Dealt to MathisKcr [2d Tc]
*** PRE-FLOP *** 
ProExpresso folds
Denden1313 calls 10
MathisKcr checks
*** FLOP *** [4h 3c 5d]
Denden1313 checks
MathisKcr checks
*** TURN *** [4h 3c 5d][2h]
Denden1313 bets 20
MathisKcr calls 20
*** RIVER *** [4h 3c 5d 2h][5s]
Denden1313 bets 20
MathisKcr calls 20
*** SHOW DOWN ***
MathisKcr shows [2d Tc] (Two pairs : 5 and 2)
Denden1313 shows [9d 3d] (Two pairs : 5 and 3)
Denden1313 collected 120 from pot
*** SUMMARY ***
Total pot 120 | No rake
Board: [4h 3c 5d 2h 5s]
Seat 1: MathisKcr (big blind) showed [2d Tc] and lost with Two pairs : 5 and 2
Seat 3: Denden1313 (small blind) showed [9d 3d] and won 120 with Two pairs : 5 and 3


Winamax Poker - Tournament "Expresso Nitro" buyIn: 0.93€ + 0.07€ level: 2 - HandId: #4675082926877048833-4-1775050820 - Holdem no limit (15/30) - 2026/04/01 13:40:20 UTC
Table: 'Expresso Nitro(1088502567)#0' 3-max (real money) Seat #3 is the button
Seat 1: MathisKcr (230)
Seat 2: ProExpresso (330)
Seat 3: Denden1313 (340)
*** ANTE/BLINDS ***
MathisKcr posts small blind 15
ProExpresso posts big blind 30
Dealt to MathisKcr [Jh 8c]
*** PRE-FLOP *** 
Denden1313 folds
MathisKcr folds
ProExpresso collected 45 from pot
*** SUMMARY ***
Total pot 45 | No rake
Seat 2: ProExpresso (big blind) won 45


Winamax Poker - Tournament "Expresso Nitro" buyIn: 0.93€ + 0.07€ level: 2 - HandId: #4675082926877048833-5-1775050827 - Holdem no limit (15/30) - 2026/04/01 13:40:27 UTC
Table: 'Expresso Nitro(1088502567)#0' 3-max (real money) Seat #1 is the button
Seat 1: MathisKcr (215)
Seat 2: ProExpresso (345)
Seat 3: Denden1313 (340)
*** ANTE/BLINDS ***
ProExpresso posts small blind 15
Denden1313 posts big blind 30
Dealt to MathisKcr [Ad Qh]
*** PRE-FLOP *** 
MathisKcr raises 30 to 60
ProExpresso folds
Denden1313 raises 280 to 340 and is all-in
MathisKcr calls 155 and is all-in
*** FLOP *** [5s 5h Kh]
*** TURN *** [5s 5h Kh][7s]
*** RIVER *** [5s 5h Kh 7s][Qc]
*** SHOW DOWN ***
MathisKcr shows [Ad Qh] (Two pairs : Queens and 5)
Denden1313 shows [9c 9d] (Two pairs : 9 and 5)
Denden1313 collected 125 from side pot 1
MathisKcr collected 445 from main pot
*** SUMMARY ***
Total pot 570 | No rake
Board: [5s 5h Kh 7s Qc]
Seat 1: MathisKcr (button) showed [Ad Qh] and won 445 with Two pairs : Queens and 5
Seat 3: Denden1313 (big blind) showed [9c 9d] and won 125 with Two pairs : 9 and 5


Winamax Poker - Tournament "Expresso Nitro" buyIn: 0.93€ + 0.07€ level: 2 - HandId: #4675082926877048833-6-1775050852 - Holdem no limit (15/30) - 2026/04/01 13:40:52 UTC
Table: 'Expresso Nitro(1088502567)#0' 3-max (real money) Seat #2 is the button
Seat 1: MathisKcr (445)
Seat 2: ProExpresso (330)
Seat 3: Denden1313 (125)
*** ANTE/BLINDS ***
Denden1313 posts small blind 15
MathisKcr posts big blind 30
Dealt to MathisKcr [4d 9s]
*** PRE-FLOP *** 
ProExpresso raises 300 to 330 and is all-in
Denden1313 folds
MathisKcr folds
ProExpresso collected 375 from pot
*** SUMMARY ***
Total pot 375 | No rake
Seat 2: ProExpresso (button) won 375


Winamax Poker - Tournament "Expresso Nitro" buyIn: 0.93€ + 0.07€ level: 2 - HandId: #4675082926877048833-7-1775050860 - Holdem no limit (15/30) - 2026/04/01 13:41:00 UTC
Table: 'Expresso Nitro(1088502567)#0' 3-max (real money) Seat #3 is the button
Seat 1: MathisKcr (415)
Seat 2: ProExpresso (375)
Seat 3: Denden1313 (110)
*** ANTE/BLINDS ***
MathisKcr posts small blind 15
ProExpresso posts big blind 30
Dealt to MathisKcr [Kh 9h]
*** PRE-FLOP *** 
Denden1313 calls 30
MathisKcr raises 385 to 415 and is all-in
ProExpresso calls 345 and is all-in
Denden1313 folds
*** FLOP *** [Jc 2c 7d]
*** TURN *** [Jc 2c 7d][5c]
*** RIVER *** [Jc 2c 7d 5c][Kd]
*** SHOW DOWN ***
ProExpresso shows [Ah Qc] (High card : Ace)
MathisKcr shows [Kh 9h] (One pair : Kings)
MathisKcr collected 820 from pot
*** SUMMARY ***
Total pot 820 | No rake
Board: [Jc 2c 7d 5c Kd]
Seat 1: MathisKcr (small blind) showed [Kh 9h] and won 820 with One pair : Kings
Seat 2: ProExpresso (big blind) showed [Ah Qc] and lost with High card : Ace


Winamax Poker - Tournament "Expresso Nitro" buyIn: 0.93€ + 0.07€ level: 3 - HandId: #4675082926877048833-8-1775050888 - Holdem no limit (20/40) - 2026/04/01 13:41:28 UTC
Table: 'Expresso Nitro(1088502567)#0' 3-max (real money) Seat #3 is the button
Seat 1: MathisKcr (820)
Seat 3: Denden1313 (80)
*** ANTE/BLINDS ***
Denden1313 posts small blind 20
MathisKcr posts big blind 40
Dealt to MathisKcr [8s 2c]
*** PRE-FLOP *** 
Denden1313 raises 40 to 80 and is all-in
MathisKcr calls 40
*** FLOP *** [4s 6s 7s]
*** TURN *** [4s 6s 7s][Kh]
*** RIVER *** [4s 6s 7s Kh][Ac]
*** SHOW DOWN ***
MathisKcr shows [8s 2c] (High card : Ace)
Denden1313 shows [3d 7d] (One pair : 7)
Denden1313 collected 160 from pot
*** SUMMARY ***
Total pot 160 | No rake
Board: [4s 6s 7s Kh Ac]
Seat 1: MathisKcr (big blind) showed [8s 2c] and lost with High card : Ace
Seat 3: Denden1313 (small blind) (button) showed [3d 7d] and won 160 with One pair : 7


Winamax Poker - Tournament "Expresso Nitro" buyIn: 0.93€ + 0.07€ level: 3 - HandId: #4675082926877048833-9-1775050901 - Holdem no limit (20/40) - 2026/04/01 13:41:41 UTC
Table: 'Expresso Nitro(1088502567)#0' 3-max (real money) Seat #1 is the button
Seat 1: MathisKcr (740)
Seat 3: Denden1313 (160)
*** ANTE/BLINDS ***
MathisKcr posts small blind 20
Denden1313 posts big blind 40
Dealt to MathisKcr [4s Tc]
*** PRE-FLOP *** 
MathisKcr folds
Denden1313 collected 60 from pot
*** SUMMARY ***
Total pot 60 | No rake
Seat 3: Denden1313 (big blind) won 60


Winamax Poker - Tournament "Expresso Nitro" buyIn: 0.93€ + 0.07€ level: 3 - HandId: #4675082926877048833-10-1775050908 - Holdem no limit (20/40) - 2026/04/01 13:41:48 UTC
Table: 'Expresso Nitro(1088502567)#0' 3-max (real money) Seat #3 is the button
Seat 1: MathisKcr (720)
Seat 3: Denden1313 (180)
*** ANTE/BLINDS ***
Denden1313 posts small blind 20
MathisKcr posts big blind 40
Dealt to MathisKcr [3c Kd]
*** PRE-FLOP *** 
Denden1313 folds
MathisKcr collected 60 from pot
*** SUMMARY ***
Total pot 60 | No rake
Seat 1: MathisKcr (big blind) won 60


Winamax Poker - Tournament "Expresso Nitro" buyIn: 0.93€ + 0.07€ level: 3 - HandId: #4675082926877048833-11-1775050912 - Holdem no limit (20/40) - 2026/04/01 13:41:52 UTC
Table: 'Expresso Nitro(1088502567)#0' 3-max (real money) Seat #1 is the button
Seat 1: MathisKcr (740)
Seat 3: Denden1313 (160)
*** ANTE/BLINDS ***
MathisKcr posts small blind 20
Denden1313 posts big blind 40
Dealt to MathisKcr [Qs Kh]
*** PRE-FLOP *** 
MathisKcr raises 700 to 740 and is all-in
Denden1313 calls 120 and is all-in
*** FLOP *** [7d 9h 6h]
*** TURN *** [7d 9h 6h][4c]
*** RIVER *** [7d 9h 6h 4c][Jc]
*** SHOW DOWN ***
MathisKcr shows [Qs Kh] (High card : King)
Denden1313 shows [Ac Td] (High card : Ace)
Denden1313 collected 320 from main pot
MathisKcr collected 580 from side pot 1
*** SUMMARY ***
Total pot 900 | No rake
Board: [7d 9h 6h 4c Jc]
Seat 1: MathisKcr (small blind) (button) showed [Qs Kh] and won 580 with High card : King
Seat 3: Denden1313 (big blind) showed [Ac Td] and won 320 with High card : Ace


Winamax Poker - Tournament "Expresso Nitro" buyIn: 0.93€ + 0.07€ level: 3 - HandId: #4675082926877048833-12-1775050924 - Holdem no limit (20/40) - 2026/04/01 13:42:04 UTC
Table: 'Expresso Nitro(1088502567)#0' 3-max (real money) Seat #3 is the button
Seat 1: MathisKcr (580)
Seat 3: Denden1313 (320)
*** ANTE/BLINDS ***
Denden1313 posts small blind 20
MathisKcr posts big blind 40
Dealt to MathisKcr [8s As]
*** PRE-FLOP *** 
Denden1313 calls 20
MathisKcr raises 540 to 580 and is all-in
Denden1313 folds
MathisKcr collected 620 from pot
*** SUMMARY ***
Total pot 620 | No rake
Seat 1: MathisKcr (big blind) won 620


Winamax Poker - Tournament "Expresso Nitro" buyIn: 0.93€ + 0.07€ level: 3 - HandId: #4675082926877048833-13-1775050932 - Holdem no limit (20/40) - 2026/04/01 13:42:12 UTC
Table: 'Expresso Nitro(1088502567)#0' 3-max (real money) Seat #1 is the button
Seat 1: MathisKcr (620)
Seat 3: Denden1313 (280)
*** ANTE/BLINDS ***
MathisKcr posts small blind 20
Denden1313 posts big blind 40
Dealt to MathisKcr [4h 9s]
*** PRE-FLOP *** 
MathisKcr folds
Denden1313 collected 60 from pot
*** SUMMARY ***
Total pot 60 | No rake
Seat 3: Denden1313 (big blind) won 60


Winamax Poker - Tournament "Expresso Nitro" buyIn: 0.93€ + 0.07€ level: 4 - HandId: #4675082926877048833-14-1775050936 - Holdem no limit (30/60) - 2026/04/01 13:42:16 UTC
Table: 'Expresso Nitro(1088502567)#0' 3-max (real money) Seat #3 is the button
Seat 1: MathisKcr (600)
Seat 3: Denden1313 (300)
*** ANTE/BLINDS ***
Denden1313 posts small blind 30
MathisKcr posts big blind 60
Dealt to MathisKcr [8c 5h]
*** PRE-FLOP *** 
Denden1313 raises 60 to 120
MathisKcr folds
Denden1313 collected 180 from pot
*** SUMMARY ***
Total pot 180 | No rake
Seat 3: Denden1313 (small blind) (button) won 180


Winamax Poker - Tournament "Expresso Nitro" buyIn: 0.93€ + 0.07€ level: 4 - HandId: #4675082926877048833-15-1775050943 - Holdem no limit (30/60) - 2026/04/01 13:42:23 UTC
Table: 'Expresso Nitro(1088502567)#0' 3-max (real money) Seat #1 is the button
Seat 1: MathisKcr (540)
Seat 3: Denden1313 (360)
*** ANTE/BLINDS ***
MathisKcr posts small blind 30
Denden1313 posts big blind 60
Dealt to MathisKcr [2s Jh]
*** PRE-FLOP *** 
MathisKcr raises 480 to 540 and is all-in
Denden1313 folds
MathisKcr collected 600 from pot
*** SUMMARY ***
Total pot 600 | No rake
Seat 1: MathisKcr (small blind) (button) won 600


Winamax Poker - Tournament "Expresso Nitro" buyIn: 0.93€ + 0.07€ level: 4 - HandId: #4675082926877048833-16-1775050950 - Holdem no limit (30/60) - 2026/04/01 13:42:30 UTC
Table: 'Expresso Nitro(1088502567)#0' 3-max (real money) Seat #3 is the button
Seat 1: MathisKcr (600)
Seat 3: Denden1313 (300)
*** ANTE/BLINDS ***
Denden1313 posts small blind 30
MathisKcr posts big blind 60
Dealt to MathisKcr [Jd 4h]
*** PRE-FLOP *** 
Denden1313 raises 60 to 120
MathisKcr folds
Denden1313 collected 180 from pot
*** SUMMARY ***
Total pot 180 | No rake
Seat 3: Denden1313 (small blind) (button) won 180


Winamax Poker - Tournament "Expresso Nitro" buyIn: 0.93€ + 0.07€ level: 4 - HandId: #4675082926877048833-17-1775050969 - Holdem no limit (30/60) - 2026/04/01 13:42:49 UTC
Table: 'Expresso Nitro(1088502567)#0' 3-max (real money) Seat #1 is the button
Seat 1: MathisKcr (540)
Seat 3: Denden1313 (360)
*** ANTE/BLINDS ***
MathisKcr posts small blind 30
Denden1313 posts big blind 60
Dealt to MathisKcr [4c 3d]
*** PRE-FLOP *** 
MathisKcr folds
Denden1313 collected 90 from pot
*** SUMMARY ***
Total pot 90 | No rake
Seat 3: Denden1313 (big blind) won 90


Winamax Poker - Tournament "Expresso Nitro" buyIn: 0.93€ + 0.07€ level: 4 - HandId: #4675082926877048833-18-1775050977 - Holdem no limit (30/60) - 2026/04/01 13:42:57 UTC
Table: 'Expresso Nitro(1088502567)#0' 3-max (real money) Seat #3 is the button
Seat 1: MathisKcr (510)
Seat 3: Denden1313 (390)
*** ANTE/BLINDS ***
Denden1313 posts small blind 30
MathisKcr posts big blind 60
Dealt to MathisKcr [9h Ks]
*** PRE-FLOP *** 
Denden1313 calls 30
MathisKcr raises 450 to 510 and is all-in
Denden1313 folds
MathisKcr collected 570 from pot
*** SUMMARY ***
Total pot 570 | No rake
Seat 1: MathisKcr (big blind) won 570


Winamax Poker - Tournament "Expresso Nitro" buyIn: 0.93€ + 0.07€ level: 4 - HandId: #4675082926877048833-19-1775050987 - Holdem no limit (30/60) - 2026/04/01 13:43:07 UTC
Table: 'Expresso Nitro(1088502567)#0' 3-max (real money) Seat #1 is the button
Seat 1: MathisKcr (570)
Seat 3: Denden1313 (330)
*** ANTE/BLINDS ***
MathisKcr posts small blind 30
Denden1313 posts big blind 60
Dealt to MathisKcr [Kh Kc]
*** PRE-FLOP *** 
MathisKcr raises 510 to 570 and is all-in
Denden1313 calls 270 and is all-in
*** FLOP *** [Jd Jh 3s]
*** TURN *** [Jd Jh 3s][7c]
*** RIVER *** [Jd Jh 3s 7c][Th]
*** SHOW DOWN ***
Denden1313 shows [Ah 6h] (One pair : Jacks)
MathisKcr shows [Kh Kc] (Two pairs : Kings and Jacks)
MathisKcr collected 900 from pot
*** SUMMARY ***
Total pot 900 | No rake
Board: [Jd Jh 3s 7c Th]
Seat 1: MathisKcr (small blind) (button) showed [Kh Kc] and won 900 with Two pairs : Kings and Jacks
Seat 3: Denden1313 (big blind) showed [Ah 6h] and lost with One pair : Jacks


