Winamax Poker - Tournament "Expresso Nitro" buyIn: 0.46€ + 0.04€ level: 1 - HandId: #4526606702023278593-1-1769684549 - Holdem no limit (10/20) - 2026/01/29 11:02:29 UTC
Table: 'Expresso Nitro(1053932752)#0' 3-max (real money) Seat #1 is the button
Seat 1: MathisKcr (300)
Seat 2: soyuntieso.. (300)
Seat 3: louuuuu41 (300)
*** ANTE/BLINDS ***
soyuntieso.. posts small blind 10
louuuuu41 posts big blind 20
Dealt to MathisKcr [Jd 6h]
*** PRE-FLOP *** 
MathisKcr calls 20
soyuntieso.. calls 10
louuuuu41 checks
*** FLOP *** [2d Kc Qd]
soyuntieso.. bets 20
louuuuu41 raises 260 to 280 and is all-in
MathisKcr folds
soyuntieso.. calls 260 and is all-in
*** TURN *** [2d Kc Qd][9s]
*** RIVER *** [2d Kc Qd 9s][2c]
*** SHOW DOWN ***
soyuntieso.. shows [Td 7d] (One pair : 2)
louuuuu41 shows [Ad 2h] (Trips of 2)
louuuuu41 collected 620 from pot
*** SUMMARY ***
Total pot 620 | No rake
Board: [2d Kc Qd 9s 2c]
Seat 2: soyuntieso.. (small blind) showed [Td 7d] and lost with One pair : 2
Seat 3: louuuuu41 (big blind) showed [Ad 2h] and won 620 with Trips of 2


Winamax Poker - Tournament "Expresso Nitro" buyIn: 0.46€ + 0.04€ level: 1 - HandId: #4526606702023278593-2-1769684567 - Holdem no limit (10/20) - 2026/01/29 11:02:47 UTC
Table: 'Expresso Nitro(1053932752)#0' 3-max (real money) Seat #3 is the button
Seat 1: MathisKcr (280)
Seat 3: louuuuu41 (620)
*** ANTE/BLINDS ***
louuuuu41 posts small blind 10
MathisKcr posts big blind 20
Dealt to MathisKcr [5d 5h]
*** PRE-FLOP *** 
louuuuu41 calls 10
MathisKcr raises 260 to 280 and is all-in
louuuuu41 folds
MathisKcr collected 300 from pot
*** SUMMARY ***
Total pot 300 | No rake
Seat 1: MathisKcr (big blind) won 300


Winamax Poker - Tournament "Expresso Nitro" buyIn: 0.46€ + 0.04€ level: 1 - HandId: #4526606702023278593-3-1769684579 - Holdem no limit (10/20) - 2026/01/29 11:02:59 UTC
Table: 'Expresso Nitro(1053932752)#0' 3-max (real money) Seat #1 is the button
Seat 1: MathisKcr (300)
Seat 3: louuuuu41 (600)
*** ANTE/BLINDS ***
MathisKcr posts small blind 10
louuuuu41 posts big blind 20
Dealt to MathisKcr [7h 2d]
*** PRE-FLOP *** 
MathisKcr raises 40 to 60
louuuuu41 raises 540 to 600 and is all-in
MathisKcr folds
louuuuu41 collected 660 from pot
*** SUMMARY ***
Total pot 660 | No rake
Seat 3: louuuuu41 (big blind) won 660


Winamax Poker - Tournament "Expresso Nitro" buyIn: 0.46€ + 0.04€ level: 1 - HandId: #4526606702023278593-4-1769684588 - Holdem no limit (10/20) - 2026/01/29 11:03:08 UTC
Table: 'Expresso Nitro(1053932752)#0' 3-max (real money) Seat #3 is the button
Seat 1: MathisKcr (240)
Seat 3: louuuuu41 (660)
*** ANTE/BLINDS ***
louuuuu41 posts small blind 10
MathisKcr posts big blind 20
Dealt to MathisKcr [As 3d]
*** PRE-FLOP *** 
louuuuu41 calls 10
MathisKcr raises 220 to 240 and is all-in
louuuuu41 folds
MathisKcr collected 260 from pot
*** SUMMARY ***
Total pot 260 | No rake
Seat 1: MathisKcr (big blind) won 260


Winamax Poker - Tournament "Expresso Nitro" buyIn: 0.46€ + 0.04€ level: 1 - HandId: #4526606702023278593-5-1769684599 - Holdem no limit (10/20) - 2026/01/29 11:03:19 UTC
Table: 'Expresso Nitro(1053932752)#0' 3-max (real money) Seat #1 is the button
Seat 1: MathisKcr (260)
Seat 3: louuuuu41 (640)
*** ANTE/BLINDS ***
MathisKcr posts small blind 10
louuuuu41 posts big blind 20
Dealt to MathisKcr [Qd 8h]
*** PRE-FLOP *** 
MathisKcr raises 240 to 260 and is all-in
louuuuu41 raises 380 to 640 and is all-in
*** FLOP *** [5c Ad 5d]
*** TURN *** [5c Ad 5d][8c]
*** RIVER *** [5c Ad 5d 8c][2s]
*** SHOW DOWN ***
MathisKcr shows [Qd 8h] (Two pairs : 8 and 5)
louuuuu41 shows [Qs Jc] (One pair : 5)
louuuuu41 collected 380 from side pot 1
MathisKcr collected 520 from main pot
*** SUMMARY ***
Total pot 900 | No rake
Board: [5c Ad 5d 8c 2s]
Seat 1: MathisKcr (small blind) (button) showed [Qd 8h] and won 520 with Two pairs : 8 and 5
Seat 3: louuuuu41 (big blind) showed [Qs Jc] and won 380 with One pair : 5


Winamax Poker - Tournament "Expresso Nitro" buyIn: 0.46€ + 0.04€ level: 2 - HandId: #4526606702023278593-6-1769684613 - Holdem no limit (15/30) - 2026/01/29 11:03:33 UTC
Table: 'Expresso Nitro(1053932752)#0' 3-max (real money) Seat #3 is the button
Seat 1: MathisKcr (520)
Seat 3: louuuuu41 (380)
*** ANTE/BLINDS ***
louuuuu41 posts small blind 15
MathisKcr posts big blind 30
Dealt to MathisKcr [Ah 6d]
*** PRE-FLOP *** 
louuuuu41 calls 15
MathisKcr raises 490 to 520 and is all-in
louuuuu41 folds
MathisKcr collected 550 from pot
*** SUMMARY ***
Total pot 550 | No rake
Seat 1: MathisKcr (big blind) won 550


Winamax Poker - Tournament "Expresso Nitro" buyIn: 0.46€ + 0.04€ level: 2 - HandId: #4526606702023278593-7-1769684623 - Holdem no limit (15/30) - 2026/01/29 11:03:43 UTC
Table: 'Expresso Nitro(1053932752)#0' 3-max (real money) Seat #1 is the button
Seat 1: MathisKcr (550)
Seat 3: louuuuu41 (350)
*** ANTE/BLINDS ***
MathisKcr posts small blind 15
louuuuu41 posts big blind 30
Dealt to MathisKcr [3h Td]
*** PRE-FLOP *** 
MathisKcr raises 30 to 60
louuuuu41 calls 30
*** FLOP *** [Qs 6h 6s]
louuuuu41 bets 30
MathisKcr folds
louuuuu41 collected 150 from pot
*** SUMMARY ***
Total pot 150 | No rake
Board: [Qs 6h 6s]
Seat 3: louuuuu41 (big blind) won 150


Winamax Poker - Tournament "Expresso Nitro" buyIn: 0.46€ + 0.04€ level: 2 - HandId: #4526606702023278593-8-1769684635 - Holdem no limit (15/30) - 2026/01/29 11:03:55 UTC
Table: 'Expresso Nitro(1053932752)#0' 3-max (real money) Seat #3 is the button
Seat 1: MathisKcr (490)
Seat 3: louuuuu41 (410)
*** ANTE/BLINDS ***
louuuuu41 posts small blind 15
MathisKcr posts big blind 30
Dealt to MathisKcr [2s 8h]
*** PRE-FLOP *** 
louuuuu41 calls 15
MathisKcr checks
*** FLOP *** [As 2c 8s]
MathisKcr checks
louuuuu41 bets 30
MathisKcr raises 30 to 60
louuuuu41 calls 30
*** TURN *** [As 2c 8s][3c]
MathisKcr checks
louuuuu41 checks
*** RIVER *** [As 2c 8s 3c][Ks]
MathisKcr bets 90
louuuuu41 folds
MathisKcr collected 270 from pot
*** SUMMARY ***
Total pot 270 | No rake
Board: [As 2c 8s 3c Ks]
Seat 1: MathisKcr (big blind) won 270


Winamax Poker - Tournament "Expresso Nitro" buyIn: 0.46€ + 0.04€ level: 2 - HandId: #4526606702023278593-9-1769684659 - Holdem no limit (15/30) - 2026/01/29 11:04:19 UTC
Table: 'Expresso Nitro(1053932752)#0' 3-max (real money) Seat #1 is the button
Seat 1: MathisKcr (580)
Seat 3: louuuuu41 (320)
*** ANTE/BLINDS ***
MathisKcr posts small blind 15
louuuuu41 posts big blind 30
Dealt to MathisKcr [8h 5c]
*** PRE-FLOP *** 
MathisKcr raises 30 to 60
louuuuu41 folds
MathisKcr collected 90 from pot
*** SUMMARY ***
Total pot 90 | No rake
Seat 1: MathisKcr (small blind) (button) won 90


Winamax Poker - Tournament "Expresso Nitro" buyIn: 0.46€ + 0.04€ level: 2 - HandId: #4526606702023278593-10-1769684666 - Holdem no limit (15/30) - 2026/01/29 11:04:26 UTC
Table: 'Expresso Nitro(1053932752)#0' 3-max (real money) Seat #3 is the button
Seat 1: MathisKcr (610)
Seat 3: louuuuu41 (290)
*** ANTE/BLINDS ***
louuuuu41 posts small blind 15
MathisKcr posts big blind 30
Dealt to MathisKcr [Ks Jh]
*** PRE-FLOP *** 
louuuuu41 raises 260 to 290 and is all-in
MathisKcr calls 260
*** FLOP *** [Td 7s Jc]
*** TURN *** [Td 7s Jc][4c]
*** RIVER *** [Td 7s Jc 4c][Th]
*** SHOW DOWN ***
MathisKcr shows [Ks Jh] (Two pairs : Jacks and Tens)
louuuuu41 shows [Tc Kd] (Trips of Tens)
louuuuu41 collected 580 from pot
*** SUMMARY ***
Total pot 580 | No rake
Board: [Td 7s Jc 4c Th]
Seat 1: MathisKcr (big blind) showed [Ks Jh] and lost with Two pairs : Jacks and Tens
Seat 3: louuuuu41 (small blind) (button) showed [Tc Kd] and won 580 with Trips of Tens


Winamax Poker - Tournament "Expresso Nitro" buyIn: 0.46€ + 0.04€ level: 3 - HandId: #4526606702023278593-11-1769684677 - Holdem no limit (20/40) - 2026/01/29 11:04:37 UTC
Table: 'Expresso Nitro(1053932752)#0' 3-max (real money) Seat #1 is the button
Seat 1: MathisKcr (320)
Seat 3: louuuuu41 (580)
*** ANTE/BLINDS ***
MathisKcr posts small blind 20
louuuuu41 posts big blind 40
Dealt to MathisKcr [2s 6c]
*** PRE-FLOP *** 
MathisKcr folds
louuuuu41 collected 60 from pot
*** SUMMARY ***
Total pot 60 | No rake
Seat 3: louuuuu41 (big blind) won 60


Winamax Poker - Tournament "Expresso Nitro" buyIn: 0.46€ + 0.04€ level: 3 - HandId: #4526606702023278593-12-1769684684 - Holdem no limit (20/40) - 2026/01/29 11:04:44 UTC
Table: 'Expresso Nitro(1053932752)#0' 3-max (real money) Seat #3 is the button
Seat 1: MathisKcr (300)
Seat 3: louuuuu41 (600)
*** ANTE/BLINDS ***
louuuuu41 posts small blind 20
MathisKcr posts big blind 40
Dealt to MathisKcr [8s Qh]
*** PRE-FLOP *** 
louuuuu41 raises 560 to 600 and is all-in
MathisKcr calls 260 and is all-in
*** FLOP *** [Td 8d 3c]
*** TURN *** [Td 8d 3c][Qc]
*** RIVER *** [Td 8d 3c Qc][Jd]
*** SHOW DOWN ***
MathisKcr shows [8s Qh] (Two pairs : Queens and 8)
louuuuu41 shows [Th Kc] (One pair : Tens)
louuuuu41 collected 300 from side pot 1
MathisKcr collected 600 from main pot
*** SUMMARY ***
Total pot 900 | No rake
Board: [Td 8d 3c Qc Jd]
Seat 1: MathisKcr (big blind) showed [8s Qh] and won 600 with Two pairs : Queens and 8
Seat 3: louuuuu41 (small blind) (button) showed [Th Kc] and won 300 with One pair : Tens


Winamax Poker - Tournament "Expresso Nitro" buyIn: 0.46€ + 0.04€ level: 3 - HandId: #4526606702023278593-13-1769684708 - Holdem no limit (20/40) - 2026/01/29 11:05:08 UTC
Table: 'Expresso Nitro(1053932752)#0' 3-max (real money) Seat #1 is the button
Seat 1: MathisKcr (600)
Seat 3: louuuuu41 (300)
*** ANTE/BLINDS ***
MathisKcr posts small blind 20
louuuuu41 posts big blind 40
Dealt to MathisKcr [Td 7s]
*** PRE-FLOP *** 
MathisKcr raises 40 to 80
louuuuu41 calls 40
*** FLOP *** [4d 6c 3d]
louuuuu41 bets 40
MathisKcr calls 40
*** TURN *** [4d 6c 3d][Ah]
louuuuu41 bets 40
MathisKcr folds
louuuuu41 collected 280 from pot
*** SUMMARY ***
Total pot 280 | No rake
Board: [4d 6c 3d Ah]
Seat 3: louuuuu41 (big blind) won 280


Winamax Poker - Tournament "Expresso Nitro" buyIn: 0.46€ + 0.04€ level: 4 - HandId: #4526606702023278593-14-1769684729 - Holdem no limit (30/60) - 2026/01/29 11:05:29 UTC
Table: 'Expresso Nitro(1053932752)#0' 3-max (real money) Seat #3 is the button
Seat 1: MathisKcr (480)
Seat 3: louuuuu41 (420)
*** ANTE/BLINDS ***
louuuuu41 posts small blind 30
MathisKcr posts big blind 60
Dealt to MathisKcr [7d Kh]
*** PRE-FLOP *** 
louuuuu41 raises 360 to 420 and is all-in
MathisKcr calls 360
*** FLOP *** [9h Tc Qd]
*** TURN *** [9h Tc Qd][8c]
*** RIVER *** [9h Tc Qd 8c][4h]
*** SHOW DOWN ***
MathisKcr shows [7d Kh] (High card : King)
louuuuu41 shows [Ac 5c] (High card : Ace)
louuuuu41 collected 840 from pot
*** SUMMARY ***
Total pot 840 | No rake
Board: [9h Tc Qd 8c 4h]
Seat 1: MathisKcr (big blind) showed [7d Kh] and lost with High card : King
Seat 3: louuuuu41 (small blind) (button) showed [Ac 5c] and won 840 with High card : Ace


Winamax Poker - Tournament "Expresso Nitro" buyIn: 0.46€ + 0.04€ level: 4 - HandId: #4526606702023278593-15-1769684744 - Holdem no limit (30/60) - 2026/01/29 11:05:44 UTC
Table: 'Expresso Nitro(1053932752)#0' 3-max (real money) Seat #1 is the button
Seat 1: MathisKcr (60)
Seat 3: louuuuu41 (840)
*** ANTE/BLINDS ***
MathisKcr posts small blind 30
louuuuu41 posts big blind 60
Dealt to MathisKcr [Jd 3c]
*** PRE-FLOP *** 
MathisKcr calls 30 and is all-in
*** FLOP *** [3s Ts Kc]
*** TURN *** [3s Ts Kc][Jh]
*** RIVER *** [3s Ts Kc Jh][5s]
*** SHOW DOWN ***
louuuuu41 shows [7d Ah] (High card : Ace)
MathisKcr shows [Jd 3c] (Two pairs : Jacks and 3)
MathisKcr collected 120 from pot
*** SUMMARY ***
Total pot 120 | No rake
Board: [3s Ts Kc Jh 5s]
Seat 1: MathisKcr (small blind) (button) showed [Jd 3c] and won 120 with Two pairs : Jacks and 3
Seat 3: louuuuu41 (big blind) showed [7d Ah] and lost with High card : Ace


Winamax Poker - Tournament "Expresso Nitro" buyIn: 0.46€ + 0.04€ level: 4 - HandId: #4526606702023278593-16-1769684759 - Holdem no limit (30/60) - 2026/01/29 11:05:59 UTC
Table: 'Expresso Nitro(1053932752)#0' 3-max (real money) Seat #3 is the button
Seat 1: MathisKcr (120)
Seat 3: louuuuu41 (780)
*** ANTE/BLINDS ***
louuuuu41 posts small blind 30
MathisKcr posts big blind 60
Dealt to MathisKcr [5c 7c]
*** PRE-FLOP *** 
louuuuu41 raises 720 to 780 and is all-in
MathisKcr calls 60 and is all-in
*** FLOP *** [3h Ac 6s]
*** TURN *** [3h Ac 6s][5d]
*** RIVER *** [3h Ac 6s 5d][8d]
*** SHOW DOWN ***
MathisKcr shows [5c 7c] (One pair : 5)
louuuuu41 shows [Kh As] (One pair : Aces)
louuuuu41 collected 900 from pot
*** SUMMARY ***
Total pot 900 | No rake
Board: [3h Ac 6s 5d 8d]
Seat 1: MathisKcr (big blind) showed [5c 7c] and lost with One pair : 5
Seat 3: louuuuu41 (small blind) (button) showed [Kh As] and won 900 with One pair : Aces


