Winamax Poker - Tournament "Expresso Nitro" buyIn: 0.93€ + 0.07€ level: 1 - HandId: #4688820113485332481-1-1775567652 - Holdem no limit (10/20) - 2026/04/07 13:14:12 UTC
Table: 'Expresso Nitro(1091701005)#0' 3-max (real money) Seat #2 is the button
Seat 1: NOA GOAT561 (300)
Seat 2: CoteSniper92 (300)
Seat 3: MathisKcr (300)
*** ANTE/BLINDS ***
MathisKcr posts small blind 10
NOA GOAT561 posts big blind 20
Dealt to MathisKcr [7s Qh]
*** PRE-FLOP *** 
CoteSniper92 calls 20
MathisKcr folds
NOA GOAT561 checks
*** FLOP *** [Kh 4h 8c]
NOA GOAT561 checks
CoteSniper92 bets 20
NOA GOAT561 folds
CoteSniper92 collected 70 from pot
*** SUMMARY ***
Total pot 70 | No rake
Board: [Kh 4h 8c]
Seat 2: CoteSniper92 (button) won 70


Winamax Poker - Tournament "Expresso Nitro" buyIn: 0.93€ + 0.07€ level: 1 - HandId: #4688820113485332481-2-1775567671 - Holdem no limit (10/20) - 2026/04/07 13:14:31 UTC
Table: 'Expresso Nitro(1091701005)#0' 3-max (real money) Seat #3 is the button
Seat 1: NOA GOAT561 (280)
Seat 2: CoteSniper92 (330)
Seat 3: MathisKcr (290)
*** ANTE/BLINDS ***
NOA GOAT561 posts small blind 10
CoteSniper92 posts big blind 20
Dealt to MathisKcr [Kh Kd]
*** PRE-FLOP *** 
MathisKcr raises 20 to 40
NOA GOAT561 folds
CoteSniper92 calls 20
*** FLOP *** [2h 9s 9d]
CoteSniper92 bets 40
MathisKcr calls 40
*** TURN *** [2h 9s 9d][8c]
CoteSniper92 bets 40
MathisKcr calls 40
*** RIVER *** [2h 9s 9d 8c][9c]
CoteSniper92 bets 40
MathisKcr raises 130 to 170 and is all-in
CoteSniper92 raises 40 to 210 and is all-in
*** SHOW DOWN ***
CoteSniper92 shows [As 4s] (Trips of 9)
MathisKcr shows [Kh Kd] (Full of 9 and Kings)
MathisKcr collected 590 from main pot
CoteSniper92 collected 40 from side pot 1
*** SUMMARY ***
Total pot 630 | No rake
Board: [2h 9s 9d 8c 9c]
Seat 2: CoteSniper92 (big blind) showed [As 4s] and won 40 with Trips of 9
Seat 3: MathisKcr (button) showed [Kh Kd] and won 590 with Full of 9 and Kings


Winamax Poker - Tournament "Expresso Nitro" buyIn: 0.93€ + 0.07€ level: 1 - HandId: #4688820113485332481-3-1775567702 - Holdem no limit (10/20) - 2026/04/07 13:15:02 UTC
Table: 'Expresso Nitro(1091701005)#0' 3-max (real money) Seat #1 is the button
Seat 1: NOA GOAT561 (270)
Seat 2: CoteSniper92 (40)
Seat 3: MathisKcr (590)
*** ANTE/BLINDS ***
CoteSniper92 posts small blind 10
MathisKcr posts big blind 20
Dealt to MathisKcr [2s 3h]
*** PRE-FLOP *** 
NOA GOAT561 raises 250 to 270 and is all-in
CoteSniper92 calls 30 and is all-in
MathisKcr folds
*** FLOP *** [7s 5d Ks]
*** TURN *** [7s 5d Ks][Jc]
*** RIVER *** [7s 5d Ks Jc][3c]
*** SHOW DOWN ***
CoteSniper92 shows [Qd 8s] (High card : King)
NOA GOAT561 shows [Td As] (High card : Ace)
NOA GOAT561 collected 330 from pot
*** SUMMARY ***
Total pot 330 | No rake
Board: [7s 5d Ks Jc 3c]
Seat 1: NOA GOAT561 (button) showed [Td As] and won 330 with High card : Ace
Seat 2: CoteSniper92 (small blind) showed [Qd 8s] and lost with High card : King


Winamax Poker - Tournament "Expresso Nitro" buyIn: 0.93€ + 0.07€ level: 2 - HandId: #4688820113485332481-4-1775567716 - Holdem no limit (15/30) - 2026/04/07 13:15:16 UTC
Table: 'Expresso Nitro(1091701005)#0' 3-max (real money) Seat #3 is the button
Seat 1: NOA GOAT561 (330)
Seat 3: MathisKcr (570)
*** ANTE/BLINDS ***
MathisKcr posts small blind 15
NOA GOAT561 posts big blind 30
Dealt to MathisKcr [Jd Ts]
*** PRE-FLOP *** 
MathisKcr raises 540 to 570 and is all-in
NOA GOAT561 folds
MathisKcr collected 600 from pot
*** SUMMARY ***
Total pot 600 | No rake
Seat 3: MathisKcr (small blind) (button) won 600


Winamax Poker - Tournament "Expresso Nitro" buyIn: 0.93€ + 0.07€ level: 2 - HandId: #4688820113485332481-5-1775567725 - Holdem no limit (15/30) - 2026/04/07 13:15:25 UTC
Table: 'Expresso Nitro(1091701005)#0' 3-max (real money) Seat #1 is the button
Seat 1: NOA GOAT561 (300)
Seat 3: MathisKcr (600)
*** ANTE/BLINDS ***
NOA GOAT561 posts small blind 15
MathisKcr posts big blind 30
Dealt to MathisKcr [8s Qs]
*** PRE-FLOP *** 
NOA GOAT561 raises 270 to 300 and is all-in
MathisKcr calls 270
*** FLOP *** [3s 7d 2s]
*** TURN *** [3s 7d 2s][7c]
*** RIVER *** [3s 7d 2s 7c][8h]
*** SHOW DOWN ***
MathisKcr shows [8s Qs] (Two pairs : 8 and 7)
NOA GOAT561 shows [7s Kc] (Trips of 7)
NOA GOAT561 collected 600 from pot
*** SUMMARY ***
Total pot 600 | No rake
Board: [3s 7d 2s 7c 8h]
Seat 1: NOA GOAT561 (small blind) (button) showed [7s Kc] and won 600 with Trips of 7
Seat 3: MathisKcr (big blind) showed [8s Qs] and lost with Two pairs : 8 and 7


Winamax Poker - Tournament "Expresso Nitro" buyIn: 0.93€ + 0.07€ level: 2 - HandId: #4688820113485332481-6-1775567739 - Holdem no limit (15/30) - 2026/04/07 13:15:39 UTC
Table: 'Expresso Nitro(1091701005)#0' 3-max (real money) Seat #3 is the button
Seat 1: NOA GOAT561 (600)
Seat 3: MathisKcr (300)
*** ANTE/BLINDS ***
MathisKcr posts small blind 15
NOA GOAT561 posts big blind 30
Dealt to MathisKcr [6s Jc]
*** PRE-FLOP *** 
MathisKcr raises 270 to 300 and is all-in
NOA GOAT561 folds
MathisKcr collected 330 from pot
*** SUMMARY ***
Total pot 330 | No rake
Seat 3: MathisKcr (small blind) (button) won 330


Winamax Poker - Tournament "Expresso Nitro" buyIn: 0.93€ + 0.07€ level: 2 - HandId: #4688820113485332481-7-1775567749 - Holdem no limit (15/30) - 2026/04/07 13:15:49 UTC
Table: 'Expresso Nitro(1091701005)#0' 3-max (real money) Seat #1 is the button
Seat 1: NOA GOAT561 (570)
Seat 3: MathisKcr (330)
*** ANTE/BLINDS ***
NOA GOAT561 posts small blind 15
MathisKcr posts big blind 30
Dealt to MathisKcr [Qd 5c]
*** PRE-FLOP *** 
NOA GOAT561 raises 540 to 570 and is all-in
MathisKcr folds
NOA GOAT561 collected 600 from pot
*** SUMMARY ***
Total pot 600 | No rake
Seat 1: NOA GOAT561 (small blind) (button) won 600


Winamax Poker - Tournament "Expresso Nitro" buyIn: 0.93€ + 0.07€ level: 2 - HandId: #4688820113485332481-8-1775567756 - Holdem no limit (15/30) - 2026/04/07 13:15:56 UTC
Table: 'Expresso Nitro(1091701005)#0' 3-max (real money) Seat #3 is the button
Seat 1: NOA GOAT561 (600)
Seat 3: MathisKcr (300)
*** ANTE/BLINDS ***
MathisKcr posts small blind 15
NOA GOAT561 posts big blind 30
Dealt to MathisKcr [3c Tc]
*** PRE-FLOP *** 
MathisKcr folds
NOA GOAT561 collected 45 from pot
*** SUMMARY ***
Total pot 45 | No rake
Seat 1: NOA GOAT561 (big blind) won 45


Winamax Poker - Tournament "Expresso Nitro" buyIn: 0.93€ + 0.07€ level: 2 - HandId: #4688820113485332481-9-1775567763 - Holdem no limit (15/30) - 2026/04/07 13:16:03 UTC
Table: 'Expresso Nitro(1091701005)#0' 3-max (real money) Seat #1 is the button
Seat 1: NOA GOAT561 (615)
Seat 3: MathisKcr (285)
*** ANTE/BLINDS ***
NOA GOAT561 posts small blind 15
MathisKcr posts big blind 30
Dealt to MathisKcr [Kd Qc]
*** PRE-FLOP *** 
NOA GOAT561 calls 15
MathisKcr raises 255 to 285 and is all-in
NOA GOAT561 calls 255
*** FLOP *** [6s 9s 7h]
*** TURN *** [6s 9s 7h][2h]
*** RIVER *** [6s 9s 7h 2h][6h]
*** SHOW DOWN ***
NOA GOAT561 shows [Qd 4d] (One pair : 6)
MathisKcr shows [Kd Qc] (One pair : 6)
MathisKcr collected 570 from pot
*** SUMMARY ***
Total pot 570 | No rake
Board: [6s 9s 7h 2h 6h]
Seat 1: NOA GOAT561 (small blind) (button) showed [Qd 4d] and lost with One pair : 6
Seat 3: MathisKcr (big blind) showed [Kd Qc] and won 570 with One pair : 6


Winamax Poker - Tournament "Expresso Nitro" buyIn: 0.93€ + 0.07€ level: 3 - HandId: #4688820113485332481-10-1775567780 - Holdem no limit (20/40) - 2026/04/07 13:16:20 UTC
Table: 'Expresso Nitro(1091701005)#0' 3-max (real money) Seat #3 is the button
Seat 1: NOA GOAT561 (330)
Seat 3: MathisKcr (570)
*** ANTE/BLINDS ***
MathisKcr posts small blind 20
NOA GOAT561 posts big blind 40
Dealt to MathisKcr [Qh Jc]
*** PRE-FLOP *** 
MathisKcr raises 530 to 570 and is all-in
NOA GOAT561 calls 290 and is all-in
*** FLOP *** [2h Qs Ah]
*** TURN *** [2h Qs Ah][Th]
*** RIVER *** [2h Qs Ah Th][Kh]
*** SHOW DOWN ***
NOA GOAT561 shows [2c Ad] (Two pairs : Aces and 2)
MathisKcr shows [Qh Jc] (Flush Ace high)
MathisKcr collected 900 from pot
*** SUMMARY ***
Total pot 900 | No rake
Board: [2h Qs Ah Th Kh]
Seat 1: NOA GOAT561 (big blind) showed [2c Ad] and lost with Two pairs : Aces and 2
Seat 3: MathisKcr (small blind) (button) showed [Qh Jc] and won 900 with Flush Ace high


