Winamax Poker - Tournament "Expresso Nitro" buyIn: 0.93€ + 0.07€ level: 1 - HandId: #4672409417109471233-1-1774949872 - Holdem no limit (10/20) - 2026/03/31 09:37:52 UTC
Table: 'Expresso Nitro(1087880092)#0' 3-max (real money) Seat #3 is the button
Seat 1: lealatueuse (300)
Seat 2: MathisKcr (300)
Seat 3: W4RD1X (300)
*** ANTE/BLINDS ***
lealatueuse posts small blind 10
MathisKcr posts big blind 20
Dealt to MathisKcr [3c 6s]
*** PRE-FLOP *** 
W4RD1X folds
lealatueuse raises 280 to 300 and is all-in
MathisKcr folds
lealatueuse collected 320 from pot
*** SUMMARY ***
Total pot 320 | No rake
Seat 1: lealatueuse (small blind) won 320


Winamax Poker - Tournament "Expresso Nitro" buyIn: 0.93€ + 0.07€ level: 1 - HandId: #4672409417109471233-2-1774949881 - Holdem no limit (10/20) - 2026/03/31 09:38:01 UTC
Table: 'Expresso Nitro(1087880092)#0' 3-max (real money) Seat #1 is the button
Seat 1: lealatueuse (320)
Seat 2: MathisKcr (280)
Seat 3: W4RD1X (300)
*** ANTE/BLINDS ***
MathisKcr posts small blind 10
W4RD1X posts big blind 20
Dealt to MathisKcr [7c 9s]
*** PRE-FLOP *** 
lealatueuse calls 20
MathisKcr folds
W4RD1X raises 20 to 40
lealatueuse calls 20
*** FLOP *** [Jh Ac 3s]
W4RD1X bets 30
lealatueuse folds
W4RD1X collected 120 from pot
*** SUMMARY ***
Total pot 120 | No rake
Board: [Jh Ac 3s]
Seat 3: W4RD1X (big blind) won 120


Winamax Poker - Tournament "Expresso Nitro" buyIn: 0.93€ + 0.07€ level: 1 - HandId: #4672409417109471233-3-1774949899 - Holdem no limit (10/20) - 2026/03/31 09:38:19 UTC
Table: 'Expresso Nitro(1087880092)#0' 3-max (real money) Seat #2 is the button
Seat 1: lealatueuse (280)
Seat 2: MathisKcr (270)
Seat 3: W4RD1X (350)
*** ANTE/BLINDS ***
W4RD1X posts small blind 10
lealatueuse posts big blind 20
Dealt to MathisKcr [Ac Js]
*** PRE-FLOP *** 
MathisKcr raises 20 to 40
W4RD1X folds
lealatueuse raises 240 to 280 and is all-in
MathisKcr calls 230 and is all-in
*** FLOP *** [6d 4d Jc]
*** TURN *** [6d 4d Jc][6h]
*** RIVER *** [6d 4d Jc 6h][8d]
*** SHOW DOWN ***
MathisKcr shows [Ac Js] (Two pairs : Jacks and 6)
lealatueuse shows [3d Kd] (Flush King high)
lealatueuse collected 560 from pot
*** SUMMARY ***
Total pot 560 | No rake
Board: [6d 4d Jc 6h 8d]
Seat 1: lealatueuse (big blind) showed [3d Kd] and won 560 with Flush King high
Seat 2: MathisKcr (button) showed [Ac Js] and lost with Two pairs : Jacks and 6


