Winamax Poker - Tournament "Expresso Nitro" buyIn: 0.93€ + 0.07€ level: 1 - HandId: #4584317537629503489-1-1771668076 - Holdem no limit (10/20) - 2026/02/21 10:01:16 UTC
Table: 'Expresso Nitro(1067369603)#0' 3-max (real money) Seat #1 is the button
Seat 1: FP-Warrior51 (300)
Seat 2: djoulax667 (300)
Seat 3: MathisKcr (300)
*** ANTE/BLINDS ***
djoulax667 posts small blind 10
MathisKcr posts big blind 20
Dealt to MathisKcr [5d Th]
*** PRE-FLOP *** 
FP-Warrior51 folds
djoulax667 calls 10
MathisKcr checks
*** FLOP *** [Jd 9d 9h]
djoulax667 bets 20
MathisKcr calls 20
*** TURN *** [Jd 9d 9h][8s]
djoulax667 checks
MathisKcr checks
*** RIVER *** [Jd 9d 9h 8s][9s]
djoulax667 checks
MathisKcr bets 64
djoulax667 folds
MathisKcr collected 144 from pot
*** SUMMARY ***
Total pot 144 | No rake
Board: [Jd 9d 9h 8s 9s]
Seat 3: MathisKcr (big blind) won 144


Winamax Poker - Tournament "Expresso Nitro" buyIn: 0.93€ + 0.07€ level: 1 - HandId: #4584317537629503489-2-1771668110 - Holdem no limit (10/20) - 2026/02/21 10:01:50 UTC
Table: 'Expresso Nitro(1067369603)#0' 3-max (real money) Seat #2 is the button
Seat 1: FP-Warrior51 (300)
Seat 2: djoulax667 (260)
Seat 3: MathisKcr (340)
*** ANTE/BLINDS ***
MathisKcr posts small blind 10
FP-Warrior51 posts big blind 20
Dealt to MathisKcr [Js Jh]
*** PRE-FLOP *** 
djoulax667 folds
MathisKcr raises 20 to 40
FP-Warrior51 calls 20
*** FLOP *** [Qs Ac Jc]
MathisKcr checks
FP-Warrior51 bets 80
MathisKcr raises 80 to 160
FP-Warrior51 folds
MathisKcr collected 320 from pot
*** SUMMARY ***
Total pot 320 | No rake
Board: [Qs Ac Jc]
Seat 3: MathisKcr (small blind) won 320


Winamax Poker - Tournament "Expresso Nitro" buyIn: 0.93€ + 0.07€ level: 2 - HandId: #4584317537629503489-3-1771668138 - Holdem no limit (15/30) - 2026/02/21 10:02:18 UTC
Table: 'Expresso Nitro(1067369603)#0' 3-max (real money) Seat #3 is the button
Seat 1: FP-Warrior51 (180)
Seat 2: djoulax667 (260)
Seat 3: MathisKcr (460)
*** ANTE/BLINDS ***
FP-Warrior51 posts small blind 15
djoulax667 posts big blind 30
Dealt to MathisKcr [Kc 7h]
*** PRE-FLOP *** 
MathisKcr raises 30 to 60
FP-Warrior51 folds
djoulax667 folds
MathisKcr collected 105 from pot
*** SUMMARY ***
Total pot 105 | No rake
Seat 3: MathisKcr (button) won 105


Winamax Poker - Tournament "Expresso Nitro" buyIn: 0.93€ + 0.07€ level: 2 - HandId: #4584317537629503489-4-1771668149 - Holdem no limit (15/30) - 2026/02/21 10:02:29 UTC
Table: 'Expresso Nitro(1067369603)#0' 3-max (real money) Seat #1 is the button
Seat 1: FP-Warrior51 (165)
Seat 2: djoulax667 (230)
Seat 3: MathisKcr (505)
*** ANTE/BLINDS ***
djoulax667 posts small blind 15
MathisKcr posts big blind 30
Dealt to MathisKcr [Ts Kd]
*** PRE-FLOP *** 
FP-Warrior51 raises 135 to 165 and is all-in
djoulax667 folds
MathisKcr calls 135
*** FLOP *** [Jd Kh 4s]
*** TURN *** [Jd Kh 4s][5d]
*** RIVER *** [Jd Kh 4s 5d][8d]
*** SHOW DOWN ***
FP-Warrior51 shows [Ac 6h] (High card : Ace)
MathisKcr shows [Ts Kd] (One pair : Kings)
MathisKcr collected 345 from pot
*** SUMMARY ***
Total pot 345 | No rake
Board: [Jd Kh 4s 5d 8d]
Seat 1: FP-Warrior51 (button) showed [Ac 6h] and lost with High card : Ace
Seat 3: MathisKcr (big blind) showed [Ts Kd] and won 345 with One pair : Kings


Winamax Poker - Tournament "Expresso Nitro" buyIn: 0.93€ + 0.07€ level: 2 - HandId: #4584317537629503489-5-1771668168 - Holdem no limit (15/30) - 2026/02/21 10:02:48 UTC
Table: 'Expresso Nitro(1067369603)#0' 3-max (real money) Seat #3 is the button
Seat 2: djoulax667 (215)
Seat 3: MathisKcr (685)
*** ANTE/BLINDS ***
MathisKcr posts small blind 15
djoulax667 posts big blind 30
Dealt to MathisKcr [Tc 5d]
*** PRE-FLOP *** 
MathisKcr raises 30 to 60
djoulax667 folds
MathisKcr collected 90 from pot
*** SUMMARY ***
Total pot 90 | No rake
Seat 3: MathisKcr (small blind) (button) won 90


Winamax Poker - Tournament "Expresso Nitro" buyIn: 0.93€ + 0.07€ level: 2 - HandId: #4584317537629503489-6-1771668178 - Holdem no limit (15/30) - 2026/02/21 10:02:58 UTC
Table: 'Expresso Nitro(1067369603)#0' 3-max (real money) Seat #2 is the button
Seat 2: djoulax667 (185)
Seat 3: MathisKcr (715)
*** ANTE/BLINDS ***
djoulax667 posts small blind 15
MathisKcr posts big blind 30
Dealt to MathisKcr [4c 3h]
*** PRE-FLOP *** 
djoulax667 folds
MathisKcr collected 45 from pot
*** SUMMARY ***
Total pot 45 | No rake
Seat 3: MathisKcr (big blind) won 45


Winamax Poker - Tournament "Expresso Nitro" buyIn: 0.93€ + 0.07€ level: 2 - HandId: #4584317537629503489-7-1771668184 - Holdem no limit (15/30) - 2026/02/21 10:03:04 UTC
Table: 'Expresso Nitro(1067369603)#0' 3-max (real money) Seat #3 is the button
Seat 2: djoulax667 (170)
Seat 3: MathisKcr (730)
*** ANTE/BLINDS ***
MathisKcr posts small blind 15
djoulax667 posts big blind 30
Dealt to MathisKcr [3d 8c]
*** PRE-FLOP *** 
MathisKcr folds
djoulax667 collected 45 from pot
*** SUMMARY ***
Total pot 45 | No rake
Seat 2: djoulax667 (big blind) won 45


Winamax Poker - Tournament "Expresso Nitro" buyIn: 0.93€ + 0.07€ level: 2 - HandId: #4584317537629503489-8-1771668190 - Holdem no limit (15/30) - 2026/02/21 10:03:10 UTC
Table: 'Expresso Nitro(1067369603)#0' 3-max (real money) Seat #2 is the button
Seat 2: djoulax667 (185)
Seat 3: MathisKcr (715)
*** ANTE/BLINDS ***
djoulax667 posts small blind 15
MathisKcr posts big blind 30
Dealt to MathisKcr [6s 5c]
*** PRE-FLOP *** 
djoulax667 calls 15
MathisKcr checks
*** FLOP *** [6c Ts 5d]
MathisKcr bets 30
djoulax667 folds
MathisKcr collected 90 from pot
*** SUMMARY ***
Total pot 90 | No rake
Board: [6c Ts 5d]
Seat 3: MathisKcr (big blind) won 90


Winamax Poker - Tournament "Expresso Nitro" buyIn: 0.93€ + 0.07€ level: 3 - HandId: #4584317537629503489-9-1771668211 - Holdem no limit (20/40) - 2026/02/21 10:03:31 UTC
Table: 'Expresso Nitro(1067369603)#0' 3-max (real money) Seat #3 is the button
Seat 2: djoulax667 (155)
Seat 3: MathisKcr (745)
*** ANTE/BLINDS ***
MathisKcr posts small blind 20
djoulax667 posts big blind 40
Dealt to MathisKcr [9s 3d]
*** PRE-FLOP *** 
MathisKcr folds
djoulax667 collected 60 from pot
*** SUMMARY ***
Total pot 60 | No rake
Seat 2: djoulax667 (big blind) won 60


Winamax Poker - Tournament "Expresso Nitro" buyIn: 0.93€ + 0.07€ level: 3 - HandId: #4584317537629503489-10-1771668220 - Holdem no limit (20/40) - 2026/02/21 10:03:40 UTC
Table: 'Expresso Nitro(1067369603)#0' 3-max (real money) Seat #2 is the button
Seat 2: djoulax667 (175)
Seat 3: MathisKcr (725)
*** ANTE/BLINDS ***
djoulax667 posts small blind 20
MathisKcr posts big blind 40
Dealt to MathisKcr [8d 4c]
*** PRE-FLOP *** 
djoulax667 calls 20
MathisKcr checks
*** FLOP *** [7d Qd 6s]
MathisKcr bets 60
djoulax667 folds
MathisKcr collected 140 from pot
*** SUMMARY ***
Total pot 140 | No rake
Board: [7d Qd 6s]
Seat 3: MathisKcr (big blind) won 140


Winamax Poker - Tournament "Expresso Nitro" buyIn: 0.93€ + 0.07€ level: 3 - HandId: #4584317537629503489-11-1771668246 - Holdem no limit (20/40) - 2026/02/21 10:04:06 UTC
Table: 'Expresso Nitro(1067369603)#0' 3-max (real money) Seat #3 is the button
Seat 2: djoulax667 (135)
Seat 3: MathisKcr (765)
*** ANTE/BLINDS ***
MathisKcr posts small blind 20
djoulax667 posts big blind 40
Dealt to MathisKcr [5s 9d]
*** PRE-FLOP *** 
MathisKcr raises 40 to 80
djoulax667 raises 55 to 135 and is all-in
MathisKcr calls 55
*** FLOP *** [Jc Ts 4c]
*** TURN *** [Jc Ts 4c][4d]
*** RIVER *** [Jc Ts 4c 4d][Ah]
*** SHOW DOWN ***
MathisKcr shows [5s 9d] (One pair : 4)
djoulax667 shows [Qs Ad] (Two pairs : Aces and 4)
djoulax667 collected 270 from pot
*** SUMMARY ***
Total pot 270 | No rake
Board: [Jc Ts 4c 4d Ah]
Seat 2: djoulax667 (big blind) showed [Qs Ad] and won 270 with Two pairs : Aces and 4
Seat 3: MathisKcr (small blind) (button) showed [5s 9d] and lost with One pair : 4


Winamax Poker - Tournament "Expresso Nitro" buyIn: 0.93€ + 0.07€ level: 4 - HandId: #4584317537629503489-12-1771668260 - Holdem no limit (30/60) - 2026/02/21 10:04:20 UTC
Table: 'Expresso Nitro(1067369603)#0' 3-max (real money) Seat #2 is the button
Seat 2: djoulax667 (270)
Seat 3: MathisKcr (630)
*** ANTE/BLINDS ***
djoulax667 posts small blind 30
MathisKcr posts big blind 60
Dealt to MathisKcr [7h Ks]
*** PRE-FLOP *** 
djoulax667 folds
MathisKcr collected 90 from pot
*** SUMMARY ***
Total pot 90 | No rake
Seat 3: MathisKcr (big blind) won 90


Winamax Poker - Tournament "Expresso Nitro" buyIn: 0.93€ + 0.07€ level: 4 - HandId: #4584317537629503489-13-1771668266 - Holdem no limit (30/60) - 2026/02/21 10:04:26 UTC
Table: 'Expresso Nitro(1067369603)#0' 3-max (real money) Seat #3 is the button
Seat 2: djoulax667 (240)
Seat 3: MathisKcr (660)
*** ANTE/BLINDS ***
MathisKcr posts small blind 30
djoulax667 posts big blind 60
Dealt to MathisKcr [As Td]
*** PRE-FLOP *** 
MathisKcr raises 60 to 120
djoulax667 folds
MathisKcr collected 180 from pot
*** SUMMARY ***
Total pot 180 | No rake
Seat 3: MathisKcr (small blind) (button) won 180


Winamax Poker - Tournament "Expresso Nitro" buyIn: 0.93€ + 0.07€ level: 4 - HandId: #4584317537629503489-14-1771668295 - Holdem no limit (30/60) - 2026/02/21 10:04:55 UTC
Table: 'Expresso Nitro(1067369603)#0' 3-max (real money) Seat #2 is the button
Seat 2: djoulax667 (180)
Seat 3: MathisKcr (720)
*** ANTE/BLINDS ***
djoulax667 posts small blind 30
MathisKcr posts big blind 60
Dealt to MathisKcr [4d Qc]
*** PRE-FLOP *** 
djoulax667 raises 120 to 180 and is all-in
MathisKcr calls 120
*** FLOP *** [9c 2s 8c]
*** TURN *** [9c 2s 8c][Kc]
*** RIVER *** [9c 2s 8c Kc][7h]
*** SHOW DOWN ***
MathisKcr shows [4d Qc] (High card : King)
djoulax667 shows [Jh 2h] (One pair : 2)
djoulax667 collected 360 from pot
*** SUMMARY ***
Total pot 360 | No rake
Board: [9c 2s 8c Kc 7h]
Seat 2: djoulax667 (small blind) (button) showed [Jh 2h] and won 360 with One pair : 2
Seat 3: MathisKcr (big blind) showed [4d Qc] and lost with High card : King


Winamax Poker - Tournament "Expresso Nitro" buyIn: 0.93€ + 0.07€ level: 4 - HandId: #4584317537629503489-15-1771668310 - Holdem no limit (30/60) - 2026/02/21 10:05:10 UTC
Table: 'Expresso Nitro(1067369603)#0' 3-max (real money) Seat #3 is the button
Seat 2: djoulax667 (360)
Seat 3: MathisKcr (540)
*** ANTE/BLINDS ***
MathisKcr posts small blind 30
djoulax667 posts big blind 60
Dealt to MathisKcr [2s 8s]
*** PRE-FLOP *** 
MathisKcr folds
djoulax667 collected 90 from pot
*** SUMMARY ***
Total pot 90 | No rake
Seat 2: djoulax667 (big blind) won 90


Winamax Poker - Tournament "Expresso Nitro" buyIn: 0.93€ + 0.07€ level: 5 - HandId: #4584317537629503489-16-1771668315 - Holdem no limit (40/80) - 2026/02/21 10:05:15 UTC
Table: 'Expresso Nitro(1067369603)#0' 3-max (real money) Seat #2 is the button
Seat 2: djoulax667 (390)
Seat 3: MathisKcr (510)
*** ANTE/BLINDS ***
djoulax667 posts small blind 40
MathisKcr posts big blind 80
Dealt to MathisKcr [2s 7d]
*** PRE-FLOP *** 
djoulax667 raises 310 to 390 and is all-in
MathisKcr folds
djoulax667 collected 470 from pot
*** SUMMARY ***
Total pot 470 | No rake
Seat 2: djoulax667 (small blind) (button) won 470


Winamax Poker - Tournament "Expresso Nitro" buyIn: 0.93€ + 0.07€ level: 5 - HandId: #4584317537629503489-17-1771668320 - Holdem no limit (40/80) - 2026/02/21 10:05:20 UTC
Table: 'Expresso Nitro(1067369603)#0' 3-max (real money) Seat #3 is the button
Seat 2: djoulax667 (470)
Seat 3: MathisKcr (430)
*** ANTE/BLINDS ***
MathisKcr posts small blind 40
djoulax667 posts big blind 80
Dealt to MathisKcr [8d 7c]
*** PRE-FLOP *** 
MathisKcr raises 80 to 160
djoulax667 folds
MathisKcr collected 240 from pot
*** SUMMARY ***
Total pot 240 | No rake
Seat 3: MathisKcr (small blind) (button) won 240


Winamax Poker - Tournament "Expresso Nitro" buyIn: 0.93€ + 0.07€ level: 5 - HandId: #4584317537629503489-18-1771668328 - Holdem no limit (40/80) - 2026/02/21 10:05:28 UTC
Table: 'Expresso Nitro(1067369603)#0' 3-max (real money) Seat #2 is the button
Seat 2: djoulax667 (390)
Seat 3: MathisKcr (510)
*** ANTE/BLINDS ***
djoulax667 posts small blind 40
MathisKcr posts big blind 80
Dealt to MathisKcr [3c Kc]
*** PRE-FLOP *** 
djoulax667 raises 310 to 390 and is all-in
MathisKcr calls 310
*** FLOP *** [3d Qc Jd]
*** TURN *** [3d Qc Jd][4s]
*** RIVER *** [3d Qc Jd 4s][Qd]
*** SHOW DOWN ***
djoulax667 shows [As 6s] (One pair : Queens)
MathisKcr shows [3c Kc] (Two pairs : Queens and 3)
MathisKcr collected 780 from pot
*** SUMMARY ***
Total pot 780 | No rake
Board: [3d Qc Jd 4s Qd]
Seat 2: djoulax667 (small blind) (button) showed [As 6s] and lost with One pair : Queens
Seat 3: MathisKcr (big blind) showed [3c Kc] and won 780 with Two pairs : Queens and 3


