Winamax Poker - Tournament "Expresso Nitro" buyIn: 0.93€ + 0.07€ level: 1 - HandId: #4579975699355402241-1-1771494459 - Holdem no limit (10/20) - 2026/02/19 09:47:39 UTC
Table: 'Expresso Nitro(1066358690)#0' 3-max (real money) Seat #2 is the button
Seat 1: MathisKcr (300)
Seat 2: powerfly (300)
Seat 3: kaizerbzh (300)
*** ANTE/BLINDS ***
kaizerbzh posts small blind 10
MathisKcr posts big blind 20
Dealt to MathisKcr [3c 6d]
*** PRE-FLOP *** 
powerfly folds
kaizerbzh raises 20 to 40
MathisKcr calls 20
*** FLOP *** [Ks 6h 2d]
kaizerbzh checks
MathisKcr bets 60
kaizerbzh folds
MathisKcr collected 140 from pot
*** SUMMARY ***
Total pot 140 | No rake
Board: [Ks 6h 2d]
Seat 1: MathisKcr (big blind) won 140


Winamax Poker - Tournament "Expresso Nitro" buyIn: 0.93€ + 0.07€ level: 1 - HandId: #4579975699355402241-2-1771494483 - Holdem no limit (10/20) - 2026/02/19 09:48:03 UTC
Table: 'Expresso Nitro(1066358690)#0' 3-max (real money) Seat #3 is the button
Seat 1: MathisKcr (340)
Seat 2: powerfly (300)
Seat 3: kaizerbzh (260)
*** ANTE/BLINDS ***
MathisKcr posts small blind 10
powerfly posts big blind 20
Dealt to MathisKcr [Jd 9c]
*** PRE-FLOP *** 
kaizerbzh folds
MathisKcr raises 30 to 50
powerfly folds
MathisKcr collected 70 from pot
*** SUMMARY ***
Total pot 70 | No rake
Seat 1: MathisKcr (small blind) won 70


Winamax Poker - Tournament "Expresso Nitro" buyIn: 0.93€ + 0.07€ level: 1 - HandId: #4579975699355402241-3-1771494494 - Holdem no limit (10/20) - 2026/02/19 09:48:14 UTC
Table: 'Expresso Nitro(1066358690)#0' 3-max (real money) Seat #1 is the button
Seat 1: MathisKcr (360)
Seat 2: powerfly (280)
Seat 3: kaizerbzh (260)
*** ANTE/BLINDS ***
powerfly posts small blind 10
kaizerbzh posts big blind 20
Dealt to MathisKcr [7s 9d]
*** PRE-FLOP *** 
MathisKcr folds
powerfly folds
kaizerbzh collected 30 from pot
*** SUMMARY ***
Total pot 30 | No rake
Seat 3: kaizerbzh (big blind) won 30


Winamax Poker - Tournament "Expresso Nitro" buyIn: 0.93€ + 0.07€ level: 1 - HandId: #4579975699355402241-4-1771494500 - Holdem no limit (10/20) - 2026/02/19 09:48:20 UTC
Table: 'Expresso Nitro(1066358690)#0' 3-max (real money) Seat #2 is the button
Seat 1: MathisKcr (360)
Seat 2: powerfly (270)
Seat 3: kaizerbzh (270)
*** ANTE/BLINDS ***
kaizerbzh posts small blind 10
MathisKcr posts big blind 20
Dealt to MathisKcr [Jd Qs]
*** PRE-FLOP *** 
powerfly folds
kaizerbzh calls 10
MathisKcr raises 30 to 50
kaizerbzh folds
MathisKcr collected 70 from pot
*** SUMMARY ***
Total pot 70 | No rake
Seat 1: MathisKcr (big blind) won 70


Winamax Poker - Tournament "Expresso Nitro" buyIn: 0.93€ + 0.07€ level: 1 - HandId: #4579975699355402241-5-1771494515 - Holdem no limit (10/20) - 2026/02/19 09:48:35 UTC
Table: 'Expresso Nitro(1066358690)#0' 3-max (real money) Seat #3 is the button
Seat 1: MathisKcr (380)
Seat 2: powerfly (270)
Seat 3: kaizerbzh (250)
*** ANTE/BLINDS ***
MathisKcr posts small blind 10
powerfly posts big blind 20
Dealt to MathisKcr [3s Ad]
*** PRE-FLOP *** 
kaizerbzh calls 20
MathisKcr raises 30 to 50
powerfly folds
kaizerbzh calls 30
*** FLOP *** [Th Jd Tc]
MathisKcr bets 40
kaizerbzh calls 40
*** TURN *** [Th Jd Tc][4c]
MathisKcr checks
kaizerbzh bets 160 and is all-in
MathisKcr folds
kaizerbzh collected 360 from pot
*** SUMMARY ***
Total pot 360 | No rake
Board: [Th Jd Tc 4c]
Seat 3: kaizerbzh (button) won 360


Winamax Poker - Tournament "Expresso Nitro" buyIn: 0.93€ + 0.07€ level: 2 - HandId: #4579975699355402241-6-1771494548 - Holdem no limit (15/30) - 2026/02/19 09:49:08 UTC
Table: 'Expresso Nitro(1066358690)#0' 3-max (real money) Seat #1 is the button
Seat 1: MathisKcr (290)
Seat 2: powerfly (250)
Seat 3: kaizerbzh (360)
*** ANTE/BLINDS ***
powerfly posts small blind 15
kaizerbzh posts big blind 30
Dealt to MathisKcr [4s Th]
*** PRE-FLOP *** 
MathisKcr folds
powerfly calls 15
kaizerbzh checks
*** FLOP *** [3s Jc Jd]
powerfly checks
kaizerbzh checks
*** TURN *** [3s Jc Jd][3d]
powerfly checks
kaizerbzh checks
*** RIVER *** [3s Jc Jd 3d][2d]
powerfly checks
kaizerbzh checks
*** SHOW DOWN ***
powerfly shows [2h 9h] (Two pairs : Jacks and 3)
kaizerbzh shows [Kd 9c] (Two pairs : Jacks and 3)
kaizerbzh collected 60 from pot
*** SUMMARY ***
Total pot 60 | No rake
Board: [3s Jc Jd 3d 2d]
Seat 2: powerfly (small blind) showed [2h 9h] and lost with Two pairs : Jacks and 3
Seat 3: kaizerbzh (big blind) showed [Kd 9c] and won 60 with Two pairs : Jacks and 3


Winamax Poker - Tournament "Expresso Nitro" buyIn: 0.93€ + 0.07€ level: 2 - HandId: #4579975699355402241-7-1771494576 - Holdem no limit (15/30) - 2026/02/19 09:49:36 UTC
Table: 'Expresso Nitro(1066358690)#0' 3-max (real money) Seat #2 is the button
Seat 1: MathisKcr (290)
Seat 2: powerfly (220)
Seat 3: kaizerbzh (390)
*** ANTE/BLINDS ***
kaizerbzh posts small blind 15
MathisKcr posts big blind 30
Dealt to MathisKcr [Ah Qc]
*** PRE-FLOP *** 
powerfly calls 30
kaizerbzh calls 15
MathisKcr raises 45 to 75
powerfly raises 145 to 220 and is all-in
kaizerbzh folds
MathisKcr raises 70 to 290 and is all-in
*** FLOP *** [Kd 4s 9s]
*** TURN *** [Kd 4s 9s][4d]
*** RIVER *** [Kd 4s 9s 4d][4c]
*** SHOW DOWN ***
MathisKcr shows [Ah Qc] (Trips of 4)
powerfly shows [Qd Kh] (Full of 4 and Kings)
powerfly collected 470 from main pot
MathisKcr collected 70 from side pot 1
*** SUMMARY ***
Total pot 540 | No rake
Board: [Kd 4s 9s 4d 4c]
Seat 1: MathisKcr (big blind) showed [Ah Qc] and won 70 with Trips of 4
Seat 2: powerfly (button) showed [Qd Kh] and won 470 with Full of 4 and Kings


Winamax Poker - Tournament "Expresso Nitro" buyIn: 0.93€ + 0.07€ level: 3 - HandId: #4579975699355402241-8-1771494601 - Holdem no limit (20/40) - 2026/02/19 09:50:01 UTC
Table: 'Expresso Nitro(1066358690)#0' 3-max (real money) Seat #3 is the button
Seat 1: MathisKcr (70)
Seat 2: powerfly (470)
Seat 3: kaizerbzh (360)
*** ANTE/BLINDS ***
MathisKcr posts small blind 20
powerfly posts big blind 40
Dealt to MathisKcr [3d 5h]
*** PRE-FLOP *** 
kaizerbzh calls 40
MathisKcr folds
powerfly checks
*** FLOP *** [3h Qs Kh]
powerfly checks
kaizerbzh checks
*** TURN *** [3h Qs Kh][9c]
powerfly checks
kaizerbzh checks
*** RIVER *** [3h Qs Kh 9c][6s]
powerfly checks
kaizerbzh checks
*** SHOW DOWN ***
powerfly shows [Ts 4s] (High card : King)
kaizerbzh shows [5c Jc] (High card : King)
kaizerbzh collected 100 from pot
*** SUMMARY ***
Total pot 100 | No rake
Board: [3h Qs Kh 9c 6s]
Seat 2: powerfly (big blind) showed [Ts 4s] and lost with High card : King
Seat 3: kaizerbzh (button) showed [5c Jc] and won 100 with High card : King


Winamax Poker - Tournament "Expresso Nitro" buyIn: 0.93€ + 0.07€ level: 3 - HandId: #4579975699355402241-9-1771494622 - Holdem no limit (20/40) - 2026/02/19 09:50:22 UTC
Table: 'Expresso Nitro(1066358690)#0' 3-max (real money) Seat #1 is the button
Seat 1: MathisKcr (50)
Seat 2: powerfly (430)
Seat 3: kaizerbzh (420)
*** ANTE/BLINDS ***
powerfly posts small blind 20
kaizerbzh posts big blind 40
Dealt to MathisKcr [4h 5c]
*** PRE-FLOP *** 
MathisKcr raises 10 to 50 and is all-in
powerfly calls 30
kaizerbzh folds
*** FLOP *** [9h Qh 3d]
*** TURN *** [9h Qh 3d][7d]
*** RIVER *** [9h Qh 3d 7d][6d]
*** SHOW DOWN ***
powerfly shows [Ad Qc] (One pair : Queens)
MathisKcr shows [4h 5c] (Straight 7 high)
MathisKcr collected 140 from pot
*** SUMMARY ***
Total pot 140 | No rake
Board: [9h Qh 3d 7d 6d]
Seat 1: MathisKcr (button) showed [4h 5c] and won 140 with Straight 7 high
Seat 2: powerfly (small blind) showed [Ad Qc] and lost with One pair : Queens


Winamax Poker - Tournament "Expresso Nitro" buyIn: 0.93€ + 0.07€ level: 4 - HandId: #4579975699355402241-10-1771494644 - Holdem no limit (30/60) - 2026/02/19 09:50:44 UTC
Table: 'Expresso Nitro(1066358690)#0' 3-max (real money) Seat #2 is the button
Seat 1: MathisKcr (140)
Seat 2: powerfly (380)
Seat 3: kaizerbzh (380)
*** ANTE/BLINDS ***
kaizerbzh posts small blind 30
MathisKcr posts big blind 60
Dealt to MathisKcr [Ks Ah]
*** PRE-FLOP *** 
powerfly folds
kaizerbzh calls 30
MathisKcr raises 80 to 140 and is all-in
kaizerbzh calls 80
*** FLOP *** [7h Qs 7s]
*** TURN *** [7h Qs 7s][5c]
*** RIVER *** [7h Qs 7s 5c][6h]
*** SHOW DOWN ***
kaizerbzh shows [8c Jd] (One pair : 7)
MathisKcr shows [Ks Ah] (One pair : 7)
MathisKcr collected 280 from pot
*** SUMMARY ***
Total pot 280 | No rake
Board: [7h Qs 7s 5c 6h]
Seat 1: MathisKcr (big blind) showed [Ks Ah] and won 280 with One pair : 7
Seat 3: kaizerbzh (small blind) showed [8c Jd] and lost with One pair : 7


Winamax Poker - Tournament "Expresso Nitro" buyIn: 0.93€ + 0.07€ level: 4 - HandId: #4579975699355402241-11-1771494663 - Holdem no limit (30/60) - 2026/02/19 09:51:03 UTC
Table: 'Expresso Nitro(1066358690)#0' 3-max (real money) Seat #3 is the button
Seat 1: MathisKcr (280)
Seat 2: powerfly (380)
Seat 3: kaizerbzh (240)
*** ANTE/BLINDS ***
MathisKcr posts small blind 30
powerfly posts big blind 60
Dealt to MathisKcr [2s 4c]
*** PRE-FLOP *** 
kaizerbzh calls 60
MathisKcr folds
powerfly checks
*** FLOP *** [3s Ks 8h]
powerfly checks
kaizerbzh checks
*** TURN *** [3s Ks 8h][6s]
powerfly checks
kaizerbzh checks
*** RIVER *** [3s Ks 8h 6s][3d]
powerfly checks
kaizerbzh checks
*** SHOW DOWN ***
powerfly shows [Qh 9c] (One pair : 3)
kaizerbzh shows [7h 6d] (Two pairs : 6 and 3)
kaizerbzh collected 150 from pot
*** SUMMARY ***
Total pot 150 | No rake
Board: [3s Ks 8h 6s 3d]
Seat 2: powerfly (big blind) showed [Qh 9c] and lost with One pair : 3
Seat 3: kaizerbzh (button) showed [7h 6d] and won 150 with Two pairs : 6 and 3


Winamax Poker - Tournament "Expresso Nitro" buyIn: 0.93€ + 0.07€ level: 4 - HandId: #4579975699355402241-12-1771494693 - Holdem no limit (30/60) - 2026/02/19 09:51:33 UTC
Table: 'Expresso Nitro(1066358690)#0' 3-max (real money) Seat #1 is the button
Seat 1: MathisKcr (250)
Seat 2: powerfly (320)
Seat 3: kaizerbzh (330)
*** ANTE/BLINDS ***
powerfly posts small blind 30
kaizerbzh posts big blind 60
Dealt to MathisKcr [5s Qd]
*** PRE-FLOP *** 
MathisKcr raises 90 to 150
powerfly raises 170 to 320 and is all-in
kaizerbzh folds
MathisKcr calls 100 and is all-in
*** FLOP *** [8s 3h 3d]
*** TURN *** [8s 3h 3d][8h]
*** RIVER *** [8s 3h 3d 8h][Qs]
*** SHOW DOWN ***
MathisKcr shows [5s Qd] (Two pairs : Queens and 8)
powerfly shows [As Qc] (Two pairs : Queens and 8)
powerfly collected 630 from pot
*** SUMMARY ***
Total pot 630 | No rake
Board: [8s 3h 3d 8h Qs]
Seat 1: MathisKcr (button) showed [5s Qd] and lost with Two pairs : Queens and 8
Seat 2: powerfly (small blind) showed [As Qc] and won 630 with Two pairs : Queens and 8


