Winamax Poker - Tournament "Expresso Nitro" buyIn: 0.93€ + 0.07€ level: 1 - HandId: #4662001727803752449-1-1774534959 - Holdem no limit (10/20) - 2026/03/26 14:22:39 UTC
Table: 'Expresso Nitro(1085456863)#0' 3-max (real money) Seat #3 is the button
Seat 1: Beny Bang (300)
Seat 2: Raisin-Mat18 (300)
Seat 3: MathisKcr (300)
*** ANTE/BLINDS ***
Beny Bang posts small blind 10
Raisin-Mat18 posts big blind 20
Dealt to MathisKcr [Ts Th]
*** PRE-FLOP *** 
MathisKcr raises 20 to 40
Beny Bang calls 30
Raisin-Mat18 raises 260 to 300 and is all-in
MathisKcr calls 260 and is all-in
Beny Bang folds
*** FLOP *** [6d 2d Jc]
*** TURN *** [6d 2d Jc][8d]
*** RIVER *** [6d 2d Jc 8d][9s]
*** SHOW DOWN ***
Raisin-Mat18 shows [Ks Qc] (High card : King)
MathisKcr shows [Ts Th] (One pair : Tens)
MathisKcr collected 640 from pot
*** SUMMARY ***
Total pot 640 | No rake
Board: [6d 2d Jc 8d 9s]
Seat 2: Raisin-Mat18 (big blind) showed [Ks Qc] and lost with High card : King
Seat 3: MathisKcr (button) showed [Ts Th] and won 640 with One pair : Tens


Winamax Poker - Tournament "Expresso Nitro" buyIn: 0.93€ + 0.07€ level: 1 - HandId: #4662001727803752449-2-1774534986 - Holdem no limit (10/20) - 2026/03/26 14:23:06 UTC
Table: 'Expresso Nitro(1085456863)#0' 3-max (real money) Seat #3 is the button
Seat 1: Beny Bang (260)
Seat 3: MathisKcr (640)
*** ANTE/BLINDS ***
MathisKcr posts small blind 10
Beny Bang posts big blind 20
Dealt to MathisKcr [9d Tc]
*** PRE-FLOP *** 
MathisKcr raises 620 to 640 and is all-in
Beny Bang calls 240 and is all-in
*** FLOP *** [Td 9s 7s]
*** TURN *** [Td 9s 7s][3c]
*** RIVER *** [Td 9s 7s 3c][Kc]
*** SHOW DOWN ***
Beny Bang shows [Qc As] (High card : Ace)
MathisKcr shows [9d Tc] (Two pairs : Tens and 9)
MathisKcr collected 900 from pot
*** SUMMARY ***
Total pot 900 | No rake
Board: [Td 9s 7s 3c Kc]
Seat 1: Beny Bang (big blind) showed [Qc As] and lost with High card : Ace
Seat 3: MathisKcr (small blind) (button) showed [9d Tc] and won 900 with Two pairs : Tens and 9


