Winamax Poker - Tournament "Expresso Nitro" buyIn: 0.93€ + 0.07€ level: 1 - HandId: #4612410326007152641-1-1772818607 - Holdem no limit (10/20) - 2026/03/06 17:36:47 UTC
Table: 'Expresso Nitro(1073910465)#0' 3-max (real money) Seat #1 is the button
Seat 1: MathisKcr (300)
Seat 2: Mathieu Lamb (300)
Seat 3: V_Mr Day (300)
*** ANTE/BLINDS ***
Mathieu Lamb posts small blind 10
V_Mr Day posts big blind 20
Dealt to MathisKcr [4h Tc]
*** PRE-FLOP *** 
MathisKcr folds
Mathieu Lamb calls 10
V_Mr Day checks
*** FLOP *** [4d Qd 6h]
Mathieu Lamb checks
V_Mr Day checks
*** TURN *** [4d Qd 6h][Th]
Mathieu Lamb checks
V_Mr Day checks
*** RIVER *** [4d Qd 6h Th][8h]
Mathieu Lamb checks
V_Mr Day checks
*** SHOW DOWN ***
Mathieu Lamb shows [9s As] (High card : Ace)
V_Mr Day shows [7c 8s] (One pair : 8)
V_Mr Day collected 40 from pot
*** SUMMARY ***
Total pot 40 | No rake
Board: [4d Qd 6h Th 8h]
Seat 2: Mathieu Lamb (small blind) showed [9s As] and lost with High card : Ace
Seat 3: V_Mr Day (big blind) showed [7c 8s] and won 40 with One pair : 8


Winamax Poker - Tournament "Expresso Nitro" buyIn: 0.93€ + 0.07€ level: 1 - HandId: #4612410326007152641-2-1772818629 - Holdem no limit (10/20) - 2026/03/06 17:37:09 UTC
Table: 'Expresso Nitro(1073910465)#0' 3-max (real money) Seat #2 is the button
Seat 1: MathisKcr (300)
Seat 2: Mathieu Lamb (280)
Seat 3: V_Mr Day (320)
*** ANTE/BLINDS ***
V_Mr Day posts small blind 10
MathisKcr posts big blind 20
Dealt to MathisKcr [3h 9c]
*** PRE-FLOP *** 
Mathieu Lamb calls 20
V_Mr Day calls 10
MathisKcr checks
*** FLOP *** [Jh 9s As]
V_Mr Day checks
MathisKcr bets 30
Mathieu Lamb calls 30
V_Mr Day calls 30
*** TURN *** [Jh 9s As][4c]
V_Mr Day checks
MathisKcr checks
Mathieu Lamb bets 20
V_Mr Day calls 20
MathisKcr calls 20
*** RIVER *** [Jh 9s As 4c][6d]
V_Mr Day checks
MathisKcr checks
Mathieu Lamb bets 90
V_Mr Day folds
MathisKcr calls 90
*** SHOW DOWN ***
MathisKcr shows [3h 9c] (One pair : 9)
Mathieu Lamb shows [Th Jd] (One pair : Jacks)
Mathieu Lamb collected 390 from pot
*** SUMMARY ***
Total pot 390 | No rake
Board: [Jh 9s As 4c 6d]
Seat 1: MathisKcr (big blind) showed [3h 9c] and lost with One pair : 9
Seat 2: Mathieu Lamb (button) showed [Th Jd] and won 390 with One pair : Jacks


Winamax Poker - Tournament "Expresso Nitro" buyIn: 0.93€ + 0.07€ level: 2 - HandId: #4612410326007152641-3-1772818682 - Holdem no limit (15/30) - 2026/03/06 17:38:02 UTC
Table: 'Expresso Nitro(1073910465)#0' 3-max (real money) Seat #3 is the button
Seat 1: MathisKcr (140)
Seat 2: Mathieu Lamb (510)
Seat 3: V_Mr Day (250)
*** ANTE/BLINDS ***
MathisKcr posts small blind 15
Mathieu Lamb posts big blind 30
Dealt to MathisKcr [6c 6d]
*** PRE-FLOP *** 
V_Mr Day folds
MathisKcr raises 110 to 140 and is all-in
Mathieu Lamb calls 110
*** FLOP *** [4s Qc 3s]
*** TURN *** [4s Qc 3s][8s]
*** RIVER *** [4s Qc 3s 8s][6h]
*** SHOW DOWN ***
Mathieu Lamb shows [Ts Jh] (High card : Queen)
MathisKcr shows [6c 6d] (Trips of 6)
MathisKcr collected 280 from pot
*** SUMMARY ***
Total pot 280 | No rake
Board: [4s Qc 3s 8s 6h]
Seat 1: MathisKcr (small blind) showed [6c 6d] and won 280 with Trips of 6
Seat 2: Mathieu Lamb (big blind) showed [Ts Jh] and lost with High card : Queen


Winamax Poker - Tournament "Expresso Nitro" buyIn: 0.93€ + 0.07€ level: 2 - HandId: #4612410326007152641-4-1772818695 - Holdem no limit (15/30) - 2026/03/06 17:38:15 UTC
Table: 'Expresso Nitro(1073910465)#0' 3-max (real money) Seat #1 is the button
Seat 1: MathisKcr (280)
Seat 2: Mathieu Lamb (370)
Seat 3: V_Mr Day (250)
*** ANTE/BLINDS ***
Mathieu Lamb posts small blind 15
V_Mr Day posts big blind 30
Dealt to MathisKcr [Th 8c]
*** PRE-FLOP *** 
MathisKcr folds
Mathieu Lamb calls 15
V_Mr Day checks
*** FLOP *** [Ac 7s 7c]
Mathieu Lamb checks
V_Mr Day checks
*** TURN *** [Ac 7s 7c][5d]
Mathieu Lamb bets 45
V_Mr Day calls 45
*** RIVER *** [Ac 7s 7c 5d][Kc]
Mathieu Lamb bets 75
V_Mr Day calls 75
*** SHOW DOWN ***
Mathieu Lamb shows [Ts 6h] (One pair : 7)
V_Mr Day shows [7h 8s] (Trips of 7)
V_Mr Day collected 300 from pot
*** SUMMARY ***
Total pot 300 | No rake
Board: [Ac 7s 7c 5d Kc]
Seat 2: Mathieu Lamb (small blind) showed [Ts 6h] and lost with One pair : 7
Seat 3: V_Mr Day (big blind) showed [7h 8s] and won 300 with Trips of 7


Winamax Poker - Tournament "Expresso Nitro" buyIn: 0.93€ + 0.07€ level: 2 - HandId: #4612410326007152641-5-1772818719 - Holdem no limit (15/30) - 2026/03/06 17:38:39 UTC
Table: 'Expresso Nitro(1073910465)#0' 3-max (real money) Seat #2 is the button
Seat 1: MathisKcr (280)
Seat 2: Mathieu Lamb (220)
Seat 3: V_Mr Day (400)
*** ANTE/BLINDS ***
V_Mr Day posts small blind 15
MathisKcr posts big blind 30
Dealt to MathisKcr [3s 9s]
*** PRE-FLOP *** 
Mathieu Lamb calls 30
V_Mr Day folds
MathisKcr checks
*** FLOP *** [6h 7h 7s]
MathisKcr checks
Mathieu Lamb checks
*** TURN *** [6h 7h 7s][2h]
MathisKcr checks
Mathieu Lamb checks
*** RIVER *** [6h 7h 7s 2h][2c]
MathisKcr checks
Mathieu Lamb bets 90
MathisKcr folds
Mathieu Lamb collected 165 from pot
*** SUMMARY ***
Total pot 165 | No rake
Board: [6h 7h 7s 2h 2c]
Seat 2: Mathieu Lamb (button) won 165


Winamax Poker - Tournament "Expresso Nitro" buyIn: 0.93€ + 0.07€ level: 3 - HandId: #4612410326007152641-6-1772818742 - Holdem no limit (20/40) - 2026/03/06 17:39:02 UTC
Table: 'Expresso Nitro(1073910465)#0' 3-max (real money) Seat #3 is the button
Seat 1: MathisKcr (250)
Seat 2: Mathieu Lamb (265)
Seat 3: V_Mr Day (385)
*** ANTE/BLINDS ***
MathisKcr posts small blind 20
Mathieu Lamb posts big blind 40
Dealt to MathisKcr [Tc Kc]
*** PRE-FLOP *** 
V_Mr Day raises 345 to 385 and is all-in
MathisKcr calls 230 and is all-in
Mathieu Lamb folds
*** FLOP *** [Jd 2s 3c]
*** TURN *** [Jd 2s 3c][2c]
*** RIVER *** [Jd 2s 3c 2c][Jc]
*** SHOW DOWN ***
MathisKcr shows [Tc Kc] (Flush King high)
V_Mr Day shows [Kh Js] (Full of Jacks and 2)
V_Mr Day collected 675 from pot
*** SUMMARY ***
Total pot 675 | No rake
Board: [Jd 2s 3c 2c Jc]
Seat 1: MathisKcr (small blind) showed [Tc Kc] and lost with Flush King high
Seat 3: V_Mr Day (button) showed [Kh Js] and won 675 with Full of Jacks and 2


