Winamax Poker - Tournament "Expresso Nitro" buyIn: 0.93€ + 0.07€ level: 1 - HandId: #4654045245053337601-1-1774217388 - Holdem no limit (10/20) - 2026/03/22 22:09:48 UTC
Table: 'Expresso Nitro(1083604350)#0' 3-max (real money) Seat #2 is the button
Seat 1: ideon7200 (300)
Seat 2: totomtp34420 (300)
Seat 3: MathisKcr (300)
*** ANTE/BLINDS ***
MathisKcr posts small blind 10
ideon7200 posts big blind 20
Dealt to MathisKcr [2h 3s]
*** PRE-FLOP *** 
totomtp34420 calls 20
MathisKcr folds
ideon7200 checks
*** FLOP *** [9s Qc Ks]
ideon7200 checks
totomtp34420 bets 33
ideon7200 folds
totomtp34420 collected 83 from pot
*** SUMMARY ***
Total pot 83 | No rake
Board: [9s Qc Ks]
Seat 2: totomtp34420 (button) won 83


Winamax Poker - Tournament "Expresso Nitro" buyIn: 0.93€ + 0.07€ level: 1 - HandId: #4654045245053337601-2-1774217404 - Holdem no limit (10/20) - 2026/03/22 22:10:04 UTC
Table: 'Expresso Nitro(1083604350)#0' 3-max (real money) Seat #3 is the button
Seat 1: ideon7200 (280)
Seat 2: totomtp34420 (330)
Seat 3: MathisKcr (290)
*** ANTE/BLINDS ***
ideon7200 posts small blind 10
totomtp34420 posts big blind 20
Dealt to MathisKcr [5s Kd]
*** PRE-FLOP *** 
MathisKcr raises 40 to 60
ideon7200 raises 140 to 200
totomtp34420 folds
MathisKcr folds
ideon7200 collected 280 from pot
*** SUMMARY ***
Total pot 280 | No rake
Seat 1: ideon7200 (small blind) won 280


Winamax Poker - Tournament "Expresso Nitro" buyIn: 0.93€ + 0.07€ level: 1 - HandId: #4654045245053337601-3-1774217418 - Holdem no limit (10/20) - 2026/03/22 22:10:18 UTC
Table: 'Expresso Nitro(1083604350)#0' 3-max (real money) Seat #1 is the button
Seat 1: ideon7200 (360)
Seat 2: totomtp34420 (310)
Seat 3: MathisKcr (230)
*** ANTE/BLINDS ***
totomtp34420 posts small blind 10
MathisKcr posts big blind 20
Dealt to MathisKcr [2d Ad]
*** PRE-FLOP *** 
ideon7200 folds
totomtp34420 raises 20 to 40
MathisKcr raises 190 to 230 and is all-in
totomtp34420 calls 190
*** FLOP *** [9s 3s Ac]
*** TURN *** [9s 3s Ac][Kc]
*** RIVER *** [9s 3s Ac Kc][7c]
*** SHOW DOWN ***
totomtp34420 shows [Qs 2s] (High card : Ace)
MathisKcr shows [2d Ad] (One pair : Aces)
MathisKcr collected 460 from pot
*** SUMMARY ***
Total pot 460 | No rake
Board: [9s 3s Ac Kc 7c]
Seat 2: totomtp34420 (small blind) showed [Qs 2s] and lost with High card : Ace
Seat 3: MathisKcr (big blind) showed [2d Ad] and won 460 with One pair : Aces


Winamax Poker - Tournament "Expresso Nitro" buyIn: 0.93€ + 0.07€ level: 1 - HandId: #4654045245053337601-4-1774217438 - Holdem no limit (10/20) - 2026/03/22 22:10:38 UTC
Table: 'Expresso Nitro(1083604350)#0' 3-max (real money) Seat #2 is the button
Seat 1: ideon7200 (360)
Seat 2: totomtp34420 (80)
Seat 3: MathisKcr (460)
*** ANTE/BLINDS ***
MathisKcr posts small blind 10
ideon7200 posts big blind 20
Dealt to MathisKcr [Qc Jd]
*** PRE-FLOP *** 
totomtp34420 raises 60 to 80 and is all-in
MathisKcr raises 380 to 460 and is all-in
ideon7200 calls 340 and is all-in
*** FLOP *** [2s 5h Jh]
*** TURN *** [2s 5h Jh][Kh]
*** RIVER *** [2s 5h Jh Kh][Qh]
*** SHOW DOWN ***
ideon7200 shows [2c 2h] (Flush King high)
totomtp34420 shows [9s 8h] (Flush King high)
MathisKcr shows [Qc Jd] (Two pairs : Queens and Jacks)
MathisKcr collected 100 from side pot 2
totomtp34420 collected 240 from main pot
ideon7200 collected 560 from side pot 1
*** SUMMARY ***
Total pot 900 | No rake
Board: [2s 5h Jh Kh Qh]
Seat 1: ideon7200 (big blind) showed [2c 2h] and won 560 with Flush King high
Seat 2: totomtp34420 (button) showed [9s 8h] and won 240 with Flush King high
Seat 3: MathisKcr (small blind) showed [Qc Jd] and won 100 with Two pairs : Queens and Jacks


Winamax Poker - Tournament "Expresso Nitro" buyIn: 0.93€ + 0.07€ level: 2 - HandId: #4654045245053337601-5-1774217453 - Holdem no limit (15/30) - 2026/03/22 22:10:53 UTC
Table: 'Expresso Nitro(1083604350)#0' 3-max (real money) Seat #3 is the button
Seat 1: ideon7200 (560)
Seat 2: totomtp34420 (240)
Seat 3: MathisKcr (100)
*** ANTE/BLINDS ***
ideon7200 posts small blind 15
totomtp34420 posts big blind 30
Dealt to MathisKcr [5s Ac]
*** PRE-FLOP *** 
MathisKcr raises 70 to 100 and is all-in
ideon7200 calls 85
totomtp34420 calls 70
*** FLOP *** [8h Ah Th]
ideon7200 bets 300
totomtp34420 folds
*** TURN *** [8h Ah Th][Qh]
*** RIVER *** [8h Ah Th Qh][2h]
*** SHOW DOWN ***
ideon7200 shows [As Td] (Flush Ace high)
MathisKcr shows [5s Ac] (Flush Ace high)
MathisKcr collected 150 from main pot
ideon7200 collected 450 from side pot 1
*** SUMMARY ***
Total pot 600 | No rake
Board: [8h Ah Th Qh 2h]
Seat 1: ideon7200 (small blind) showed [As Td] and won 450 with Flush Ace high
Seat 3: MathisKcr (button) showed [5s Ac] and won 150 with Flush Ace high


Winamax Poker - Tournament "Expresso Nitro" buyIn: 0.93€ + 0.07€ level: 2 - HandId: #4654045245053337601-6-1774217470 - Holdem no limit (15/30) - 2026/03/22 22:11:10 UTC
Table: 'Expresso Nitro(1083604350)#0' 3-max (real money) Seat #1 is the button
Seat 1: ideon7200 (610)
Seat 2: totomtp34420 (140)
Seat 3: MathisKcr (150)
*** ANTE/BLINDS ***
totomtp34420 posts small blind 15
MathisKcr posts big blind 30
Dealt to MathisKcr [8c 2d]
*** PRE-FLOP *** 
ideon7200 calls 30
totomtp34420 calls 15
MathisKcr checks
*** FLOP *** [6c Ac 5d]
totomtp34420 checks
MathisKcr checks
ideon7200 bets 30
totomtp34420 folds
MathisKcr folds
ideon7200 collected 120 from pot
*** SUMMARY ***
Total pot 120 | No rake
Board: [6c Ac 5d]
Seat 1: ideon7200 (button) won 120


Winamax Poker - Tournament "Expresso Nitro" buyIn: 0.93€ + 0.07€ level: 3 - HandId: #4654045245053337601-7-1774217509 - Holdem no limit (20/40) - 2026/03/22 22:11:49 UTC
Table: 'Expresso Nitro(1083604350)#0' 3-max (real money) Seat #2 is the button
Seat 1: ideon7200 (670)
Seat 2: totomtp34420 (110)
Seat 3: MathisKcr (120)
*** ANTE/BLINDS ***
MathisKcr posts small blind 20
ideon7200 posts big blind 40
Dealt to MathisKcr [4c Qh]
*** PRE-FLOP *** 
totomtp34420 raises 70 to 110 and is all-in
MathisKcr folds
ideon7200 folds
totomtp34420 collected 170 from pot
*** SUMMARY ***
Total pot 170 | No rake
Seat 2: totomtp34420 (button) won 170


Winamax Poker - Tournament "Expresso Nitro" buyIn: 0.93€ + 0.07€ level: 3 - HandId: #4654045245053337601-8-1774217519 - Holdem no limit (20/40) - 2026/03/22 22:11:59 UTC
Table: 'Expresso Nitro(1083604350)#0' 3-max (real money) Seat #3 is the button
Seat 1: ideon7200 (630)
Seat 2: totomtp34420 (170)
Seat 3: MathisKcr (100)
*** ANTE/BLINDS ***
ideon7200 posts small blind 20
totomtp34420 posts big blind 40
Dealt to MathisKcr [2d Qh]
*** PRE-FLOP *** 
MathisKcr raises 60 to 100 and is all-in
ideon7200 folds
totomtp34420 folds
MathisKcr collected 160 from pot
*** SUMMARY ***
Total pot 160 | No rake
Seat 3: MathisKcr (button) won 160


Winamax Poker - Tournament "Expresso Nitro" buyIn: 0.93€ + 0.07€ level: 3 - HandId: #4654045245053337601-9-1774217533 - Holdem no limit (20/40) - 2026/03/22 22:12:13 UTC
Table: 'Expresso Nitro(1083604350)#0' 3-max (real money) Seat #1 is the button
Seat 1: ideon7200 (610)
Seat 2: totomtp34420 (130)
Seat 3: MathisKcr (160)
*** ANTE/BLINDS ***
totomtp34420 posts small blind 20
MathisKcr posts big blind 40
Dealt to MathisKcr [6c 7s]
*** PRE-FLOP *** 
ideon7200 folds
totomtp34420 raises 90 to 130 and is all-in
MathisKcr folds
totomtp34420 collected 170 from pot
*** SUMMARY ***
Total pot 170 | No rake
Seat 2: totomtp34420 (small blind) won 170


Winamax Poker - Tournament "Expresso Nitro" buyIn: 0.93€ + 0.07€ level: 3 - HandId: #4654045245053337601-10-1774217542 - Holdem no limit (20/40) - 2026/03/22 22:12:22 UTC
Table: 'Expresso Nitro(1083604350)#0' 3-max (real money) Seat #2 is the button
Seat 1: ideon7200 (610)
Seat 2: totomtp34420 (170)
Seat 3: MathisKcr (120)
*** ANTE/BLINDS ***
MathisKcr posts small blind 20
ideon7200 posts big blind 40
Dealt to MathisKcr [6c Kh]
*** PRE-FLOP *** 
totomtp34420 raises 130 to 170 and is all-in
MathisKcr calls 100 and is all-in
ideon7200 folds
*** FLOP *** [2h 4s Ts]
*** TURN *** [2h 4s Ts][Js]
*** RIVER *** [2h 4s Ts Js][9h]
*** SHOW DOWN ***
MathisKcr shows [6c Kh] (High card : King)
totomtp34420 shows [8c Ad] (High card : Ace)
totomtp34420 collected 330 from pot
*** SUMMARY ***
Total pot 330 | No rake
Board: [2h 4s Ts Js 9h]
Seat 2: totomtp34420 (button) showed [8c Ad] and won 330 with High card : Ace
Seat 3: MathisKcr (small blind) showed [6c Kh] and lost with High card : King


