Winamax Poker - Tournament "Expresso Nitro" buyIn: 0.93€ + 0.07€ level: 1 - HandId: #4668456595498205185-1-1774794435 - Holdem no limit (10/20) - 2026/03/29 14:27:15 UTC
Table: 'Expresso Nitro(1086959754)#0' 3-max (real money) Seat #1 is the button
Seat 1: trisalex (300)
Seat 2: MathisKcr (300)
Seat 3: Pizou34 (300)
*** ANTE/BLINDS ***
MathisKcr posts small blind 10
Pizou34 posts big blind 20
Dealt to MathisKcr [8d Tc]
*** PRE-FLOP *** 
trisalex calls 20
MathisKcr folds
Pizou34 checks
*** FLOP *** [Ac 9h Kh]
Pizou34 checks
trisalex bets 20
Pizou34 folds
trisalex collected 70 from pot
*** SUMMARY ***
Total pot 70 | No rake
Board: [Ac 9h Kh]
Seat 1: trisalex (button) won 70


Winamax Poker - Tournament "Expresso Nitro" buyIn: 0.93€ + 0.07€ level: 1 - HandId: #4668456595498205185-2-1774794451 - Holdem no limit (10/20) - 2026/03/29 14:27:31 UTC
Table: 'Expresso Nitro(1086959754)#0' 3-max (real money) Seat #2 is the button
Seat 1: trisalex (330)
Seat 2: MathisKcr (290)
Seat 3: Pizou34 (280)
*** ANTE/BLINDS ***
Pizou34 posts small blind 10
trisalex posts big blind 20
Dealt to MathisKcr [As 7c]
*** PRE-FLOP *** 
MathisKcr raises 20 to 40
Pizou34 folds
trisalex folds
MathisKcr collected 70 from pot
*** SUMMARY ***
Total pot 70 | No rake
Seat 2: MathisKcr (button) won 70


Winamax Poker - Tournament "Expresso Nitro" buyIn: 0.93€ + 0.07€ level: 1 - HandId: #4668456595498205185-3-1774794459 - Holdem no limit (10/20) - 2026/03/29 14:27:39 UTC
Table: 'Expresso Nitro(1086959754)#0' 3-max (real money) Seat #3 is the button
Seat 1: trisalex (310)
Seat 2: MathisKcr (320)
Seat 3: Pizou34 (270)
*** ANTE/BLINDS ***
trisalex posts small blind 10
MathisKcr posts big blind 20
Dealt to MathisKcr [6d 7c]
*** PRE-FLOP *** 
Pizou34 raises 20 to 40
trisalex raises 270 to 310 and is all-in
MathisKcr folds
Pizou34 calls 230 and is all-in
*** FLOP *** [Th Ad 8s]
*** TURN *** [Th Ad 8s][8h]
*** RIVER *** [Th Ad 8s 8h][3s]
*** SHOW DOWN ***
Pizou34 shows [Js Qs] (One pair : 8)
trisalex shows [Jc Jd] (Two pairs : Jacks and 8)
trisalex collected 600 from pot
*** SUMMARY ***
Total pot 600 | No rake
Board: [Th Ad 8s 8h 3s]
Seat 1: trisalex (small blind) showed [Jc Jd] and won 600 with Two pairs : Jacks and 8
Seat 3: Pizou34 (button) showed [Js Qs] and lost with One pair : 8


Winamax Poker - Tournament "Expresso Nitro" buyIn: 0.93€ + 0.07€ level: 1 - HandId: #4668456595498205185-4-1774794477 - Holdem no limit (10/20) - 2026/03/29 14:27:57 UTC
Table: 'Expresso Nitro(1086959754)#0' 3-max (real money) Seat #2 is the button
Seat 1: trisalex (600)
Seat 2: MathisKcr (300)
*** ANTE/BLINDS ***
MathisKcr posts small blind 10
trisalex posts big blind 20
Dealt to MathisKcr [5c Kc]
*** PRE-FLOP *** 
MathisKcr raises 280 to 300 and is all-in
trisalex folds
MathisKcr collected 320 from pot
*** SUMMARY ***
Total pot 320 | No rake
Seat 2: MathisKcr (small blind) (button) won 320


Winamax Poker - Tournament "Expresso Nitro" buyIn: 0.93€ + 0.07€ level: 1 - HandId: #4668456595498205185-5-1774794485 - Holdem no limit (10/20) - 2026/03/29 14:28:05 UTC
Table: 'Expresso Nitro(1086959754)#0' 3-max (real money) Seat #1 is the button
Seat 1: trisalex (580)
Seat 2: MathisKcr (320)
*** ANTE/BLINDS ***
trisalex posts small blind 10
MathisKcr posts big blind 20
Dealt to MathisKcr [Js 9c]
*** PRE-FLOP *** 
trisalex folds
MathisKcr collected 30 from pot
*** SUMMARY ***
Total pot 30 | No rake
Seat 2: MathisKcr (big blind) won 30


Winamax Poker - Tournament "Expresso Nitro" buyIn: 0.93€ + 0.07€ level: 1 - HandId: #4668456595498205185-6-1774794491 - Holdem no limit (10/20) - 2026/03/29 14:28:11 UTC
Table: 'Expresso Nitro(1086959754)#0' 3-max (real money) Seat #2 is the button
Seat 1: trisalex (570)
Seat 2: MathisKcr (330)
*** ANTE/BLINDS ***
MathisKcr posts small blind 10
trisalex posts big blind 20
Dealt to MathisKcr [9h 8c]
*** PRE-FLOP *** 
MathisKcr raises 310 to 330 and is all-in
trisalex calls 310
*** FLOP *** [2s 3c 4s]
*** TURN *** [2s 3c 4s][As]
*** RIVER *** [2s 3c 4s As][7d]
*** SHOW DOWN ***
MathisKcr shows [9h 8c] (High card : Ace)
trisalex shows [5d 5h] (Straight 5 high)
trisalex collected 660 from pot
*** SUMMARY ***
Total pot 660 | No rake
Board: [2s 3c 4s As 7d]
Seat 1: trisalex (big blind) showed [5d 5h] and won 660 with Straight 5 high
Seat 2: MathisKcr (small blind) (button) showed [9h 8c] and lost with High card : Ace


