Winamax Poker - Tournament "Expresso Nitro" buyIn: 0.93€ + 0.07€ level: 1 - HandId: #4601644144371171329-1-1772395013 - Holdem no limit (10/20) - 2026/03/01 19:56:53 UTC
Table: 'Expresso Nitro(1071403768)#0' 3-max (real money) Seat #2 is the button
Seat 1: MathisKcr (300)
Seat 2: Poupi68100 (300)
Seat 3: MILEGMY (300)
*** ANTE/BLINDS ***
MILEGMY posts small blind 10
MathisKcr posts big blind 20
Dealt to MathisKcr [Tc 2c]
*** PRE-FLOP *** 
Poupi68100 raises 280 to 300 and is all-in
MILEGMY folds
MathisKcr folds
Poupi68100 collected 330 from pot
*** SUMMARY ***
Total pot 330 | No rake
Seat 2: Poupi68100 (button) won 330


Winamax Poker - Tournament "Expresso Nitro" buyIn: 0.93€ + 0.07€ level: 1 - HandId: #4601644144371171329-2-1772395022 - Holdem no limit (10/20) - 2026/03/01 19:57:02 UTC
Table: 'Expresso Nitro(1071403768)#0' 3-max (real money) Seat #3 is the button
Seat 1: MathisKcr (280)
Seat 2: Poupi68100 (330)
Seat 3: MILEGMY (290)
*** ANTE/BLINDS ***
MathisKcr posts small blind 10
Poupi68100 posts big blind 20
Dealt to MathisKcr [Js 6s]
*** PRE-FLOP *** 
MILEGMY folds
MathisKcr calls 10
Poupi68100 checks
*** FLOP *** [Ac 6c Jh]
MathisKcr bets 20
Poupi68100 folds
MathisKcr collected 60 from pot
*** SUMMARY ***
Total pot 60 | No rake
Board: [Ac 6c Jh]
Seat 1: MathisKcr (small blind) won 60


Winamax Poker - Tournament "Expresso Nitro" buyIn: 0.93€ + 0.07€ level: 1 - HandId: #4601644144371171329-3-1772395049 - Holdem no limit (10/20) - 2026/03/01 19:57:29 UTC
Table: 'Expresso Nitro(1071403768)#0' 3-max (real money) Seat #1 is the button
Seat 1: MathisKcr (300)
Seat 2: Poupi68100 (310)
Seat 3: MILEGMY (290)
*** ANTE/BLINDS ***
Poupi68100 posts small blind 10
MILEGMY posts big blind 20
Dealt to MathisKcr [2d Qc]
*** PRE-FLOP *** 
MathisKcr folds
Poupi68100 raises 20 to 40
MILEGMY raises 250 to 290 and is all-in
Poupi68100 folds
MILEGMY collected 330 from pot
*** SUMMARY ***
Total pot 330 | No rake
Seat 3: MILEGMY (big blind) won 330


Winamax Poker - Tournament "Expresso Nitro" buyIn: 0.93€ + 0.07€ level: 1 - HandId: #4601644144371171329-4-1772395066 - Holdem no limit (10/20) - 2026/03/01 19:57:46 UTC
Table: 'Expresso Nitro(1071403768)#0' 3-max (real money) Seat #2 is the button
Seat 1: MathisKcr (300)
Seat 2: Poupi68100 (270)
Seat 3: MILEGMY (330)
*** ANTE/BLINDS ***
MILEGMY posts small blind 10
MathisKcr posts big blind 20
Dealt to MathisKcr [Js Ah]
*** PRE-FLOP *** 
Poupi68100 calls 20
MILEGMY folds
MathisKcr raises 280 to 300 and is all-in
Poupi68100 folds
MathisKcr collected 330 from pot
*** SUMMARY ***
Total pot 330 | No rake
Seat 1: MathisKcr (big blind) won 330


Winamax Poker - Tournament "Expresso Nitro" buyIn: 0.93€ + 0.07€ level: 2 - HandId: #4601644144371171329-5-1772395078 - Holdem no limit (15/30) - 2026/03/01 19:57:58 UTC
Table: 'Expresso Nitro(1071403768)#0' 3-max (real money) Seat #3 is the button
Seat 1: MathisKcr (330)
Seat 2: Poupi68100 (250)
Seat 3: MILEGMY (320)
*** ANTE/BLINDS ***
MathisKcr posts small blind 15
Poupi68100 posts big blind 30
Dealt to MathisKcr [Ac 6c]
*** PRE-FLOP *** 
MILEGMY raises 290 to 320 and is all-in
MathisKcr calls 305
Poupi68100 calls 220 and is all-in
*** FLOP *** [9d 8s 8c]
*** TURN *** [9d 8s 8c][Kd]
*** RIVER *** [9d 8s 8c Kd][Js]
*** SHOW DOWN ***
MathisKcr shows [Ac 6c] (One pair : 8)
Poupi68100 shows [7c Ah] (One pair : 8)
MILEGMY shows [Ad 8d] (Trips of 8)
MILEGMY collected 890 from pot
*** SUMMARY ***
Total pot 890 | No rake
Board: [9d 8s 8c Kd Js]
Seat 1: MathisKcr (small blind) showed [Ac 6c] and lost with One pair : 8
Seat 2: Poupi68100 (big blind) showed [7c Ah] and lost with One pair : 8
Seat 3: MILEGMY (button) showed [Ad 8d] and won 890 with Trips of 8


Winamax Poker - Tournament "Expresso Nitro" buyIn: 0.93€ + 0.07€ level: 2 - HandId: #4601644144371171329-6-1772395095 - Holdem no limit (15/30) - 2026/03/01 19:58:15 UTC
Table: 'Expresso Nitro(1071403768)#0' 3-max (real money) Seat #3 is the button
Seat 1: MathisKcr (10)
Seat 3: MILEGMY (890)
*** ANTE/BLINDS ***
MILEGMY posts small blind 15
MathisKcr posts big blind 10 and is all-in
Dealt to MathisKcr [8s Kh]
*** PRE-FLOP *** 
*** FLOP *** [4h 9c 8c]
*** TURN *** [4h 9c 8c][2d]
*** RIVER *** [4h 9c 8c 2d][3c]
*** SHOW DOWN ***
MathisKcr shows [8s Kh] (One pair : 8)
MILEGMY shows [3s Kc] (One pair : 3)
MILEGMY collected 5 from side pot 1
MathisKcr collected 20 from main pot
*** SUMMARY ***
Total pot 25 | No rake
Board: [4h 9c 8c 2d 3c]
Seat 1: MathisKcr (big blind) showed [8s Kh] and won 20 with One pair : 8
Seat 3: MILEGMY (small blind) (button) showed [3s Kc] and won 5 with One pair : 3


Winamax Poker - Tournament "Expresso Nitro" buyIn: 0.93€ + 0.07€ level: 2 - HandId: #4601644144371171329-7-1772395103 - Holdem no limit (15/30) - 2026/03/01 19:58:23 UTC
Table: 'Expresso Nitro(1071403768)#0' 3-max (real money) Seat #1 is the button
Seat 1: MathisKcr (20)
Seat 3: MILEGMY (880)
*** ANTE/BLINDS ***
MathisKcr posts small blind 15
MILEGMY posts big blind 30
Dealt to MathisKcr [6h 3h]
*** PRE-FLOP *** 
MathisKcr calls 5 and is all-in
*** FLOP *** [Kh Ac Jd]
*** TURN *** [Kh Ac Jd][6c]
*** RIVER *** [Kh Ac Jd 6c][6s]
*** SHOW DOWN ***
MathisKcr shows [6h 3h] (Trips of 6)
MILEGMY shows [Kd 3c] (Two pairs : Kings and 6)
MILEGMY collected 10 from side pot 1
MathisKcr collected 40 from main pot
*** SUMMARY ***
Total pot 50 | No rake
Board: [Kh Ac Jd 6c 6s]
Seat 1: MathisKcr (small blind) (button) showed [6h 3h] and won 40 with Trips of 6
Seat 3: MILEGMY (big blind) showed [Kd 3c] and won 10 with Two pairs : Kings and 6


Winamax Poker - Tournament "Expresso Nitro" buyIn: 0.93€ + 0.07€ level: 2 - HandId: #4601644144371171329-8-1772395113 - Holdem no limit (15/30) - 2026/03/01 19:58:33 UTC
Table: 'Expresso Nitro(1071403768)#0' 3-max (real money) Seat #3 is the button
Seat 1: MathisKcr (40)
Seat 3: MILEGMY (860)
*** ANTE/BLINDS ***
MILEGMY posts small blind 15
MathisKcr posts big blind 30
Dealt to MathisKcr [Ad Th]
*** PRE-FLOP *** 
MILEGMY calls 15
MathisKcr raises 10 to 40 and is all-in
MILEGMY calls 10
*** FLOP *** [7s 6s 8d]
*** TURN *** [7s 6s 8d][9h]
*** RIVER *** [7s 6s 8d 9h][7d]
*** SHOW DOWN ***
MILEGMY shows [3s 8s] (Two pairs : 8 and 7)
MathisKcr shows [Ad Th] (Straight Ten high)
MathisKcr collected 80 from pot
*** SUMMARY ***
Total pot 80 | No rake
Board: [7s 6s 8d 9h 7d]
Seat 1: MathisKcr (big blind) showed [Ad Th] and won 80 with Straight Ten high
Seat 3: MILEGMY (small blind) (button) showed [3s 8s] and lost with Two pairs : 8 and 7


Winamax Poker - Tournament "Expresso Nitro" buyIn: 0.93€ + 0.07€ level: 2 - HandId: #4601644144371171329-9-1772395126 - Holdem no limit (15/30) - 2026/03/01 19:58:46 UTC
Table: 'Expresso Nitro(1071403768)#0' 3-max (real money) Seat #1 is the button
Seat 1: MathisKcr (80)
Seat 3: MILEGMY (820)
*** ANTE/BLINDS ***
MathisKcr posts small blind 15
MILEGMY posts big blind 30
Dealt to MathisKcr [9c Tc]
*** PRE-FLOP *** 
MathisKcr raises 50 to 80 and is all-in
MILEGMY raises 50 to 130
*** FLOP *** [5h 2h Ts]
*** TURN *** [5h 2h Ts][9d]
*** RIVER *** [5h 2h Ts 9d][7d]
*** SHOW DOWN ***
MathisKcr shows [9c Tc] (Two pairs : Tens and 9)
MILEGMY shows [Kh Ah] (High card : Ace)
MILEGMY collected 50 from side pot 1
MathisKcr collected 160 from main pot
*** SUMMARY ***
Total pot 210 | No rake
Board: [5h 2h Ts 9d 7d]
Seat 1: MathisKcr (small blind) (button) showed [9c Tc] and won 160 with Two pairs : Tens and 9
Seat 3: MILEGMY (big blind) showed [Kh Ah] and won 50 with High card : Ace


Winamax Poker - Tournament "Expresso Nitro" buyIn: 0.93€ + 0.07€ level: 3 - HandId: #4601644144371171329-10-1772395138 - Holdem no limit (20/40) - 2026/03/01 19:58:58 UTC
Table: 'Expresso Nitro(1071403768)#0' 3-max (real money) Seat #3 is the button
Seat 1: MathisKcr (160)
Seat 3: MILEGMY (740)
*** ANTE/BLINDS ***
MILEGMY posts small blind 20
MathisKcr posts big blind 40
Dealt to MathisKcr [5h 9c]
*** PRE-FLOP *** 
MILEGMY raises 700 to 740 and is all-in
MathisKcr folds
MILEGMY collected 780 from pot
*** SUMMARY ***
Total pot 780 | No rake
Seat 3: MILEGMY (small blind) (button) won 780


Winamax Poker - Tournament "Expresso Nitro" buyIn: 0.93€ + 0.07€ level: 3 - HandId: #4601644144371171329-11-1772395144 - Holdem no limit (20/40) - 2026/03/01 19:59:04 UTC
Table: 'Expresso Nitro(1071403768)#0' 3-max (real money) Seat #1 is the button
Seat 1: MathisKcr (120)
Seat 3: MILEGMY (780)
*** ANTE/BLINDS ***
MathisKcr posts small blind 20
MILEGMY posts big blind 40
Dealt to MathisKcr [Td Qh]
*** PRE-FLOP *** 
MathisKcr raises 80 to 120 and is all-in
MILEGMY calls 80
*** FLOP *** [Qs 9s 3s]
*** TURN *** [Qs 9s 3s][Js]
*** RIVER *** [Qs 9s 3s Js][3h]
*** SHOW DOWN ***
MILEGMY shows [6h Th] (One pair : 3)
MathisKcr shows [Td Qh] (Two pairs : Queens and 3)
MathisKcr collected 240 from pot
*** SUMMARY ***
Total pot 240 | No rake
Board: [Qs 9s 3s Js 3h]
Seat 1: MathisKcr (small blind) (button) showed [Td Qh] and won 240 with Two pairs : Queens and 3
Seat 3: MILEGMY (big blind) showed [6h Th] and lost with One pair : 3


Winamax Poker - Tournament "Expresso Nitro" buyIn: 0.93€ + 0.07€ level: 3 - HandId: #4601644144371171329-12-1772395157 - Holdem no limit (20/40) - 2026/03/01 19:59:17 UTC
Table: 'Expresso Nitro(1071403768)#0' 3-max (real money) Seat #3 is the button
Seat 1: MathisKcr (240)
Seat 3: MILEGMY (660)
*** ANTE/BLINDS ***
MILEGMY posts small blind 20
MathisKcr posts big blind 40
Dealt to MathisKcr [4c 7c]
*** PRE-FLOP *** 
MILEGMY folds
MathisKcr collected 60 from pot
*** SUMMARY ***
Total pot 60 | No rake
Seat 1: MathisKcr (big blind) won 60


Winamax Poker - Tournament "Expresso Nitro" buyIn: 0.93€ + 0.07€ level: 3 - HandId: #4601644144371171329-13-1772395162 - Holdem no limit (20/40) - 2026/03/01 19:59:22 UTC
Table: 'Expresso Nitro(1071403768)#0' 3-max (real money) Seat #1 is the button
Seat 1: MathisKcr (260)
Seat 3: MILEGMY (640)
*** ANTE/BLINDS ***
MathisKcr posts small blind 20
MILEGMY posts big blind 40
Dealt to MathisKcr [Ah Th]
*** PRE-FLOP *** 
MathisKcr raises 220 to 260 and is all-in
MILEGMY folds
MathisKcr collected 300 from pot
*** SUMMARY ***
Total pot 300 | No rake
Seat 1: MathisKcr (small blind) (button) won 300


Winamax Poker - Tournament "Expresso Nitro" buyIn: 0.93€ + 0.07€ level: 3 - HandId: #4601644144371171329-14-1772395170 - Holdem no limit (20/40) - 2026/03/01 19:59:30 UTC
Table: 'Expresso Nitro(1071403768)#0' 3-max (real money) Seat #3 is the button
Seat 1: MathisKcr (300)
Seat 3: MILEGMY (600)
*** ANTE/BLINDS ***
MILEGMY posts small blind 20
MathisKcr posts big blind 40
Dealt to MathisKcr [4s 9d]
*** PRE-FLOP *** 
MILEGMY raises 560 to 600 and is all-in
MathisKcr folds
MILEGMY collected 640 from pot
*** SUMMARY ***
Total pot 640 | No rake
Seat 3: MILEGMY (small blind) (button) won 640


Winamax Poker - Tournament "Expresso Nitro" buyIn: 0.93€ + 0.07€ level: 3 - HandId: #4601644144371171329-15-1772395176 - Holdem no limit (20/40) - 2026/03/01 19:59:36 UTC
Table: 'Expresso Nitro(1071403768)#0' 3-max (real money) Seat #1 is the button
Seat 1: MathisKcr (260)
Seat 3: MILEGMY (640)
*** ANTE/BLINDS ***
MathisKcr posts small blind 20
MILEGMY posts big blind 40
Dealt to MathisKcr [Qs 3c]
*** PRE-FLOP *** 
MathisKcr folds
MILEGMY collected 60 from pot
*** SUMMARY ***
Total pot 60 | No rake
Seat 3: MILEGMY (big blind) won 60


Winamax Poker - Tournament "Expresso Nitro" buyIn: 0.93€ + 0.07€ level: 3 - HandId: #4601644144371171329-16-1772395182 - Holdem no limit (20/40) - 2026/03/01 19:59:42 UTC
Table: 'Expresso Nitro(1071403768)#0' 3-max (real money) Seat #3 is the button
Seat 1: MathisKcr (240)
Seat 3: MILEGMY (660)
*** ANTE/BLINDS ***
MILEGMY posts small blind 20
MathisKcr posts big blind 40
Dealt to MathisKcr [7c 7h]
*** PRE-FLOP *** 
MILEGMY raises 620 to 660 and is all-in
MathisKcr calls 200 and is all-in
*** FLOP *** [Tc 7s Jh]
*** TURN *** [Tc 7s Jh][3s]
*** RIVER *** [Tc 7s Jh 3s][Js]
*** SHOW DOWN ***
MathisKcr shows [7c 7h] (Full of 7 and Jacks)
MILEGMY shows [8d 5h] (One pair : Jacks)
MILEGMY collected 420 from side pot 1
MathisKcr collected 480 from main pot
*** SUMMARY ***
Total pot 900 | No rake
Board: [Tc 7s Jh 3s Js]
Seat 1: MathisKcr (big blind) showed [7c 7h] and won 480 with Full of 7 and Jacks
Seat 3: MILEGMY (small blind) (button) showed [8d 5h] and won 420 with One pair : Jacks


Winamax Poker - Tournament "Expresso Nitro" buyIn: 0.93€ + 0.07€ level: 4 - HandId: #4601644144371171329-17-1772395194 - Holdem no limit (30/60) - 2026/03/01 19:59:54 UTC
Table: 'Expresso Nitro(1071403768)#0' 3-max (real money) Seat #1 is the button
Seat 1: MathisKcr (480)
Seat 3: MILEGMY (420)
*** ANTE/BLINDS ***
MathisKcr posts small blind 30
MILEGMY posts big blind 60
Dealt to MathisKcr [Th 7h]
*** PRE-FLOP *** 
MathisKcr calls 30
MILEGMY raises 360 to 420 and is all-in
MathisKcr folds
MILEGMY collected 480 from pot
*** SUMMARY ***
Total pot 480 | No rake
Seat 3: MILEGMY (big blind) won 480


Winamax Poker - Tournament "Expresso Nitro" buyIn: 0.93€ + 0.07€ level: 4 - HandId: #4601644144371171329-18-1772395202 - Holdem no limit (30/60) - 2026/03/01 20:00:02 UTC
Table: 'Expresso Nitro(1071403768)#0' 3-max (real money) Seat #3 is the button
Seat 1: MathisKcr (420)
Seat 3: MILEGMY (480)
*** ANTE/BLINDS ***
MILEGMY posts small blind 30
MathisKcr posts big blind 60
Dealt to MathisKcr [Ks 7s]
*** PRE-FLOP *** 
MILEGMY folds
MathisKcr collected 90 from pot
*** SUMMARY ***
Total pot 90 | No rake
Seat 1: MathisKcr (big blind) won 90


Winamax Poker - Tournament "Expresso Nitro" buyIn: 0.93€ + 0.07€ level: 4 - HandId: #4601644144371171329-19-1772395213 - Holdem no limit (30/60) - 2026/03/01 20:00:13 UTC
Table: 'Expresso Nitro(1071403768)#0' 3-max (real money) Seat #1 is the button
Seat 1: MathisKcr (450)
Seat 3: MILEGMY (450)
*** ANTE/BLINDS ***
MathisKcr posts small blind 30
MILEGMY posts big blind 60
Dealt to MathisKcr [Ts 6d]
*** PRE-FLOP *** 
MathisKcr folds
MILEGMY collected 90 from pot
*** SUMMARY ***
Total pot 90 | No rake
Seat 3: MILEGMY (big blind) won 90


Winamax Poker - Tournament "Expresso Nitro" buyIn: 0.93€ + 0.07€ level: 4 - HandId: #4601644144371171329-20-1772395217 - Holdem no limit (30/60) - 2026/03/01 20:00:17 UTC
Table: 'Expresso Nitro(1071403768)#0' 3-max (real money) Seat #3 is the button
Seat 1: MathisKcr (420)
Seat 3: MILEGMY (480)
*** ANTE/BLINDS ***
MILEGMY posts small blind 30
MathisKcr posts big blind 60
Dealt to MathisKcr [Qh 4d]
*** PRE-FLOP *** 
MILEGMY raises 420 to 480 and is all-in
MathisKcr folds
MILEGMY collected 540 from pot
*** SUMMARY ***
Total pot 540 | No rake
Seat 3: MILEGMY (small blind) (button) won 540


Winamax Poker - Tournament "Expresso Nitro" buyIn: 0.93€ + 0.07€ level: 4 - HandId: #4601644144371171329-21-1772395224 - Holdem no limit (30/60) - 2026/03/01 20:00:24 UTC
Table: 'Expresso Nitro(1071403768)#0' 3-max (real money) Seat #1 is the button
Seat 1: MathisKcr (360)
Seat 3: MILEGMY (540)
*** ANTE/BLINDS ***
MathisKcr posts small blind 30
MILEGMY posts big blind 60
Dealt to MathisKcr [Ks 7c]
*** PRE-FLOP *** 
MathisKcr raises 300 to 360 and is all-in
MILEGMY folds
MathisKcr collected 420 from pot
*** SUMMARY ***
Total pot 420 | No rake
Seat 1: MathisKcr (small blind) (button) won 420


Winamax Poker - Tournament "Expresso Nitro" buyIn: 0.93€ + 0.07€ level: 4 - HandId: #4601644144371171329-22-1772395232 - Holdem no limit (30/60) - 2026/03/01 20:00:32 UTC
Table: 'Expresso Nitro(1071403768)#0' 3-max (real money) Seat #3 is the button
Seat 1: MathisKcr (420)
Seat 3: MILEGMY (480)
*** ANTE/BLINDS ***
MILEGMY posts small blind 30
MathisKcr posts big blind 60
Dealt to MathisKcr [8s Tc]
*** PRE-FLOP *** 
MILEGMY folds
MathisKcr collected 90 from pot
*** SUMMARY ***
Total pot 90 | No rake
Seat 1: MathisKcr (big blind) won 90


Winamax Poker - Tournament "Expresso Nitro" buyIn: 0.93€ + 0.07€ level: 4 - HandId: #4601644144371171329-23-1772395238 - Holdem no limit (30/60) - 2026/03/01 20:00:38 UTC
Table: 'Expresso Nitro(1071403768)#0' 3-max (real money) Seat #1 is the button
Seat 1: MathisKcr (450)
Seat 3: MILEGMY (450)
*** ANTE/BLINDS ***
MathisKcr posts small blind 30
MILEGMY posts big blind 60
Dealt to MathisKcr [5h 3d]
*** PRE-FLOP *** 
MathisKcr folds
MILEGMY collected 90 from pot
*** SUMMARY ***
Total pot 90 | No rake
Seat 3: MILEGMY (big blind) won 90


Winamax Poker - Tournament "Expresso Nitro" buyIn: 0.93€ + 0.07€ level: 4 - HandId: #4601644144371171329-24-1772395243 - Holdem no limit (30/60) - 2026/03/01 20:00:43 UTC
Table: 'Expresso Nitro(1071403768)#0' 3-max (real money) Seat #3 is the button
Seat 1: MathisKcr (420)
Seat 3: MILEGMY (480)
*** ANTE/BLINDS ***
MILEGMY posts small blind 30
MathisKcr posts big blind 60
Dealt to MathisKcr [5s Kd]
*** PRE-FLOP *** 
MILEGMY folds
MathisKcr collected 90 from pot
*** SUMMARY ***
Total pot 90 | No rake
Seat 1: MathisKcr (big blind) won 90


Winamax Poker - Tournament "Expresso Nitro" buyIn: 0.93€ + 0.07€ level: 4 - HandId: #4601644144371171329-25-1772395248 - Holdem no limit (30/60) - 2026/03/01 20:00:48 UTC
Table: 'Expresso Nitro(1071403768)#0' 3-max (real money) Seat #1 is the button
Seat 1: MathisKcr (450)
Seat 3: MILEGMY (450)
*** ANTE/BLINDS ***
MathisKcr posts small blind 30
MILEGMY posts big blind 60
Dealt to MathisKcr [3c Qs]
*** PRE-FLOP *** 
MathisKcr raises 390 to 450 and is all-in
MILEGMY calls 390 and is all-in
*** FLOP *** [8s 9s Qc]
*** TURN *** [8s 9s Qc][3s]
*** RIVER *** [8s 9s Qc 3s][4s]
*** SHOW DOWN ***
MILEGMY shows [Jh Ad] (High card : Ace)
MathisKcr shows [3c Qs] (Flush Queen high)
MathisKcr collected 900 from pot
*** SUMMARY ***
Total pot 900 | No rake
Board: [8s 9s Qc 3s 4s]
Seat 1: MathisKcr (small blind) (button) showed [3c Qs] and won 900 with Flush Queen high
Seat 3: MILEGMY (big blind) showed [Jh Ad] and lost with High card : Ace


