Winamax Poker - Tournament "Expresso Nitro" buyIn: 0.93€ + 0.07€ level: 1 - HandId: #4668741386189668353-1-1774803942 - Holdem no limit (10/20) - 2026/03/29 17:05:42 UTC
Table: 'Expresso Nitro(1087026062)#0' 3-max (real money) Seat #2 is the button
Seat 1: MathisKcr (300)
Seat 2: RealBelgica (300)
Seat 3: ZinzinZoulou (300)
*** ANTE/BLINDS ***
ZinzinZoulou posts small blind 10
MathisKcr posts big blind 20
Dealt to MathisKcr [5s 7s]
*** PRE-FLOP *** 
RealBelgica calls 20
ZinzinZoulou calls 10
MathisKcr checks
*** FLOP *** [Ks 3c 5d]
ZinzinZoulou checks
MathisKcr checks
RealBelgica checks
*** TURN *** [Ks 3c 5d][4s]
ZinzinZoulou checks
MathisKcr bets 40
RealBelgica folds
ZinzinZoulou calls 40
*** RIVER *** [Ks 3c 5d 4s][4h]
ZinzinZoulou bets 240 and is all-in
MathisKcr calls 240 and is all-in
*** SHOW DOWN ***
MathisKcr shows [5s 7s] (Two pairs : 5 and 4)
ZinzinZoulou shows [4d 9h] (Trips of 4)
ZinzinZoulou collected 620 from pot
*** SUMMARY ***
Total pot 620 | No rake
Board: [Ks 3c 5d 4s 4h]
Seat 1: MathisKcr (big blind) showed [5s 7s] and lost with Two pairs : 5 and 4
Seat 3: ZinzinZoulou (small blind) showed [4d 9h] and won 620 with Trips of 4


