Winamax Poker - Tournament "Expresso Nitro" buyIn: 0.93€ + 0.07€ level: 1 - HandId: #4666107381531279361-1-1774698560 - Holdem no limit (10/20) - 2026/03/28 11:49:20 UTC
Table: 'Expresso Nitro(1086412785)#0' 3-max (real money) Seat #3 is the button
Seat 1: raph_bunda (300)
Seat 2: MathisKcr (300)
Seat 3: Largosf (300)
*** ANTE/BLINDS ***
raph_bunda posts small blind 10
MathisKcr posts big blind 20
Dealt to MathisKcr [2h Qs]
*** PRE-FLOP *** 
Largosf folds
raph_bunda calls 10
MathisKcr checks
*** FLOP *** [5h 3h Jh]
raph_bunda checks
MathisKcr bets 40
raph_bunda folds
MathisKcr collected 80 from pot
*** SUMMARY ***
Total pot 80 | No rake
Board: [5h 3h Jh]
Seat 2: MathisKcr (big blind) won 80


Winamax Poker - Tournament "Expresso Nitro" buyIn: 0.93€ + 0.07€ level: 1 - HandId: #4666107381531279361-2-1774698589 - Holdem no limit (10/20) - 2026/03/28 11:49:49 UTC
Table: 'Expresso Nitro(1086412785)#0' 3-max (real money) Seat #1 is the button
Seat 1: raph_bunda (280)
Seat 2: MathisKcr (320)
Seat 3: Largosf (300)
*** ANTE/BLINDS ***
MathisKcr posts small blind 10
Largosf posts big blind 20
Dealt to MathisKcr [6d 2c]
*** PRE-FLOP *** 
raph_bunda calls 20
MathisKcr folds
Largosf raises 40 to 60
raph_bunda calls 40
*** FLOP *** [4h 3d Ac]
Largosf checks
raph_bunda checks
*** TURN *** [4h 3d Ac][Ks]
Largosf checks
raph_bunda checks
*** RIVER *** [4h 3d Ac Ks][Qc]
Largosf checks
raph_bunda bets 220 and is all-in
Largosf folds
raph_bunda collected 350 from pot
*** SUMMARY ***
Total pot 350 | No rake
Board: [4h 3d Ac Ks Qc]
Seat 1: raph_bunda (button) won 350


Winamax Poker - Tournament "Expresso Nitro" buyIn: 0.93€ + 0.07€ level: 2 - HandId: #4666107381531279361-3-1774698626 - Holdem no limit (15/30) - 2026/03/28 11:50:26 UTC
Table: 'Expresso Nitro(1086412785)#0' 3-max (real money) Seat #2 is the button
Seat 1: raph_bunda (350)
Seat 2: MathisKcr (310)
Seat 3: Largosf (240)
*** ANTE/BLINDS ***
Largosf posts small blind 15
raph_bunda posts big blind 30
Dealt to MathisKcr [6d As]
*** PRE-FLOP *** 
MathisKcr raises 280 to 310 and is all-in
Largosf folds
raph_bunda folds
MathisKcr collected 355 from pot
*** SUMMARY ***
Total pot 355 | No rake
Seat 2: MathisKcr (button) won 355


Winamax Poker - Tournament "Expresso Nitro" buyIn: 0.93€ + 0.07€ level: 2 - HandId: #4666107381531279361-4-1774698638 - Holdem no limit (15/30) - 2026/03/28 11:50:38 UTC
Table: 'Expresso Nitro(1086412785)#0' 3-max (real money) Seat #3 is the button
Seat 1: raph_bunda (320)
Seat 2: MathisKcr (355)
Seat 3: Largosf (225)
*** ANTE/BLINDS ***
raph_bunda posts small blind 15
MathisKcr posts big blind 30
Dealt to MathisKcr [3h 5c]
*** PRE-FLOP *** 
Largosf calls 30
raph_bunda calls 15
MathisKcr checks
*** FLOP *** [2d 8c 5h]
raph_bunda checks
MathisKcr bets 45
Largosf folds
raph_bunda calls 45
*** TURN *** [2d 8c 5h][9d]
raph_bunda checks
MathisKcr bets 117
raph_bunda calls 117
*** RIVER *** [2d 8c 5h 9d][Ah]
raph_bunda checks
MathisKcr checks
*** SHOW DOWN ***
raph_bunda shows [Ts Qs] (High card : Ace)
MathisKcr shows [3h 5c] (One pair : 5)
MathisKcr collected 414 from pot
*** SUMMARY ***
Total pot 414 | No rake
Board: [2d 8c 5h 9d Ah]
Seat 1: raph_bunda (small blind) showed [Ts Qs] and lost with High card : Ace
Seat 2: MathisKcr (big blind) showed [3h 5c] and won 414 with One pair : 5


Winamax Poker - Tournament "Expresso Nitro" buyIn: 0.93€ + 0.07€ level: 3 - HandId: #4666107381531279361-5-1774698687 - Holdem no limit (20/40) - 2026/03/28 11:51:27 UTC
Table: 'Expresso Nitro(1086412785)#0' 3-max (real money) Seat #1 is the button
Seat 1: raph_bunda (128)
Seat 2: MathisKcr (577)
Seat 3: Largosf (195)
*** ANTE/BLINDS ***
MathisKcr posts small blind 20
Largosf posts big blind 40
Dealt to MathisKcr [Td 2d]
*** PRE-FLOP *** 
raph_bunda folds
MathisKcr folds
Largosf collected 60 from pot
*** SUMMARY ***
Total pot 60 | No rake
Seat 3: Largosf (big blind) won 60


Winamax Poker - Tournament "Expresso Nitro" buyIn: 0.93€ + 0.07€ level: 3 - HandId: #4666107381531279361-6-1774698699 - Holdem no limit (20/40) - 2026/03/28 11:51:39 UTC
Table: 'Expresso Nitro(1086412785)#0' 3-max (real money) Seat #2 is the button
Seat 1: raph_bunda (128)
Seat 2: MathisKcr (557)
Seat 3: Largosf (215)
*** ANTE/BLINDS ***
Largosf posts small blind 20
raph_bunda posts big blind 40
Dealt to MathisKcr [2d Th]
*** PRE-FLOP *** 
MathisKcr folds
Largosf folds
raph_bunda collected 60 from pot
*** SUMMARY ***
Total pot 60 | No rake
Seat 1: raph_bunda (big blind) won 60


Winamax Poker - Tournament "Expresso Nitro" buyIn: 0.93€ + 0.07€ level: 3 - HandId: #4666107381531279361-7-1774698707 - Holdem no limit (20/40) - 2026/03/28 11:51:47 UTC
Table: 'Expresso Nitro(1086412785)#0' 3-max (real money) Seat #3 is the button
Seat 1: raph_bunda (148)
Seat 2: MathisKcr (557)
Seat 3: Largosf (195)
*** ANTE/BLINDS ***
raph_bunda posts small blind 20
MathisKcr posts big blind 40
Dealt to MathisKcr [3h Jh]
*** PRE-FLOP *** 
Largosf raises 155 to 195 and is all-in
raph_bunda folds
MathisKcr folds
Largosf collected 255 from pot
*** SUMMARY ***
Total pot 255 | No rake
Seat 3: Largosf (button) won 255


Winamax Poker - Tournament "Expresso Nitro" buyIn: 0.93€ + 0.07€ level: 3 - HandId: #4666107381531279361-8-1774698719 - Holdem no limit (20/40) - 2026/03/28 11:51:59 UTC
Table: 'Expresso Nitro(1086412785)#0' 3-max (real money) Seat #1 is the button
Seat 1: raph_bunda (128)
Seat 2: MathisKcr (517)
Seat 3: Largosf (255)
*** ANTE/BLINDS ***
MathisKcr posts small blind 20
Largosf posts big blind 40
Dealt to MathisKcr [9c 9s]
*** PRE-FLOP *** 
raph_bunda folds
MathisKcr raises 477 to 517 and is all-in
Largosf folds
MathisKcr collected 557 from pot
*** SUMMARY ***
Total pot 557 | No rake
Seat 2: MathisKcr (small blind) won 557


Winamax Poker - Tournament "Expresso Nitro" buyIn: 0.93€ + 0.07€ level: 3 - HandId: #4666107381531279361-9-1774698730 - Holdem no limit (20/40) - 2026/03/28 11:52:10 UTC
Table: 'Expresso Nitro(1086412785)#0' 3-max (real money) Seat #2 is the button
Seat 1: raph_bunda (128)
Seat 2: MathisKcr (557)
Seat 3: Largosf (215)
*** ANTE/BLINDS ***
Largosf posts small blind 20
raph_bunda posts big blind 40
Dealt to MathisKcr [Th Td]
*** PRE-FLOP *** 
MathisKcr raises 517 to 557 and is all-in
Largosf calls 195 and is all-in
raph_bunda calls 88 and is all-in
*** FLOP *** [As Ac Ks]
*** TURN *** [As Ac Ks][Tc]
*** RIVER *** [As Ac Ks Tc][4h]
*** SHOW DOWN ***
raph_bunda shows [8h 6h] (One pair : Aces)
Largosf shows [Jd Qh] (Straight Ace high)
MathisKcr shows [Th Td] (Full of Tens and Aces)
MathisKcr collected 900 from pot
*** SUMMARY ***
Total pot 900 | No rake
Board: [As Ac Ks Tc 4h]
Seat 1: raph_bunda (big blind) showed [8h 6h] and lost with One pair : Aces
Seat 2: MathisKcr (button) showed [Th Td] and won 900 with Full of Tens and Aces
Seat 3: Largosf (small blind) showed [Jd Qh] and lost with Straight Ace high


