Winamax Poker - Tournament "Expresso Nitro" buyIn: 0.93€ + 0.07€ level: 1 - HandId: #4668040022325198849-1-1774777942 - Holdem no limit (10/20) - 2026/03/29 09:52:22 UTC
Table: 'Expresso Nitro(1086862763)#0' 3-max (real money) Seat #3 is the button
Seat 1: malkoas (300)
Seat 2: MathisKcr (300)
Seat 3: RAG-NAR (300)
*** ANTE/BLINDS ***
malkoas posts small blind 10
MathisKcr posts big blind 20
Dealt to MathisKcr [Qc 8h]
*** PRE-FLOP *** 
RAG-NAR raises 20 to 40
malkoas folds
MathisKcr calls 20
*** FLOP *** [4d Qd Ac]
MathisKcr bets 40
RAG-NAR calls 40
*** TURN *** [4d Qd Ac][Td]
MathisKcr checks
RAG-NAR checks
*** RIVER *** [4d Qd Ac Td][6d]
MathisKcr checks
RAG-NAR checks
*** SHOW DOWN ***
MathisKcr shows [Qc 8h] (One pair : Queens)
RAG-NAR shows [As 3d] (Flush Queen high)
RAG-NAR collected 170 from pot
*** SUMMARY ***
Total pot 170 | No rake
Board: [4d Qd Ac Td 6d]
Seat 2: MathisKcr (big blind) showed [Qc 8h] and lost with One pair : Queens
Seat 3: RAG-NAR (button) showed [As 3d] and won 170 with Flush Queen high


Winamax Poker - Tournament "Expresso Nitro" buyIn: 0.93€ + 0.07€ level: 1 - HandId: #4668040022325198849-2-1774777999 - Holdem no limit (10/20) - 2026/03/29 09:53:19 UTC
Table: 'Expresso Nitro(1086862763)#0' 3-max (real money) Seat #1 is the button
Seat 1: malkoas (290)
Seat 2: MathisKcr (220)
Seat 3: RAG-NAR (390)
*** ANTE/BLINDS ***
MathisKcr posts small blind 10
RAG-NAR posts big blind 20
Dealt to MathisKcr [4h Kh]
*** PRE-FLOP *** 
malkoas raises 270 to 290 and is all-in
MathisKcr calls 210 and is all-in
RAG-NAR folds
*** FLOP *** [2c 6d 5d]
*** TURN *** [2c 6d 5d][8h]
*** RIVER *** [2c 6d 5d 8h][5s]
*** SHOW DOWN ***
MathisKcr shows [4h Kh] (One pair : 5)
malkoas shows [Ac Tc] (One pair : 5)
malkoas collected 530 from pot
*** SUMMARY ***
Total pot 530 | No rake
Board: [2c 6d 5d 8h 5s]
Seat 1: malkoas (button) showed [Ac Tc] and won 530 with One pair : 5
Seat 2: MathisKcr (small blind) showed [4h Kh] and lost with One pair : 5


