Winamax Poker - Tournament "Expresso Nitro" buyIn: 0.93€ + 0.07€ level: 1 - HandId: #4618087877635473409-1-1773060949 - Holdem no limit (10/20) - 2026/03/09 12:55:49 UTC
Table: 'Expresso Nitro(1075232373)#0' 3-max (real money) Seat #1 is the button
Seat 1: MathisKcr (300)
Seat 2: learningpoke (300)
Seat 3: Bebert120777 (300)
*** ANTE/BLINDS ***
learningpoke posts small blind 10
Bebert120777 posts big blind 20
Dealt to MathisKcr [Tc Ad]
*** PRE-FLOP *** 
MathisKcr raises 40 to 60
learningpoke raises 140 to 200
Bebert120777 calls 180
MathisKcr raises 100 to 300 and is all-in
learningpoke calls 100 and is all-in
Bebert120777 calls 100 and is all-in
*** FLOP *** [8c Kh Td]
*** TURN *** [8c Kh Td][Ts]
*** RIVER *** [8c Kh Td Ts][4d]
*** SHOW DOWN ***
learningpoke shows [Jh 7h] (One pair : Tens)
Bebert120777 shows [9d Jd] (One pair : Tens)
MathisKcr shows [Tc Ad] (Trips of Tens)
MathisKcr collected 900 from pot
*** SUMMARY ***
Total pot 900 | No rake
Board: [8c Kh Td Ts 4d]
Seat 1: MathisKcr (button) showed [Tc Ad] and won 900 with Trips of Tens
Seat 2: learningpoke (small blind) showed [Jh 7h] and lost with One pair : Tens
Seat 3: Bebert120777 (big blind) showed [9d Jd] and lost with One pair : Tens


