Winamax Poker - Tournament "Expresso Nitro" buyIn: 0.93€ + 0.07€ level: 1 - HandId: #4601101148835807233-1-1772377016 - Holdem no limit (10/20) - 2026/03/01 14:56:56 UTC
Table: 'Expresso Nitro(1071277342)#0' 3-max (real money) Seat #3 is the button
Seat 1: asdesas59600 (300)
Seat 2: MathisKcr (300)
Seat 3: DD-Kaiser466 (300)
*** ANTE/BLINDS ***
asdesas59600 posts small blind 10
MathisKcr posts big blind 20
Dealt to MathisKcr [4s 5h]
*** PRE-FLOP *** 
DD-Kaiser466 raises 280 to 300 and is all-in
asdesas59600 folds
MathisKcr folds
DD-Kaiser466 collected 330 from pot
*** SUMMARY ***
Total pot 330 | No rake
Seat 3: DD-Kaiser466 (button) won 330


Winamax Poker - Tournament "Expresso Nitro" buyIn: 0.93€ + 0.07€ level: 1 - HandId: #4601101148835807233-2-1772377024 - Holdem no limit (10/20) - 2026/03/01 14:57:04 UTC
Table: 'Expresso Nitro(1071277342)#0' 3-max (real money) Seat #1 is the button
Seat 1: asdesas59600 (290)
Seat 2: MathisKcr (280)
Seat 3: DD-Kaiser466 (330)
*** ANTE/BLINDS ***
MathisKcr posts small blind 10
DD-Kaiser466 posts big blind 20
Dealt to MathisKcr [Ad 3c]
*** PRE-FLOP *** 
asdesas59600 calls 20
MathisKcr raises 260 to 280 and is all-in
DD-Kaiser466 calls 260
asdesas59600 folds
*** FLOP *** [Qc Kc Qd]
*** TURN *** [Qc Kc Qd][3s]
*** RIVER *** [Qc Kc Qd 3s][Kd]
*** SHOW DOWN ***
MathisKcr shows [Ad 3c] (Two pairs : Kings and Queens)
DD-Kaiser466 shows [5c Ks] (Full of Kings and Queens)
DD-Kaiser466 collected 580 from pot
*** SUMMARY ***
Total pot 580 | No rake
Board: [Qc Kc Qd 3s Kd]
Seat 2: MathisKcr (small blind) showed [Ad 3c] and lost with Two pairs : Kings and Queens
Seat 3: DD-Kaiser466 (big blind) showed [5c Ks] and won 580 with Full of Kings and Queens


