Winamax Poker - Tournament "Expresso Nitro" buyIn: 0.93€ + 0.07€ level: 1 - HandId: #4584304055727161345-1-1771667472 - Holdem no limit (10/20) - 2026/02/21 09:51:12 UTC
Table: 'Expresso Nitro(1067366464)#0' 3-max (real money) Seat #2 is the button
Seat 1: Casa-del-pok (300)
Seat 2: lylove (300)
Seat 3: MathisKcr (300)
*** ANTE/BLINDS ***
MathisKcr posts small blind 10
Casa-del-pok posts big blind 20
Dealt to MathisKcr [6c Kc]
*** PRE-FLOP *** 
lylove folds
MathisKcr raises 20 to 40
Casa-del-pok calls 20
*** FLOP *** [Ts 3d 6h]
MathisKcr bets 20
Casa-del-pok folds
MathisKcr collected 100 from pot
*** SUMMARY ***
Total pot 100 | No rake
Board: [Ts 3d 6h]
Seat 3: MathisKcr (small blind) won 100


Winamax Poker - Tournament "Expresso Nitro" buyIn: 0.93€ + 0.07€ level: 1 - HandId: #4584304055727161345-2-1771667488 - Holdem no limit (10/20) - 2026/02/21 09:51:28 UTC
Table: 'Expresso Nitro(1067366464)#0' 3-max (real money) Seat #3 is the button
Seat 1: Casa-del-pok (260)
Seat 2: lylove (300)
Seat 3: MathisKcr (340)
*** ANTE/BLINDS ***
Casa-del-pok posts small blind 10
lylove posts big blind 20
Dealt to MathisKcr [6s 4h]
*** PRE-FLOP *** 
MathisKcr folds
Casa-del-pok raises 240 to 260 and is all-in
lylove folds
Casa-del-pok collected 280 from pot
*** SUMMARY ***
Total pot 280 | No rake
Seat 1: Casa-del-pok (small blind) won 280


Winamax Poker - Tournament "Expresso Nitro" buyIn: 0.93€ + 0.07€ level: 1 - HandId: #4584304055727161345-3-1771667500 - Holdem no limit (10/20) - 2026/02/21 09:51:40 UTC
Table: 'Expresso Nitro(1067366464)#0' 3-max (real money) Seat #1 is the button
Seat 1: Casa-del-pok (280)
Seat 2: lylove (280)
Seat 3: MathisKcr (340)
*** ANTE/BLINDS ***
lylove posts small blind 10
MathisKcr posts big blind 20
Dealt to MathisKcr [8s Jd]
*** PRE-FLOP *** 
Casa-del-pok folds
lylove calls 10
MathisKcr checks
*** FLOP *** [7h 9c 6h]
lylove checks
MathisKcr bets 40
lylove calls 40
*** TURN *** [7h 9c 6h][6s]
lylove checks
MathisKcr checks
*** RIVER *** [7h 9c 6h 6s][5c]
lylove checks
MathisKcr bets 40
lylove calls 40
*** SHOW DOWN ***
lylove shows [Qh 7c] (Two pairs : 7 and 6)
MathisKcr shows [8s Jd] (Straight 9 high)
MathisKcr collected 200 from pot
*** SUMMARY ***
Total pot 200 | No rake
Board: [7h 9c 6h 6s 5c]
Seat 2: lylove (small blind) showed [Qh 7c] and lost with Two pairs : 7 and 6
Seat 3: MathisKcr (big blind) showed [8s Jd] and won 200 with Straight 9 high


Winamax Poker - Tournament "Expresso Nitro" buyIn: 0.93€ + 0.07€ level: 2 - HandId: #4584304055727161345-4-1771667534 - Holdem no limit (15/30) - 2026/02/21 09:52:14 UTC
Table: 'Expresso Nitro(1067366464)#0' 3-max (real money) Seat #2 is the button
Seat 1: Casa-del-pok (280)
Seat 2: lylove (180)
Seat 3: MathisKcr (440)
*** ANTE/BLINDS ***
MathisKcr posts small blind 15
Casa-del-pok posts big blind 30
Dealt to MathisKcr [Kh 5s]
*** PRE-FLOP *** 
lylove folds
MathisKcr raises 30 to 60
Casa-del-pok calls 30
*** FLOP *** [2d 5c Qs]
MathisKcr bets 42
Casa-del-pok folds
MathisKcr collected 162 from pot
*** SUMMARY ***
Total pot 162 | No rake
Board: [2d 5c Qs]
Seat 3: MathisKcr (small blind) won 162


Winamax Poker - Tournament "Expresso Nitro" buyIn: 0.93€ + 0.07€ level: 2 - HandId: #4584304055727161345-5-1771667556 - Holdem no limit (15/30) - 2026/02/21 09:52:36 UTC
Table: 'Expresso Nitro(1067366464)#0' 3-max (real money) Seat #3 is the button
Seat 1: Casa-del-pok (220)
Seat 2: lylove (180)
Seat 3: MathisKcr (500)
*** ANTE/BLINDS ***
Casa-del-pok posts small blind 15
lylove posts big blind 30
Dealt to MathisKcr [Ac 8s]
*** PRE-FLOP *** 
MathisKcr raises 30 to 60
Casa-del-pok calls 45
lylove calls 30
*** FLOP *** [9d 3d 8c]
Casa-del-pok checks
lylove bets 117
MathisKcr raises 117 to 234
Casa-del-pok folds
lylove calls 3 and is all-in
*** TURN *** [9d 3d 8c][6c]
*** RIVER *** [9d 3d 8c 6c][2h]
*** SHOW DOWN ***
lylove shows [9s Kc] (One pair : 9)
MathisKcr shows [Ac 8s] (One pair : 8)
MathisKcr collected 114 from side pot 1
lylove collected 420 from main pot
*** SUMMARY ***
Total pot 534 | No rake
Board: [9d 3d 8c 6c 2h]
Seat 2: lylove (big blind) showed [9s Kc] and won 420 with One pair : 9
Seat 3: MathisKcr (button) showed [Ac 8s] and won 114 with One pair : 8


Winamax Poker - Tournament "Expresso Nitro" buyIn: 0.93€ + 0.07€ level: 2 - HandId: #4584304055727161345-6-1771667587 - Holdem no limit (15/30) - 2026/02/21 09:53:07 UTC
Table: 'Expresso Nitro(1067366464)#0' 3-max (real money) Seat #1 is the button
Seat 1: Casa-del-pok (160)
Seat 2: lylove (420)
Seat 3: MathisKcr (320)
*** ANTE/BLINDS ***
lylove posts small blind 15
MathisKcr posts big blind 30
Dealt to MathisKcr [As Kc]
*** PRE-FLOP *** 
Casa-del-pok folds
lylove calls 15
MathisKcr raises 45 to 75
lylove calls 45
*** FLOP *** [Ts Ad Td]
lylove checks
MathisKcr bets 53
lylove raises 292 to 345 and is all-in
MathisKcr calls 192 and is all-in
*** TURN *** [Ts Ad Td][3c]
*** RIVER *** [Ts Ad Td 3c][5h]
*** SHOW DOWN ***
MathisKcr shows [As Kc] (Two pairs : Aces and Tens)
lylove shows [Qh Tc] (Trips of Tens)
lylove collected 740 from pot
*** SUMMARY ***
Total pot 740 | No rake
Board: [Ts Ad Td 3c 5h]
Seat 2: lylove (small blind) showed [Qh Tc] and won 740 with Trips of Tens
Seat 3: MathisKcr (big blind) showed [As Kc] and lost with Two pairs : Aces and Tens


