Winamax Poker - Tournament "Expresso Nitro" buyIn: 0.93€ + 0.07€ level: 1 - HandId: #4599395054681849857-1-1772301854 - Holdem no limit (10/20) - 2026/02/28 18:04:14 UTC
Table: 'Expresso Nitro(1070880111)#0' 3-max (real money) Seat #1 is the button
Seat 1: MathisKcr (300)
Seat 2: champion8000 (300)
Seat 3: Amable_45014 (300)
*** ANTE/BLINDS ***
champion8000 posts small blind 10
Amable_45014 posts big blind 20
Dealt to MathisKcr [Ad 4d]
*** PRE-FLOP *** 
MathisKcr raises 20 to 40
champion8000 calls 30
Amable_45014 calls 20
*** FLOP *** [Tc 3s 8d]
champion8000 checks
Amable_45014 bets 42
MathisKcr folds
champion8000 folds
Amable_45014 collected 162 from pot
*** SUMMARY ***
Total pot 162 | No rake
Board: [Tc 3s 8d]
Seat 3: Amable_45014 (big blind) won 162


Winamax Poker - Tournament "Expresso Nitro" buyIn: 0.93€ + 0.07€ level: 1 - HandId: #4599395054681849857-2-1772301894 - Holdem no limit (10/20) - 2026/02/28 18:04:54 UTC
Table: 'Expresso Nitro(1070880111)#0' 3-max (real money) Seat #2 is the button
Seat 1: MathisKcr (260)
Seat 2: champion8000 (260)
Seat 3: Amable_45014 (380)
*** ANTE/BLINDS ***
Amable_45014 posts small blind 10
MathisKcr posts big blind 20
Dealt to MathisKcr [Js Qd]
*** PRE-FLOP *** 
champion8000 folds
Amable_45014 raises 20 to 40
MathisKcr raises 20 to 60
Amable_45014 calls 20
*** FLOP *** [7d 4h Qh]
Amable_45014 checks
MathisKcr bets 50
Amable_45014 calls 50
*** TURN *** [7d 4h Qh][As]
Amable_45014 checks
MathisKcr bets 150 and is all-in
Amable_45014 calls 150
*** RIVER *** [7d 4h Qh As][Kh]
*** SHOW DOWN ***
MathisKcr shows [Js Qd] (One pair : Queens)
Amable_45014 shows [9d Ah] (One pair : Aces)
Amable_45014 collected 520 from pot
*** SUMMARY ***
Total pot 520 | No rake
Board: [7d 4h Qh As Kh]
Seat 1: MathisKcr (big blind) showed [Js Qd] and lost with One pair : Queens
Seat 3: Amable_45014 (small blind) showed [9d Ah] and won 520 with One pair : Aces


