Winamax Poker - Tournament "Expresso Nitro" buyIn: 0.93€ + 0.07€ level: 1 - HandId: #4616105939206930433-1-1772978398 - Holdem no limit (10/20) - 2026/03/08 13:59:58 UTC
Table: 'Expresso Nitro(1074770917)#0' 3-max (real money) Seat #2 is the button
Seat 1: BRAD_BEAT62 (300)
Seat 2: javiv0 (300)
Seat 3: MathisKcr (300)
*** ANTE/BLINDS ***
MathisKcr posts small blind 10
BRAD_BEAT62 posts big blind 20
Dealt to MathisKcr [5s 3h]
*** PRE-FLOP *** 
javiv0 folds
MathisKcr folds
BRAD_BEAT62 collected 30 from pot
*** SUMMARY ***
Total pot 30 | No rake
Seat 1: BRAD_BEAT62 (big blind) won 30


Winamax Poker - Tournament "Expresso Nitro" buyIn: 0.93€ + 0.07€ level: 1 - HandId: #4616105939206930433-2-1772978410 - Holdem no limit (10/20) - 2026/03/08 14:00:10 UTC
Table: 'Expresso Nitro(1074770917)#0' 3-max (real money) Seat #3 is the button
Seat 1: BRAD_BEAT62 (310)
Seat 2: javiv0 (300)
Seat 3: MathisKcr (290)
*** ANTE/BLINDS ***
BRAD_BEAT62 posts small blind 10
javiv0 posts big blind 20
Dealt to MathisKcr [Tc 2h]
*** PRE-FLOP *** 
MathisKcr folds
BRAD_BEAT62 raises 20 to 40
javiv0 calls 20
*** FLOP *** [Ts 6d As]
BRAD_BEAT62 bets 28
javiv0 raises 28 to 56
BRAD_BEAT62 calls 28
*** TURN *** [Ts 6d As][5d]
BRAD_BEAT62 checks
javiv0 bets 125
BRAD_BEAT62 folds
javiv0 collected 317 from pot
*** SUMMARY ***
Total pot 317 | No rake
Board: [Ts 6d As 5d]
Seat 2: javiv0 (big blind) won 317


Winamax Poker - Tournament "Expresso Nitro" buyIn: 0.93€ + 0.07€ level: 1 - HandId: #4616105939206930433-3-1772978437 - Holdem no limit (10/20) - 2026/03/08 14:00:37 UTC
Table: 'Expresso Nitro(1074770917)#0' 3-max (real money) Seat #1 is the button
Seat 1: BRAD_BEAT62 (214)
Seat 2: javiv0 (396)
Seat 3: MathisKcr (290)
*** ANTE/BLINDS ***
javiv0 posts small blind 10
MathisKcr posts big blind 20
Dealt to MathisKcr [2s 9c]
*** PRE-FLOP *** 
BRAD_BEAT62 raises 194 to 214 and is all-in
javiv0 calls 204
MathisKcr folds
*** FLOP *** [Jh 6d 6h]
*** TURN *** [Jh 6d 6h][7c]
*** RIVER *** [Jh 6d 6h 7c][3d]
*** SHOW DOWN ***
BRAD_BEAT62 shows [4c Qs] (One pair : 6)
javiv0 shows [5c Ad] (One pair : 6)
javiv0 collected 448 from pot
*** SUMMARY ***
Total pot 448 | No rake
Board: [Jh 6d 6h 7c 3d]
Seat 1: BRAD_BEAT62 (button) showed [4c Qs] and lost with One pair : 6
Seat 2: javiv0 (small blind) showed [5c Ad] and won 448 with One pair : 6


Winamax Poker - Tournament "Expresso Nitro" buyIn: 0.93€ + 0.07€ level: 1 - HandId: #4616105939206930433-4-1772978448 - Holdem no limit (10/20) - 2026/03/08 14:00:48 UTC
Table: 'Expresso Nitro(1074770917)#0' 3-max (real money) Seat #3 is the button
Seat 2: javiv0 (630)
Seat 3: MathisKcr (270)
*** ANTE/BLINDS ***
MathisKcr posts small blind 10
javiv0 posts big blind 20
Dealt to MathisKcr [Js Th]
*** PRE-FLOP *** 
MathisKcr raises 40 to 60
javiv0 raises 40 to 100
MathisKcr raises 170 to 270 and is all-in
javiv0 raises 170 to 440
*** FLOP *** [Ts 9h 2s]
*** TURN *** [Ts 9h 2s][2c]
*** RIVER *** [Ts 9h 2s 2c][Kh]
*** SHOW DOWN ***
MathisKcr shows [Js Th] (Two pairs : Tens and 2)
javiv0 shows [Ad Kd] (Two pairs : Kings and 2)
javiv0 collected 710 from pot
*** SUMMARY ***
Total pot 710 | No rake
Board: [Ts 9h 2s 2c Kh]
Seat 2: javiv0 (big blind) showed [Ad Kd] and won 710 with Two pairs : Kings and 2
Seat 3: MathisKcr (small blind) (button) showed [Js Th] and lost with Two pairs : Tens and 2


