Winamax Poker - Tournament "Expresso Nitro" buyIn: 0.93€ + 0.07€ level: 1 - HandId: #4698423849337749505-1-1775913955 - Holdem no limit (10/20) - 2026/04/11 13:25:55 UTC
Table: 'Expresso Nitro(1093937049)#0' 3-max (real money) Seat #1 is the button
Seat 1: leo-Crack610 (300)
Seat 2: MathisKcr (300)
Seat 3: jorge10fdez (300)
*** ANTE/BLINDS ***
MathisKcr posts small blind 10
jorge10fdez posts big blind 20
Dealt to MathisKcr [3h 5h]
*** PRE-FLOP *** 
leo-Crack610 folds
MathisKcr folds
jorge10fdez collected 30 from pot
*** SUMMARY ***
Total pot 30 | No rake
Seat 3: jorge10fdez (big blind) won 30


Winamax Poker - Tournament "Expresso Nitro" buyIn: 0.93€ + 0.07€ level: 1 - HandId: #4698423849337749505-2-1775913965 - Holdem no limit (10/20) - 2026/04/11 13:26:05 UTC
Table: 'Expresso Nitro(1093937049)#0' 3-max (real money) Seat #2 is the button
Seat 1: leo-Crack610 (300)
Seat 2: MathisKcr (290)
Seat 3: jorge10fdez (310)
*** ANTE/BLINDS ***
jorge10fdez posts small blind 10
leo-Crack610 posts big blind 20
Dealt to MathisKcr [Ts 3d]
*** PRE-FLOP *** 
MathisKcr folds
jorge10fdez folds
leo-Crack610 collected 30 from pot
*** SUMMARY ***
Total pot 30 | No rake
Seat 1: leo-Crack610 (big blind) won 30


Winamax Poker - Tournament "Expresso Nitro" buyIn: 0.93€ + 0.07€ level: 1 - HandId: #4698423849337749505-3-1775913977 - Holdem no limit (10/20) - 2026/04/11 13:26:17 UTC
Table: 'Expresso Nitro(1093937049)#0' 3-max (real money) Seat #3 is the button
Seat 1: leo-Crack610 (310)
Seat 2: MathisKcr (290)
Seat 3: jorge10fdez (300)
*** ANTE/BLINDS ***
leo-Crack610 posts small blind 10
MathisKcr posts big blind 20
Dealt to MathisKcr [6h 8c]
*** PRE-FLOP *** 
jorge10fdez raises 20 to 40
leo-Crack610 calls 30
MathisKcr folds
*** FLOP *** [Jc 4c 7s]
leo-Crack610 bets 20
jorge10fdez raises 240 to 260 and is all-in
leo-Crack610 calls 240
*** TURN *** [Jc 4c 7s][As]
*** RIVER *** [Jc 4c 7s As][Kd]
*** SHOW DOWN ***
leo-Crack610 shows [Qs Js] (One pair : Jacks)
jorge10fdez shows [Qc Qd] (One pair : Queens)
jorge10fdez collected 620 from pot
*** SUMMARY ***
Total pot 620 | No rake
Board: [Jc 4c 7s As Kd]
Seat 1: leo-Crack610 (small blind) showed [Qs Js] and lost with One pair : Jacks
Seat 3: jorge10fdez (button) showed [Qc Qd] and won 620 with One pair : Queens


Winamax Poker - Tournament "Expresso Nitro" buyIn: 0.93€ + 0.07€ level: 1 - HandId: #4698423849337749505-4-1775913998 - Holdem no limit (10/20) - 2026/04/11 13:26:38 UTC
Table: 'Expresso Nitro(1093937049)#0' 3-max (real money) Seat #1 is the button
Seat 1: leo-Crack610 (10)
Seat 2: MathisKcr (270)
Seat 3: jorge10fdez (620)
*** ANTE/BLINDS ***
MathisKcr posts small blind 10
jorge10fdez posts big blind 20
Dealt to MathisKcr [3h 4h]
*** PRE-FLOP *** 
leo-Crack610 calls 10 and is all-in
MathisKcr folds
*** FLOP *** [2s Jh Kh]
*** TURN *** [2s Jh Kh][7d]
*** RIVER *** [2s Jh Kh 7d][4s]
*** SHOW DOWN ***
leo-Crack610 shows [7s Jc] (Two pairs : Jacks and 7)
jorge10fdez shows [Qh 7h] (One pair : 7)
jorge10fdez collected 10 from side pot 1
leo-Crack610 collected 30 from main pot
*** SUMMARY ***
Total pot 40 | No rake
Board: [2s Jh Kh 7d 4s]
Seat 1: leo-Crack610 (button) showed [7s Jc] and won 30 with Two pairs : Jacks and 7
Seat 3: jorge10fdez (big blind) showed [Qh 7h] and won 10 with One pair : 7


Winamax Poker - Tournament "Expresso Nitro" buyIn: 0.93€ + 0.07€ level: 1 - HandId: #4698423849337749505-5-1775914011 - Holdem no limit (10/20) - 2026/04/11 13:26:51 UTC
Table: 'Expresso Nitro(1093937049)#0' 3-max (real money) Seat #2 is the button
Seat 1: leo-Crack610 (30)
Seat 2: MathisKcr (260)
Seat 3: jorge10fdez (610)
*** ANTE/BLINDS ***
jorge10fdez posts small blind 10
leo-Crack610 posts big blind 20
Dealt to MathisKcr [2d 4c]
*** PRE-FLOP *** 
MathisKcr folds
jorge10fdez folds
leo-Crack610 collected 30 from pot
*** SUMMARY ***
Total pot 30 | No rake
Seat 1: leo-Crack610 (big blind) won 30


Winamax Poker - Tournament "Expresso Nitro" buyIn: 0.93€ + 0.07€ level: 2 - HandId: #4698423849337749505-6-1775914026 - Holdem no limit (15/30) - 2026/04/11 13:27:06 UTC
Table: 'Expresso Nitro(1093937049)#0' 3-max (real money) Seat #3 is the button
Seat 1: leo-Crack610 (40)
Seat 2: MathisKcr (260)
Seat 3: jorge10fdez (600)
*** ANTE/BLINDS ***
leo-Crack610 posts small blind 15
MathisKcr posts big blind 30
Dealt to MathisKcr [Ks Qs]
*** PRE-FLOP *** 
jorge10fdez folds
leo-Crack610 raises 10 to 40 and is all-in
MathisKcr calls 10
*** FLOP *** [4h 5c 5d]
*** TURN *** [4h 5c 5d][Jh]
*** RIVER *** [4h 5c 5d Jh][9d]
*** SHOW DOWN ***
leo-Crack610 shows [8d Qc] (One pair : 5)
MathisKcr shows [Ks Qs] (One pair : 5)
MathisKcr collected 80 from pot
*** SUMMARY ***
Total pot 80 | No rake
Board: [4h 5c 5d Jh 9d]
Seat 1: leo-Crack610 (small blind) showed [8d Qc] and lost with One pair : 5
Seat 2: MathisKcr (big blind) showed [Ks Qs] and won 80 with One pair : 5


Winamax Poker - Tournament "Expresso Nitro" buyIn: 0.93€ + 0.07€ level: 2 - HandId: #4698423849337749505-7-1775914039 - Holdem no limit (15/30) - 2026/04/11 13:27:19 UTC
Table: 'Expresso Nitro(1093937049)#0' 3-max (real money) Seat #2 is the button
Seat 2: MathisKcr (300)
Seat 3: jorge10fdez (600)
*** ANTE/BLINDS ***
MathisKcr posts small blind 15
jorge10fdez posts big blind 30
Dealt to MathisKcr [Ts 5c]
*** PRE-FLOP *** 
MathisKcr folds
jorge10fdez collected 45 from pot
*** SUMMARY ***
Total pot 45 | No rake
Seat 3: jorge10fdez (big blind) won 45


Winamax Poker - Tournament "Expresso Nitro" buyIn: 0.93€ + 0.07€ level: 2 - HandId: #4698423849337749505-8-1775914044 - Holdem no limit (15/30) - 2026/04/11 13:27:24 UTC
Table: 'Expresso Nitro(1093937049)#0' 3-max (real money) Seat #3 is the button
Seat 2: MathisKcr (285)
Seat 3: jorge10fdez (615)
*** ANTE/BLINDS ***
jorge10fdez posts small blind 15
MathisKcr posts big blind 30
Dealt to MathisKcr [7h Th]
*** PRE-FLOP *** 
jorge10fdez calls 15
MathisKcr checks
*** FLOP *** [5s 6d 6h]
MathisKcr checks
jorge10fdez checks
*** TURN *** [5s 6d 6h][2c]
MathisKcr checks
jorge10fdez bets 30
MathisKcr folds
jorge10fdez collected 90 from pot
*** SUMMARY ***
Total pot 90 | No rake
Board: [5s 6d 6h 2c]
Seat 3: jorge10fdez (small blind) (button) won 90


Winamax Poker - Tournament "Expresso Nitro" buyIn: 0.93€ + 0.07€ level: 3 - HandId: #4698423849337749505-9-1775914095 - Holdem no limit (20/40) - 2026/04/11 13:28:15 UTC
Table: 'Expresso Nitro(1093937049)#0' 3-max (real money) Seat #2 is the button
Seat 2: MathisKcr (255)
Seat 3: jorge10fdez (645)
*** ANTE/BLINDS ***
MathisKcr posts small blind 20
jorge10fdez posts big blind 40
Dealt to MathisKcr [7h Qh]
*** PRE-FLOP *** 
MathisKcr raises 215 to 255 and is all-in
jorge10fdez calls 215
*** FLOP *** [Tc Ks Js]
*** TURN *** [Tc Ks Js][9s]
*** RIVER *** [Tc Ks Js 9s][Kc]
*** SHOW DOWN ***
MathisKcr shows [7h Qh] (Straight King high)
jorge10fdez shows [Qc Ts] (Straight King high)
jorge10fdez collected 255 from pot
MathisKcr collected 255 from pot
*** SUMMARY ***
Total pot 510 | No rake
Board: [Tc Ks Js 9s Kc]
Seat 2: MathisKcr (small blind) (button) showed [7h Qh] and won 255 with Straight King high
Seat 3: jorge10fdez (big blind) showed [Qc Ts] and won 255 with Straight King high


Winamax Poker - Tournament "Expresso Nitro" buyIn: 0.93€ + 0.07€ level: 3 - HandId: #4698423849337749505-10-1775914107 - Holdem no limit (20/40) - 2026/04/11 13:28:27 UTC
Table: 'Expresso Nitro(1093937049)#0' 3-max (real money) Seat #3 is the button
Seat 2: MathisKcr (255)
Seat 3: jorge10fdez (645)
*** ANTE/BLINDS ***
jorge10fdez posts small blind 20
MathisKcr posts big blind 40
Dealt to MathisKcr [9c 2h]
*** PRE-FLOP *** 
jorge10fdez raises 605 to 645 and is all-in
MathisKcr folds
jorge10fdez collected 685 from pot
*** SUMMARY ***
Total pot 685 | No rake
Seat 3: jorge10fdez (small blind) (button) won 685


Winamax Poker - Tournament "Expresso Nitro" buyIn: 0.93€ + 0.07€ level: 3 - HandId: #4698423849337749505-11-1775914115 - Holdem no limit (20/40) - 2026/04/11 13:28:35 UTC
Table: 'Expresso Nitro(1093937049)#0' 3-max (real money) Seat #2 is the button
Seat 2: MathisKcr (215)
Seat 3: jorge10fdez (685)
*** ANTE/BLINDS ***
MathisKcr posts small blind 20
jorge10fdez posts big blind 40
Dealt to MathisKcr [7s Ts]
*** PRE-FLOP *** 
MathisKcr raises 175 to 215 and is all-in
jorge10fdez folds
MathisKcr collected 255 from pot
*** SUMMARY ***
Total pot 255 | No rake
Seat 2: MathisKcr (small blind) (button) won 255


Winamax Poker - Tournament "Expresso Nitro" buyIn: 0.93€ + 0.07€ level: 3 - HandId: #4698423849337749505-12-1775914125 - Holdem no limit (20/40) - 2026/04/11 13:28:45 UTC
Table: 'Expresso Nitro(1093937049)#0' 3-max (real money) Seat #3 is the button
Seat 2: MathisKcr (255)
Seat 3: jorge10fdez (645)
*** ANTE/BLINDS ***
jorge10fdez posts small blind 20
MathisKcr posts big blind 40
Dealt to MathisKcr [Kd 7h]
*** PRE-FLOP *** 
jorge10fdez raises 605 to 645 and is all-in
MathisKcr calls 215 and is all-in
*** FLOP *** [8s 6c Ac]
*** TURN *** [8s 6c Ac][2s]
*** RIVER *** [8s 6c Ac 2s][8d]
*** SHOW DOWN ***
MathisKcr shows [Kd 7h] (One pair : 8)
jorge10fdez shows [6s 6d] (Full of 6 and 8)
jorge10fdez collected 900 from pot
*** SUMMARY ***
Total pot 900 | No rake
Board: [8s 6c Ac 2s 8d]
Seat 2: MathisKcr (big blind) showed [Kd 7h] and lost with One pair : 8
Seat 3: jorge10fdez (small blind) (button) showed [6s 6d] and won 900 with Full of 6 and 8


