Winamax Poker - Tournament "Expresso Nitro" buyIn: 0.93€ + 0.07€ level: 1 - HandId: #4614463230180327425-1-1772903873 - Holdem no limit (10/20) - 2026/03/07 17:17:53 UTC
Table: 'Expresso Nitro(1074388444)#0' 3-max (real money) Seat #1 is the button
Seat 1: MathisKcr (300)
Seat 2: Sayok (300)
Seat 3: Enfant Roi (300)
*** ANTE/BLINDS ***
Sayok posts small blind 10
Enfant Roi posts big blind 20
Dealt to MathisKcr [6s Js]
*** PRE-FLOP *** 
MathisKcr calls 20
Sayok folds
Enfant Roi checks
*** FLOP *** [Ah Th Ac]
Enfant Roi checks
MathisKcr bets 25
Enfant Roi folds
MathisKcr collected 75 from pot
*** SUMMARY ***
Total pot 75 | No rake
Board: [Ah Th Ac]
Seat 1: MathisKcr (button) won 75


Winamax Poker - Tournament "Expresso Nitro" buyIn: 0.93€ + 0.07€ level: 1 - HandId: #4614463230180327425-2-1772903907 - Holdem no limit (10/20) - 2026/03/07 17:18:27 UTC
Table: 'Expresso Nitro(1074388444)#0' 3-max (real money) Seat #2 is the button
Seat 1: MathisKcr (330)
Seat 2: Sayok (290)
Seat 3: Enfant Roi (280)
*** ANTE/BLINDS ***
Enfant Roi posts small blind 10
MathisKcr posts big blind 20
Dealt to MathisKcr [9c 5d]
*** PRE-FLOP *** 
Sayok folds
Enfant Roi folds
MathisKcr collected 30 from pot
*** SUMMARY ***
Total pot 30 | No rake
Seat 1: MathisKcr (big blind) won 30


Winamax Poker - Tournament "Expresso Nitro" buyIn: 0.93€ + 0.07€ level: 1 - HandId: #4614463230180327425-3-1772903923 - Holdem no limit (10/20) - 2026/03/07 17:18:43 UTC
Table: 'Expresso Nitro(1074388444)#0' 3-max (real money) Seat #3 is the button
Seat 1: MathisKcr (340)
Seat 2: Sayok (290)
Seat 3: Enfant Roi (270)
*** ANTE/BLINDS ***
MathisKcr posts small blind 10
Sayok posts big blind 20
Dealt to MathisKcr [3d 2h]
*** PRE-FLOP *** 
Enfant Roi folds
MathisKcr calls 10
Sayok checks
*** FLOP *** [Kd Qd 8s]
MathisKcr checks
Sayok checks
*** TURN *** [Kd Qd 8s][Jc]
MathisKcr checks
Sayok bets 20
MathisKcr folds
Sayok collected 60 from pot
*** SUMMARY ***
Total pot 60 | No rake
Board: [Kd Qd 8s Jc]
Seat 2: Sayok (big blind) won 60


Winamax Poker - Tournament "Expresso Nitro" buyIn: 0.93€ + 0.07€ level: 2 - HandId: #4614463230180327425-4-1772903955 - Holdem no limit (15/30) - 2026/03/07 17:19:15 UTC
Table: 'Expresso Nitro(1074388444)#0' 3-max (real money) Seat #1 is the button
Seat 1: MathisKcr (320)
Seat 2: Sayok (310)
Seat 3: Enfant Roi (270)
*** ANTE/BLINDS ***
Sayok posts small blind 15
Enfant Roi posts big blind 30
Dealt to MathisKcr [Ad 7h]
*** PRE-FLOP *** 
MathisKcr raises 290 to 320 and is all-in
Sayok folds
Enfant Roi calls 240 and is all-in
*** FLOP *** [Jc 8h 2h]
*** TURN *** [Jc 8h 2h][3d]
*** RIVER *** [Jc 8h 2h 3d][2s]
*** SHOW DOWN ***
MathisKcr shows [Ad 7h] (One pair : 2)
Enfant Roi shows [5h As] (One pair : 2)
Enfant Roi collected 278 from main pot
MathisKcr collected 327 from side pot 1
*** SUMMARY ***
Total pot 605 | No rake
Board: [Jc 8h 2h 3d 2s]
Seat 1: MathisKcr (button) showed [Ad 7h] and won 327 with One pair : 2
Seat 3: Enfant Roi (big blind) showed [5h As] and won 278 with One pair : 2


Winamax Poker - Tournament "Expresso Nitro" buyIn: 0.93€ + 0.07€ level: 2 - HandId: #4614463230180327425-5-1772903980 - Holdem no limit (15/30) - 2026/03/07 17:19:40 UTC
Table: 'Expresso Nitro(1074388444)#0' 3-max (real money) Seat #2 is the button
Seat 1: MathisKcr (327)
Seat 2: Sayok (295)
Seat 3: Enfant Roi (278)
*** ANTE/BLINDS ***
Enfant Roi posts small blind 15
MathisKcr posts big blind 30
Dealt to MathisKcr [6d 3h]
*** PRE-FLOP *** 
Sayok folds
Enfant Roi folds
MathisKcr collected 45 from pot
*** SUMMARY ***
Total pot 45 | No rake
Seat 1: MathisKcr (big blind) won 45


Winamax Poker - Tournament "Expresso Nitro" buyIn: 0.93€ + 0.07€ level: 3 - HandId: #4614463230180327425-6-1772903998 - Holdem no limit (20/40) - 2026/03/07 17:19:58 UTC
Table: 'Expresso Nitro(1074388444)#0' 3-max (real money) Seat #3 is the button
Seat 1: MathisKcr (342)
Seat 2: Sayok (295)
Seat 3: Enfant Roi (263)
*** ANTE/BLINDS ***
MathisKcr posts small blind 20
Sayok posts big blind 40
Dealt to MathisKcr [7h 8c]
*** PRE-FLOP *** 
Enfant Roi folds
MathisKcr calls 20
Sayok checks
*** FLOP *** [5h Qd Qh]
MathisKcr checks
Sayok checks
*** TURN *** [5h Qd Qh][3h]
MathisKcr bets 80
Sayok folds
MathisKcr collected 160 from pot
*** SUMMARY ***
Total pot 160 | No rake
Board: [5h Qd Qh 3h]
Seat 1: MathisKcr (small blind) won 160


Winamax Poker - Tournament "Expresso Nitro" buyIn: 0.93€ + 0.07€ level: 4 - HandId: #4614463230180327425-7-1772904050 - Holdem no limit (30/60) - 2026/03/07 17:20:50 UTC
Table: 'Expresso Nitro(1074388444)#0' 3-max (real money) Seat #1 is the button
Seat 1: MathisKcr (382)
Seat 2: Sayok (255)
Seat 3: Enfant Roi (263)
*** ANTE/BLINDS ***
Sayok posts small blind 30
Enfant Roi posts big blind 60
Dealt to MathisKcr [8d 3h]
*** PRE-FLOP *** 
MathisKcr folds
Sayok raises 195 to 255 and is all-in
Enfant Roi raises 8 to 263 and is all-in
*** FLOP *** [6d Ks Qs]
*** TURN *** [6d Ks Qs][Ts]
*** RIVER *** [6d Ks Qs Ts][4c]
*** SHOW DOWN ***
Sayok shows [7s Jd] (High card : King)
Enfant Roi shows [Kc 5h] (One pair : Kings)
Enfant Roi collected 518 from pot
*** SUMMARY ***
Total pot 518 | No rake
Board: [6d Ks Qs Ts 4c]
Seat 2: Sayok (small blind) showed [7s Jd] and lost with High card : King
Seat 3: Enfant Roi (big blind) showed [Kc 5h] and won 518 with One pair : Kings


Winamax Poker - Tournament "Expresso Nitro" buyIn: 0.93€ + 0.07€ level: 4 - HandId: #4614463230180327425-8-1772904068 - Holdem no limit (30/60) - 2026/03/07 17:21:08 UTC
Table: 'Expresso Nitro(1074388444)#0' 3-max (real money) Seat #3 is the button
Seat 1: MathisKcr (382)
Seat 3: Enfant Roi (518)
*** ANTE/BLINDS ***
Enfant Roi posts small blind 30
MathisKcr posts big blind 60
Dealt to MathisKcr [5d 4d]
*** PRE-FLOP *** 
Enfant Roi raises 458 to 518 and is all-in
MathisKcr folds
Enfant Roi collected 578 from pot
*** SUMMARY ***
Total pot 578 | No rake
Seat 3: Enfant Roi (small blind) (button) won 578


Winamax Poker - Tournament "Expresso Nitro" buyIn: 0.93€ + 0.07€ level: 4 - HandId: #4614463230180327425-9-1772904075 - Holdem no limit (30/60) - 2026/03/07 17:21:15 UTC
Table: 'Expresso Nitro(1074388444)#0' 3-max (real money) Seat #1 is the button
Seat 1: MathisKcr (322)
Seat 3: Enfant Roi (578)
*** ANTE/BLINDS ***
MathisKcr posts small blind 30
Enfant Roi posts big blind 60
Dealt to MathisKcr [8c Kd]
*** PRE-FLOP *** 
MathisKcr raises 262 to 322 and is all-in
Enfant Roi folds
MathisKcr collected 382 from pot
*** SUMMARY ***
Total pot 382 | No rake
Seat 1: MathisKcr (small blind) (button) won 382


Winamax Poker - Tournament "Expresso Nitro" buyIn: 0.93€ + 0.07€ level: 4 - HandId: #4614463230180327425-10-1772904084 - Holdem no limit (30/60) - 2026/03/07 17:21:24 UTC
Table: 'Expresso Nitro(1074388444)#0' 3-max (real money) Seat #3 is the button
Seat 1: MathisKcr (382)
Seat 3: Enfant Roi (518)
*** ANTE/BLINDS ***
Enfant Roi posts small blind 30
MathisKcr posts big blind 60
Dealt to MathisKcr [2h Kh]
*** PRE-FLOP *** 
Enfant Roi raises 458 to 518 and is all-in
MathisKcr folds
Enfant Roi collected 578 from pot
*** SUMMARY ***
Total pot 578 | No rake
Seat 3: Enfant Roi (small blind) (button) won 578


Winamax Poker - Tournament "Expresso Nitro" buyIn: 0.93€ + 0.07€ level: 4 - HandId: #4614463230180327425-11-1772904090 - Holdem no limit (30/60) - 2026/03/07 17:21:30 UTC
Table: 'Expresso Nitro(1074388444)#0' 3-max (real money) Seat #1 is the button
Seat 1: MathisKcr (322)
Seat 3: Enfant Roi (578)
*** ANTE/BLINDS ***
MathisKcr posts small blind 30
Enfant Roi posts big blind 60
Dealt to MathisKcr [2s 6h]
*** PRE-FLOP *** 
MathisKcr folds
Enfant Roi collected 90 from pot
*** SUMMARY ***
Total pot 90 | No rake
Seat 3: Enfant Roi (big blind) won 90


Winamax Poker - Tournament "Expresso Nitro" buyIn: 0.93€ + 0.07€ level: 4 - HandId: #4614463230180327425-12-1772904095 - Holdem no limit (30/60) - 2026/03/07 17:21:35 UTC
Table: 'Expresso Nitro(1074388444)#0' 3-max (real money) Seat #3 is the button
Seat 1: MathisKcr (292)
Seat 3: Enfant Roi (608)
*** ANTE/BLINDS ***
Enfant Roi posts small blind 30
MathisKcr posts big blind 60
Dealt to MathisKcr [Jh Td]
*** PRE-FLOP *** 
Enfant Roi raises 548 to 608 and is all-in
MathisKcr folds
Enfant Roi collected 668 from pot
*** SUMMARY ***
Total pot 668 | No rake
Seat 3: Enfant Roi (small blind) (button) won 668


Winamax Poker - Tournament "Expresso Nitro" buyIn: 0.93€ + 0.07€ level: 4 - HandId: #4614463230180327425-13-1772904100 - Holdem no limit (30/60) - 2026/03/07 17:21:40 UTC
Table: 'Expresso Nitro(1074388444)#0' 3-max (real money) Seat #1 is the button
Seat 1: MathisKcr (232)
Seat 3: Enfant Roi (668)
*** ANTE/BLINDS ***
MathisKcr posts small blind 30
Enfant Roi posts big blind 60
Dealt to MathisKcr [Qd Kd]
*** PRE-FLOP *** 
MathisKcr raises 172 to 232 and is all-in
Enfant Roi folds
MathisKcr collected 292 from pot
*** SUMMARY ***
Total pot 292 | No rake
Seat 1: MathisKcr (small blind) (button) won 292


Winamax Poker - Tournament "Expresso Nitro" buyIn: 0.93€ + 0.07€ level: 4 - HandId: #4614463230180327425-14-1772904110 - Holdem no limit (30/60) - 2026/03/07 17:21:50 UTC
Table: 'Expresso Nitro(1074388444)#0' 3-max (real money) Seat #3 is the button
Seat 1: MathisKcr (292)
Seat 3: Enfant Roi (608)
*** ANTE/BLINDS ***
Enfant Roi posts small blind 30
MathisKcr posts big blind 60
Dealt to MathisKcr [2d Ts]
*** PRE-FLOP *** 
Enfant Roi raises 548 to 608 and is all-in
MathisKcr folds
Enfant Roi collected 668 from pot
*** SUMMARY ***
Total pot 668 | No rake
Seat 3: Enfant Roi (small blind) (button) won 668


Winamax Poker - Tournament "Expresso Nitro" buyIn: 0.93€ + 0.07€ level: 5 - HandId: #4614463230180327425-15-1772904116 - Holdem no limit (40/80) - 2026/03/07 17:21:56 UTC
Table: 'Expresso Nitro(1074388444)#0' 3-max (real money) Seat #1 is the button
Seat 1: MathisKcr (232)
Seat 3: Enfant Roi (668)
*** ANTE/BLINDS ***
MathisKcr posts small blind 40
Enfant Roi posts big blind 80
Dealt to MathisKcr [Qc Jh]
*** PRE-FLOP *** 
MathisKcr raises 152 to 232 and is all-in
Enfant Roi raises 436 to 668 and is all-in
*** FLOP *** [3s Ad 7c]
*** TURN *** [3s Ad 7c][Th]
*** RIVER *** [3s Ad 7c Th][2d]
*** SHOW DOWN ***
MathisKcr shows [Qc Jh] (High card : Ace)
Enfant Roi shows [Ks Kh] (One pair : Kings)
Enfant Roi collected 900 from pot
*** SUMMARY ***
Total pot 900 | No rake
Board: [3s Ad 7c Th 2d]
Seat 1: MathisKcr (small blind) (button) showed [Qc Jh] and lost with High card : Ace
Seat 3: Enfant Roi (big blind) showed [Ks Kh] and won 900 with One pair : Kings


