Winamax Poker - Tournament "Expresso Nitro" buyIn: 0.93€ + 0.07€ level: 1 - HandId: #4666813010298273793-1-1774722832 - Holdem no limit (10/20) - 2026/03/28 18:33:52 UTC
Table: 'Expresso Nitro(1086577077)#0' 3-max (real money) Seat #1 is the button
Seat 1: MathisKcr (300)
Seat 2: FreeZy2a (300)
Seat 3: Betedevalue (300)
*** ANTE/BLINDS ***
FreeZy2a posts small blind 10
Betedevalue posts big blind 20
Dealt to MathisKcr [2s 3d]
*** PRE-FLOP *** 
MathisKcr folds
FreeZy2a calls 10
Betedevalue raises 280 to 300 and is all-in
FreeZy2a folds
Betedevalue collected 320 from pot
*** SUMMARY ***
Total pot 320 | No rake
Seat 3: Betedevalue (big blind) won 320


Winamax Poker - Tournament "Expresso Nitro" buyIn: 0.93€ + 0.07€ level: 1 - HandId: #4666813010298273793-2-1774722846 - Holdem no limit (10/20) - 2026/03/28 18:34:06 UTC
Table: 'Expresso Nitro(1086577077)#0' 3-max (real money) Seat #2 is the button
Seat 1: MathisKcr (300)
Seat 2: FreeZy2a (280)
Seat 3: Betedevalue (320)
*** ANTE/BLINDS ***
Betedevalue posts small blind 10
MathisKcr posts big blind 20
Dealt to MathisKcr [3s 5h]
*** PRE-FLOP *** 
FreeZy2a folds
Betedevalue folds
MathisKcr collected 30 from pot
*** SUMMARY ***
Total pot 30 | No rake
Seat 1: MathisKcr (big blind) won 30


Winamax Poker - Tournament "Expresso Nitro" buyIn: 0.93€ + 0.07€ level: 1 - HandId: #4666813010298273793-3-1774722859 - Holdem no limit (10/20) - 2026/03/28 18:34:19 UTC
Table: 'Expresso Nitro(1086577077)#0' 3-max (real money) Seat #3 is the button
Seat 1: MathisKcr (310)
Seat 2: FreeZy2a (280)
Seat 3: Betedevalue (310)
*** ANTE/BLINDS ***
MathisKcr posts small blind 10
FreeZy2a posts big blind 20
Dealt to MathisKcr [Ac 4c]
*** PRE-FLOP *** 
Betedevalue raises 20 to 40
MathisKcr raises 270 to 310 and is all-in
FreeZy2a folds
Betedevalue calls 270 and is all-in
*** FLOP *** [Kh Ad As]
*** TURN *** [Kh Ad As][7h]
*** RIVER *** [Kh Ad As 7h][Ts]
*** SHOW DOWN ***
Betedevalue shows [8s Ks] (Two pairs : Aces and Kings)
MathisKcr shows [Ac 4c] (Trips of Aces)
MathisKcr collected 640 from pot
*** SUMMARY ***
Total pot 640 | No rake
Board: [Kh Ad As 7h Ts]
Seat 1: MathisKcr (small blind) showed [Ac 4c] and won 640 with Trips of Aces
Seat 3: Betedevalue (button) showed [8s Ks] and lost with Two pairs : Aces and Kings


Winamax Poker - Tournament "Expresso Nitro" buyIn: 0.93€ + 0.07€ level: 1 - HandId: #4666813010298273793-4-1774722883 - Holdem no limit (10/20) - 2026/03/28 18:34:43 UTC
Table: 'Expresso Nitro(1086577077)#0' 3-max (real money) Seat #2 is the button
Seat 1: MathisKcr (640)
Seat 2: FreeZy2a (260)
*** ANTE/BLINDS ***
FreeZy2a posts small blind 10
MathisKcr posts big blind 20
Dealt to MathisKcr [8d Qc]
*** PRE-FLOP *** 
FreeZy2a raises 240 to 260 and is all-in
MathisKcr folds
FreeZy2a collected 280 from pot
*** SUMMARY ***
Total pot 280 | No rake
Seat 2: FreeZy2a (small blind) (button) won 280


Winamax Poker - Tournament "Expresso Nitro" buyIn: 0.93€ + 0.07€ level: 2 - HandId: #4666813010298273793-5-1774722895 - Holdem no limit (15/30) - 2026/03/28 18:34:55 UTC
Table: 'Expresso Nitro(1086577077)#0' 3-max (real money) Seat #1 is the button
Seat 1: MathisKcr (620)
Seat 2: FreeZy2a (280)
*** ANTE/BLINDS ***
MathisKcr posts small blind 15
FreeZy2a posts big blind 30
Dealt to MathisKcr [4d 7h]
*** PRE-FLOP *** 
MathisKcr folds
FreeZy2a collected 45 from pot
*** SUMMARY ***
Total pot 45 | No rake
Seat 2: FreeZy2a (big blind) won 45


Winamax Poker - Tournament "Expresso Nitro" buyIn: 0.93€ + 0.07€ level: 2 - HandId: #4666813010298273793-6-1774722902 - Holdem no limit (15/30) - 2026/03/28 18:35:02 UTC
Table: 'Expresso Nitro(1086577077)#0' 3-max (real money) Seat #2 is the button
Seat 1: MathisKcr (605)
Seat 2: FreeZy2a (295)
*** ANTE/BLINDS ***
FreeZy2a posts small blind 15
MathisKcr posts big blind 30
Dealt to MathisKcr [2s 9d]
*** PRE-FLOP *** 
FreeZy2a folds
MathisKcr collected 45 from pot
*** SUMMARY ***
Total pot 45 | No rake
Seat 1: MathisKcr (big blind) won 45


Winamax Poker - Tournament "Expresso Nitro" buyIn: 0.93€ + 0.07€ level: 2 - HandId: #4666813010298273793-7-1774722907 - Holdem no limit (15/30) - 2026/03/28 18:35:07 UTC
Table: 'Expresso Nitro(1086577077)#0' 3-max (real money) Seat #1 is the button
Seat 1: MathisKcr (620)
Seat 2: FreeZy2a (280)
*** ANTE/BLINDS ***
MathisKcr posts small blind 15
FreeZy2a posts big blind 30
Dealt to MathisKcr [Kd 8d]
*** PRE-FLOP *** 
MathisKcr raises 590 to 620 and is all-in
FreeZy2a folds
MathisKcr collected 650 from pot
*** SUMMARY ***
Total pot 650 | No rake
Seat 1: MathisKcr (small blind) (button) won 650


Winamax Poker - Tournament "Expresso Nitro" buyIn: 0.93€ + 0.07€ level: 2 - HandId: #4666813010298273793-8-1774722914 - Holdem no limit (15/30) - 2026/03/28 18:35:14 UTC
Table: 'Expresso Nitro(1086577077)#0' 3-max (real money) Seat #2 is the button
Seat 1: MathisKcr (650)
Seat 2: FreeZy2a (250)
*** ANTE/BLINDS ***
FreeZy2a posts small blind 15
MathisKcr posts big blind 30
Dealt to MathisKcr [3s 7c]
*** PRE-FLOP *** 
FreeZy2a raises 220 to 250 and is all-in
MathisKcr folds
FreeZy2a collected 280 from pot
*** SUMMARY ***
Total pot 280 | No rake
Seat 2: FreeZy2a (small blind) (button) won 280


Winamax Poker - Tournament "Expresso Nitro" buyIn: 0.93€ + 0.07€ level: 2 - HandId: #4666813010298273793-9-1774722920 - Holdem no limit (15/30) - 2026/03/28 18:35:20 UTC
Table: 'Expresso Nitro(1086577077)#0' 3-max (real money) Seat #1 is the button
Seat 1: MathisKcr (620)
Seat 2: FreeZy2a (280)
*** ANTE/BLINDS ***
MathisKcr posts small blind 15
FreeZy2a posts big blind 30
Dealt to MathisKcr [9h 9s]
*** PRE-FLOP *** 
MathisKcr raises 590 to 620 and is all-in
FreeZy2a folds
MathisKcr collected 650 from pot
*** SUMMARY ***
Total pot 650 | No rake
Seat 1: MathisKcr (small blind) (button) won 650


Winamax Poker - Tournament "Expresso Nitro" buyIn: 0.93€ + 0.07€ level: 2 - HandId: #4666813010298273793-10-1774722930 - Holdem no limit (15/30) - 2026/03/28 18:35:30 UTC
Table: 'Expresso Nitro(1086577077)#0' 3-max (real money) Seat #2 is the button
Seat 1: MathisKcr (650)
Seat 2: FreeZy2a (250)
*** ANTE/BLINDS ***
FreeZy2a posts small blind 15
MathisKcr posts big blind 30
Dealt to MathisKcr [4h Th]
*** PRE-FLOP *** 
FreeZy2a calls 15
MathisKcr checks
*** FLOP *** [As 7s 8s]
MathisKcr checks
FreeZy2a bets 30
MathisKcr folds
FreeZy2a collected 90 from pot
*** SUMMARY ***
Total pot 90 | No rake
Board: [As 7s 8s]
Seat 2: FreeZy2a (small blind) (button) won 90


Winamax Poker - Tournament "Expresso Nitro" buyIn: 0.93€ + 0.07€ level: 2 - HandId: #4666813010298273793-11-1774722944 - Holdem no limit (15/30) - 2026/03/28 18:35:44 UTC
Table: 'Expresso Nitro(1086577077)#0' 3-max (real money) Seat #1 is the button
Seat 1: MathisKcr (620)
Seat 2: FreeZy2a (280)
*** ANTE/BLINDS ***
MathisKcr posts small blind 15
FreeZy2a posts big blind 30
Dealt to MathisKcr [6s 9d]
*** PRE-FLOP *** 
MathisKcr folds
FreeZy2a collected 45 from pot
*** SUMMARY ***
Total pot 45 | No rake
Seat 2: FreeZy2a (big blind) won 45


Winamax Poker - Tournament "Expresso Nitro" buyIn: 0.93€ + 0.07€ level: 2 - HandId: #4666813010298273793-12-1774722949 - Holdem no limit (15/30) - 2026/03/28 18:35:49 UTC
Table: 'Expresso Nitro(1086577077)#0' 3-max (real money) Seat #2 is the button
Seat 1: MathisKcr (605)
Seat 2: FreeZy2a (295)
*** ANTE/BLINDS ***
FreeZy2a posts small blind 15
MathisKcr posts big blind 30
Dealt to MathisKcr [6s Kd]
*** PRE-FLOP *** 
FreeZy2a calls 15
MathisKcr raises 575 to 605 and is all-in
FreeZy2a folds
MathisKcr collected 635 from pot
*** SUMMARY ***
Total pot 635 | No rake
Seat 1: MathisKcr (big blind) won 635


Winamax Poker - Tournament "Expresso Nitro" buyIn: 0.93€ + 0.07€ level: 3 - HandId: #4666813010298273793-13-1774722960 - Holdem no limit (20/40) - 2026/03/28 18:36:00 UTC
Table: 'Expresso Nitro(1086577077)#0' 3-max (real money) Seat #1 is the button
Seat 1: MathisKcr (635)
Seat 2: FreeZy2a (265)
*** ANTE/BLINDS ***
MathisKcr posts small blind 20
FreeZy2a posts big blind 40
Dealt to MathisKcr [9c 9d]
*** PRE-FLOP *** 
MathisKcr raises 595 to 635 and is all-in
FreeZy2a folds
MathisKcr collected 675 from pot
*** SUMMARY ***
Total pot 675 | No rake
Seat 1: MathisKcr (small blind) (button) won 675


Winamax Poker - Tournament "Expresso Nitro" buyIn: 0.93€ + 0.07€ level: 3 - HandId: #4666813010298273793-14-1774722967 - Holdem no limit (20/40) - 2026/03/28 18:36:07 UTC
Table: 'Expresso Nitro(1086577077)#0' 3-max (real money) Seat #2 is the button
Seat 1: MathisKcr (675)
Seat 2: FreeZy2a (225)
*** ANTE/BLINDS ***
FreeZy2a posts small blind 20
MathisKcr posts big blind 40
Dealt to MathisKcr [4c Js]
*** PRE-FLOP *** 
FreeZy2a raises 185 to 225 and is all-in
MathisKcr folds
FreeZy2a collected 265 from pot
*** SUMMARY ***
Total pot 265 | No rake
Seat 2: FreeZy2a (small blind) (button) won 265


Winamax Poker - Tournament "Expresso Nitro" buyIn: 0.93€ + 0.07€ level: 3 - HandId: #4666813010298273793-15-1774722979 - Holdem no limit (20/40) - 2026/03/28 18:36:19 UTC
Table: 'Expresso Nitro(1086577077)#0' 3-max (real money) Seat #1 is the button
Seat 1: MathisKcr (635)
Seat 2: FreeZy2a (265)
*** ANTE/BLINDS ***
MathisKcr posts small blind 20
FreeZy2a posts big blind 40
Dealt to MathisKcr [6d 5d]
*** PRE-FLOP *** 
MathisKcr raises 595 to 635 and is all-in
FreeZy2a folds
MathisKcr collected 675 from pot
*** SUMMARY ***
Total pot 675 | No rake
Seat 1: MathisKcr (small blind) (button) won 675


Winamax Poker - Tournament "Expresso Nitro" buyIn: 0.93€ + 0.07€ level: 3 - HandId: #4666813010298273793-16-1774722986 - Holdem no limit (20/40) - 2026/03/28 18:36:26 UTC
Table: 'Expresso Nitro(1086577077)#0' 3-max (real money) Seat #2 is the button
Seat 1: MathisKcr (675)
Seat 2: FreeZy2a (225)
*** ANTE/BLINDS ***
FreeZy2a posts small blind 20
MathisKcr posts big blind 40
Dealt to MathisKcr [Kh 2s]
*** PRE-FLOP *** 
FreeZy2a raises 185 to 225 and is all-in
MathisKcr calls 185
*** FLOP *** [9c 9s Jd]
*** TURN *** [9c 9s Jd][5d]
*** RIVER *** [9c 9s Jd 5d][8h]
*** SHOW DOWN ***
FreeZy2a shows [Td 2d] (One pair : 9)
MathisKcr shows [Kh 2s] (One pair : 9)
MathisKcr collected 450 from pot
*** SUMMARY ***
Total pot 450 | No rake
Board: [9c 9s Jd 5d 8h]
Seat 1: MathisKcr (big blind) showed [Kh 2s] and won 450 with One pair : 9
Seat 2: FreeZy2a (small blind) (button) showed [Td 2d] and lost with One pair : 9


