Winamax Poker - Tournament "Expresso Nitro" buyIn: 0.93€ + 0.07€ level: 1 - HandId: #4668209450195091457-1-1774784727 - Holdem no limit (10/20) - 2026/03/29 11:45:27 UTC
Table: 'Expresso Nitro(1086902211)#0' 3-max (real money) Seat #2 is the button
Seat 1: ChanchoCR03 (300)
Seat 2: MathisKcr (300)
Seat 3: _JtePikToo_ (300)
*** ANTE/BLINDS ***
_JtePikToo_ posts small blind 10
ChanchoCR03 posts big blind 20
Dealt to MathisKcr [Kh 9h]
*** PRE-FLOP *** 
MathisKcr raises 20 to 40
_JtePikToo_ raises 20 to 60
ChanchoCR03 folds
MathisKcr raises 240 to 300 and is all-in
_JtePikToo_ calls 240 and is all-in
*** FLOP *** [Qd 8h 9d]
*** TURN *** [Qd 8h 9d][4c]
*** RIVER *** [Qd 8h 9d 4c][Th]
*** SHOW DOWN ***
MathisKcr shows [Kh 9h] (One pair : 9)
_JtePikToo_ shows [9s Ac] (One pair : 9)
_JtePikToo_ collected 620 from pot
*** SUMMARY ***
Total pot 620 | No rake
Board: [Qd 8h 9d 4c Th]
Seat 2: MathisKcr (button) showed [Kh 9h] and lost with One pair : 9
Seat 3: _JtePikToo_ (small blind) showed [9s Ac] and won 620 with One pair : 9


