Winamax Poker - Tournament "Expresso Nitro" buyIn: 0.93€ + 0.07€ level: 1 - HandId: #4692188278378463233-1-1775678757 - Holdem no limit (10/20) - 2026/04/08 20:05:57 UTC
Table: 'Expresso Nitro(1092485217)#0' 3-max (real money) Seat #1 is the button
Seat 1: MathisKcr (300)
Seat 2: Plume. . . (300)
Seat 3: giloux83 (300)
*** ANTE/BLINDS ***
Plume. . . posts small blind 10
giloux83 posts big blind 20
Dealt to MathisKcr [9h 5c]
*** PRE-FLOP *** 
MathisKcr folds
Plume. . . raises 280 to 300 and is all-in
giloux83 folds
Plume. . . collected 320 from pot
*** SUMMARY ***
Total pot 320 | No rake
Seat 2: Plume. . . (small blind) won 320


Winamax Poker - Tournament "Expresso Nitro" buyIn: 0.93€ + 0.07€ level: 1 - HandId: #4692188278378463233-2-1775678769 - Holdem no limit (10/20) - 2026/04/08 20:06:09 UTC
Table: 'Expresso Nitro(1092485217)#0' 3-max (real money) Seat #2 is the button
Seat 1: MathisKcr (300)
Seat 2: Plume. . . (320)
Seat 3: giloux83 (280)
*** ANTE/BLINDS ***
giloux83 posts small blind 10
MathisKcr posts big blind 20
Dealt to MathisKcr [As Tc]
*** PRE-FLOP *** 
Plume. . . raises 300 to 320 and is all-in
giloux83 calls 270 and is all-in
MathisKcr folds
*** FLOP *** [Qd 9c 3h]
*** TURN *** [Qd 9c 3h][8h]
*** RIVER *** [Qd 9c 3h 8h][8s]
*** SHOW DOWN ***
giloux83 shows [Ac Kc] (One pair : 8)
Plume. . . shows [Ts Qh] (Two pairs : Queens and 8)
Plume. . . collected 620 from pot
*** SUMMARY ***
Total pot 620 | No rake
Board: [Qd 9c 3h 8h 8s]
Seat 2: Plume. . . (button) showed [Ts Qh] and won 620 with Two pairs : Queens and 8
Seat 3: giloux83 (small blind) showed [Ac Kc] and lost with One pair : 8


Winamax Poker - Tournament "Expresso Nitro" buyIn: 0.93€ + 0.07€ level: 1 - HandId: #4692188278378463233-3-1775678789 - Holdem no limit (10/20) - 2026/04/08 20:06:29 UTC
Table: 'Expresso Nitro(1092485217)#0' 3-max (real money) Seat #1 is the button
Seat 1: MathisKcr (280)
Seat 2: Plume. . . (620)
*** ANTE/BLINDS ***
MathisKcr posts small blind 10
Plume. . . posts big blind 20
Dealt to MathisKcr [3h 6d]
*** PRE-FLOP *** 
MathisKcr folds
Plume. . . collected 30 from pot
*** SUMMARY ***
Total pot 30 | No rake
Seat 2: Plume. . . (big blind) won 30


Winamax Poker - Tournament "Expresso Nitro" buyIn: 0.93€ + 0.07€ level: 1 - HandId: #4692188278378463233-4-1775678795 - Holdem no limit (10/20) - 2026/04/08 20:06:35 UTC
Table: 'Expresso Nitro(1092485217)#0' 3-max (real money) Seat #2 is the button
Seat 1: MathisKcr (270)
Seat 2: Plume. . . (630)
*** ANTE/BLINDS ***
Plume. . . posts small blind 10
MathisKcr posts big blind 20
Dealt to MathisKcr [9c Js]
*** PRE-FLOP *** 
Plume. . . folds
MathisKcr collected 30 from pot
*** SUMMARY ***
Total pot 30 | No rake
Seat 1: MathisKcr (big blind) won 30


Winamax Poker - Tournament "Expresso Nitro" buyIn: 0.93€ + 0.07€ level: 1 - HandId: #4692188278378463233-5-1775678800 - Holdem no limit (10/20) - 2026/04/08 20:06:40 UTC
Table: 'Expresso Nitro(1092485217)#0' 3-max (real money) Seat #1 is the button
Seat 1: MathisKcr (280)
Seat 2: Plume. . . (620)
*** ANTE/BLINDS ***
MathisKcr posts small blind 10
Plume. . . posts big blind 20
Dealt to MathisKcr [Td 8h]
*** PRE-FLOP *** 
MathisKcr folds
Plume. . . collected 30 from pot
*** SUMMARY ***
Total pot 30 | No rake
Seat 2: Plume. . . (big blind) won 30


Winamax Poker - Tournament "Expresso Nitro" buyIn: 0.93€ + 0.07€ level: 1 - HandId: #4692188278378463233-6-1775678809 - Holdem no limit (10/20) - 2026/04/08 20:06:49 UTC
Table: 'Expresso Nitro(1092485217)#0' 3-max (real money) Seat #2 is the button
Seat 1: MathisKcr (270)
Seat 2: Plume. . . (630)
*** ANTE/BLINDS ***
Plume. . . posts small blind 10
MathisKcr posts big blind 20
Dealt to MathisKcr [3d 2s]
*** PRE-FLOP *** 
Plume. . . raises 20 to 40
MathisKcr folds
Plume. . . collected 60 from pot
*** SUMMARY ***
Total pot 60 | No rake
Seat 2: Plume. . . (small blind) (button) won 60


Winamax Poker - Tournament "Expresso Nitro" buyIn: 0.93€ + 0.07€ level: 2 - HandId: #4692188278378463233-7-1775678818 - Holdem no limit (15/30) - 2026/04/08 20:06:58 UTC
Table: 'Expresso Nitro(1092485217)#0' 3-max (real money) Seat #1 is the button
Seat 1: MathisKcr (250)
Seat 2: Plume. . . (650)
*** ANTE/BLINDS ***
MathisKcr posts small blind 15
Plume. . . posts big blind 30
Dealt to MathisKcr [2s 2c]
*** PRE-FLOP *** 
MathisKcr raises 220 to 250 and is all-in
Plume. . . raises 220 to 470
*** FLOP *** [3d Kh 7s]
*** TURN *** [3d Kh 7s][Ks]
*** RIVER *** [3d Kh 7s Ks][Jd]
*** SHOW DOWN ***
MathisKcr shows [2s 2c] (Two pairs : Kings and 2)
Plume. . . shows [Jh Jc] (Full of Jacks and Kings)
Plume. . . collected 720 from pot
*** SUMMARY ***
Total pot 720 | No rake
Board: [3d Kh 7s Ks Jd]
Seat 1: MathisKcr (small blind) (button) showed [2s 2c] and lost with Two pairs : Kings and 2
Seat 2: Plume. . . (big blind) showed [Jh Jc] and won 720 with Full of Jacks and Kings


