Winamax Poker - Tournament "Expresso Nitro" buyIn: 0.93€ + 0.07€ level: 1 - HandId: #4607349011991494657-1-1772615242 - Holdem no limit (10/20) - 2026/03/04 09:07:22 UTC
Table: 'Expresso Nitro(1072732036)#0' 3-max (real money) Seat #2 is the button
Seat 1: Jpp 16 (300)
Seat 2: PayMyOnyx14 (300)
Seat 3: MathisKcr (300)
*** ANTE/BLINDS ***
MathisKcr posts small blind 10
Jpp 16 posts big blind 20
Dealt to MathisKcr [5c Qh]
*** PRE-FLOP *** 
PayMyOnyx14 folds
MathisKcr raises 20 to 40
Jpp 16 folds
MathisKcr collected 60 from pot
*** SUMMARY ***
Total pot 60 | No rake
Seat 3: MathisKcr (small blind) won 60


Winamax Poker - Tournament "Expresso Nitro" buyIn: 0.93€ + 0.07€ level: 1 - HandId: #4607349011991494657-2-1772615254 - Holdem no limit (10/20) - 2026/03/04 09:07:34 UTC
Table: 'Expresso Nitro(1072732036)#0' 3-max (real money) Seat #3 is the button
Seat 1: Jpp 16 (280)
Seat 2: PayMyOnyx14 (300)
Seat 3: MathisKcr (320)
*** ANTE/BLINDS ***
Jpp 16 posts small blind 10
PayMyOnyx14 posts big blind 20
Dealt to MathisKcr [5c Jd]
*** PRE-FLOP *** 
MathisKcr calls 20
Jpp 16 folds
PayMyOnyx14 checks
*** FLOP *** [Kh 8c Tc]
PayMyOnyx14 checks
MathisKcr bets 40
PayMyOnyx14 folds
MathisKcr collected 90 from pot
*** SUMMARY ***
Total pot 90 | No rake
Board: [Kh 8c Tc]
Seat 3: MathisKcr (button) won 90


Winamax Poker - Tournament "Expresso Nitro" buyIn: 0.93€ + 0.07€ level: 1 - HandId: #4607349011991494657-3-1772615280 - Holdem no limit (10/20) - 2026/03/04 09:08:00 UTC
Table: 'Expresso Nitro(1072732036)#0' 3-max (real money) Seat #1 is the button
Seat 1: Jpp 16 (270)
Seat 2: PayMyOnyx14 (280)
Seat 3: MathisKcr (350)
*** ANTE/BLINDS ***
PayMyOnyx14 posts small blind 10
MathisKcr posts big blind 20
Dealt to MathisKcr [8c 4s]
*** PRE-FLOP *** 
Jpp 16 folds
PayMyOnyx14 folds
MathisKcr collected 30 from pot
*** SUMMARY ***
Total pot 30 | No rake
Seat 3: MathisKcr (big blind) won 30


Winamax Poker - Tournament "Expresso Nitro" buyIn: 0.93€ + 0.07€ level: 1 - HandId: #4607349011991494657-4-1772615287 - Holdem no limit (10/20) - 2026/03/04 09:08:07 UTC
Table: 'Expresso Nitro(1072732036)#0' 3-max (real money) Seat #2 is the button
Seat 1: Jpp 16 (270)
Seat 2: PayMyOnyx14 (270)
Seat 3: MathisKcr (360)
*** ANTE/BLINDS ***
MathisKcr posts small blind 10
Jpp 16 posts big blind 20
Dealt to MathisKcr [Qd 6s]
*** PRE-FLOP *** 
PayMyOnyx14 folds
MathisKcr calls 10
Jpp 16 checks
*** FLOP *** [Qs Qh Ks]
MathisKcr checks
Jpp 16 checks
*** TURN *** [Qs Qh Ks][4h]
MathisKcr bets 20
Jpp 16 folds
MathisKcr collected 60 from pot
*** SUMMARY ***
Total pot 60 | No rake
Board: [Qs Qh Ks 4h]
Seat 3: MathisKcr (small blind) won 60


Winamax Poker - Tournament "Expresso Nitro" buyIn: 0.93€ + 0.07€ level: 2 - HandId: #4607349011991494657-5-1772615311 - Holdem no limit (15/30) - 2026/03/04 09:08:31 UTC
Table: 'Expresso Nitro(1072732036)#0' 3-max (real money) Seat #3 is the button
Seat 1: Jpp 16 (250)
Seat 2: PayMyOnyx14 (270)
Seat 3: MathisKcr (380)
*** ANTE/BLINDS ***
Jpp 16 posts small blind 15
PayMyOnyx14 posts big blind 30
Dealt to MathisKcr [9d 2c]
*** PRE-FLOP *** 
MathisKcr folds
Jpp 16 raises 60 to 90
PayMyOnyx14 folds
Jpp 16 collected 120 from pot
*** SUMMARY ***
Total pot 120 | No rake
Seat 1: Jpp 16 (small blind) won 120


Winamax Poker - Tournament "Expresso Nitro" buyIn: 0.93€ + 0.07€ level: 2 - HandId: #4607349011991494657-6-1772615325 - Holdem no limit (15/30) - 2026/03/04 09:08:45 UTC
Table: 'Expresso Nitro(1072732036)#0' 3-max (real money) Seat #1 is the button
Seat 1: Jpp 16 (280)
Seat 2: PayMyOnyx14 (240)
Seat 3: MathisKcr (380)
*** ANTE/BLINDS ***
PayMyOnyx14 posts small blind 15
MathisKcr posts big blind 30
Dealt to MathisKcr [7h Qd]
*** PRE-FLOP *** 
Jpp 16 raises 250 to 280 and is all-in
PayMyOnyx14 calls 225 and is all-in
MathisKcr folds
*** FLOP *** [Qc Td 9h]
*** TURN *** [Qc Td 9h][4c]
*** RIVER *** [Qc Td 9h 4c][Th]
*** SHOW DOWN ***
PayMyOnyx14 shows [Kd Jh] (Straight King high)
Jpp 16 shows [9s 9c] (Full of 9 and Tens)
Jpp 16 collected 550 from pot
*** SUMMARY ***
Total pot 550 | No rake
Board: [Qc Td 9h 4c Th]
Seat 1: Jpp 16 (button) showed [9s 9c] and won 550 with Full of 9 and Tens
Seat 2: PayMyOnyx14 (small blind) showed [Kd Jh] and lost with Straight King high


Winamax Poker - Tournament "Expresso Nitro" buyIn: 0.93€ + 0.07€ level: 2 - HandId: #4607349011991494657-7-1772615349 - Holdem no limit (15/30) - 2026/03/04 09:09:09 UTC
Table: 'Expresso Nitro(1072732036)#0' 3-max (real money) Seat #3 is the button
Seat 1: Jpp 16 (550)
Seat 3: MathisKcr (350)
*** ANTE/BLINDS ***
MathisKcr posts small blind 15
Jpp 16 posts big blind 30
Dealt to MathisKcr [Ac Ts]
*** PRE-FLOP *** 
MathisKcr raises 320 to 350 and is all-in
Jpp 16 calls 320
*** FLOP *** [Td 7d Ks]
*** TURN *** [Td 7d Ks][9d]
*** RIVER *** [Td 7d Ks 9d][4h]
*** SHOW DOWN ***
MathisKcr shows [Ac Ts] (One pair : Tens)
Jpp 16 shows [Qs Js] (Straight King high)
Jpp 16 collected 700 from pot
*** SUMMARY ***
Total pot 700 | No rake
Board: [Td 7d Ks 9d 4h]
Seat 1: Jpp 16 (big blind) showed [Qs Js] and won 700 with Straight King high
Seat 3: MathisKcr (small blind) (button) showed [Ac Ts] and lost with One pair : Tens


