Winamax Poker - Tournament "Expresso Nitro" buyIn: 0.93€ + 0.07€ level: 1 - HandId: #4672325059656810497-1-1774945911 - Holdem no limit (10/20) - 2026/03/31 08:31:51 UTC
Table: 'Expresso Nitro(1087860451)#0' 3-max (real money) Seat #3 is the button
Seat 1: Triton bio17 (300)
Seat 2: manlgrs0201 (300)
Seat 3: MathisKcr (300)
*** ANTE/BLINDS ***
Triton bio17 posts small blind 10
manlgrs0201 posts big blind 20
Dealt to MathisKcr [2c 2d]
*** PRE-FLOP *** 
MathisKcr raises 20 to 40
Triton bio17 folds
manlgrs0201 raises 260 to 300 and is all-in
MathisKcr calls 260 and is all-in
*** FLOP *** [5h 9d 8c]
*** TURN *** [5h 9d 8c][Td]
*** RIVER *** [5h 9d 8c Td][Ac]
*** SHOW DOWN ***
MathisKcr shows [2c 2d] (One pair : 2)
manlgrs0201 shows [As 5d] (Two pairs : Aces and 5)
manlgrs0201 collected 610 from pot
*** SUMMARY ***
Total pot 610 | No rake
Board: [5h 9d 8c Td Ac]
Seat 2: manlgrs0201 (big blind) showed [As 5d] and won 610 with Two pairs : Aces and 5
Seat 3: MathisKcr (button) showed [2c 2d] and lost with One pair : 2


