Winamax Poker - Tournament "Expresso Nitro" buyIn: 0.93€ + 0.07€ level: 1 - HandId: #4619763138219212801-1-1773099885 - Holdem no limit (10/20) - 2026/03/09 23:44:45 UTC
Table: 'Expresso Nitro(1075622425)#0' 3-max (real money) Seat #1 is the button
Seat 1: FranzAA (300)
Seat 2: marco2110 (300)
Seat 3: MathisKcr (300)
*** ANTE/BLINDS ***
marco2110 posts small blind 10
MathisKcr posts big blind 20
Dealt to MathisKcr [7d 5h]
*** PRE-FLOP *** 
FranzAA folds
marco2110 raises 30 to 50
MathisKcr folds
marco2110 collected 70 from pot
*** SUMMARY ***
Total pot 70 | No rake
Seat 2: marco2110 (small blind) won 70


Winamax Poker - Tournament "Expresso Nitro" buyIn: 0.93€ + 0.07€ level: 1 - HandId: #4619763138219212801-2-1773099893 - Holdem no limit (10/20) - 2026/03/09 23:44:53 UTC
Table: 'Expresso Nitro(1075622425)#0' 3-max (real money) Seat #2 is the button
Seat 1: FranzAA (300)
Seat 2: marco2110 (320)
Seat 3: MathisKcr (280)
*** ANTE/BLINDS ***
MathisKcr posts small blind 10
FranzAA posts big blind 20
Dealt to MathisKcr [Ah 9h]
*** PRE-FLOP *** 
marco2110 raises 20 to 40
MathisKcr raises 240 to 280 and is all-in
FranzAA folds
marco2110 calls 240
*** FLOP *** [2c Ac Kh]
*** TURN *** [2c Ac Kh][6s]
*** RIVER *** [2c Ac Kh 6s][9c]
*** SHOW DOWN ***
marco2110 shows [7c 7d] (One pair : 7)
MathisKcr shows [Ah 9h] (Two pairs : Aces and 9)
MathisKcr collected 580 from pot
*** SUMMARY ***
Total pot 580 | No rake
Board: [2c Ac Kh 6s 9c]
Seat 2: marco2110 (button) showed [7c 7d] and lost with One pair : 7
Seat 3: MathisKcr (small blind) showed [Ah 9h] and won 580 with Two pairs : Aces and 9


Winamax Poker - Tournament "Expresso Nitro" buyIn: 0.93€ + 0.07€ level: 1 - HandId: #4619763138219212801-3-1773099915 - Holdem no limit (10/20) - 2026/03/09 23:45:15 UTC
Table: 'Expresso Nitro(1075622425)#0' 3-max (real money) Seat #3 is the button
Seat 1: FranzAA (280)
Seat 2: marco2110 (40)
Seat 3: MathisKcr (580)
*** ANTE/BLINDS ***
FranzAA posts small blind 10
marco2110 posts big blind 20
Dealt to MathisKcr [3c Th]
*** PRE-FLOP *** 
MathisKcr folds
FranzAA folds
marco2110 collected 30 from pot
*** SUMMARY ***
Total pot 30 | No rake
Seat 2: marco2110 (big blind) won 30


Winamax Poker - Tournament "Expresso Nitro" buyIn: 0.93€ + 0.07€ level: 1 - HandId: #4619763138219212801-4-1773099922 - Holdem no limit (10/20) - 2026/03/09 23:45:22 UTC
Table: 'Expresso Nitro(1075622425)#0' 3-max (real money) Seat #1 is the button
Seat 1: FranzAA (270)
Seat 2: marco2110 (50)
Seat 3: MathisKcr (580)
*** ANTE/BLINDS ***
marco2110 posts small blind 10
MathisKcr posts big blind 20
Dealt to MathisKcr [4h 6c]
*** PRE-FLOP *** 
FranzAA folds
marco2110 raises 30 to 50 and is all-in
MathisKcr folds
marco2110 collected 70 from pot
*** SUMMARY ***
Total pot 70 | No rake
Seat 2: marco2110 (small blind) won 70


Winamax Poker - Tournament "Expresso Nitro" buyIn: 0.93€ + 0.07€ level: 1 - HandId: #4619763138219212801-5-1773099929 - Holdem no limit (10/20) - 2026/03/09 23:45:29 UTC
Table: 'Expresso Nitro(1075622425)#0' 3-max (real money) Seat #2 is the button
Seat 1: FranzAA (270)
Seat 2: marco2110 (70)
Seat 3: MathisKcr (560)
*** ANTE/BLINDS ***
MathisKcr posts small blind 10
FranzAA posts big blind 20
Dealt to MathisKcr [Kc 4s]
*** PRE-FLOP *** 
marco2110 raises 50 to 70 and is all-in
MathisKcr folds
FranzAA folds
marco2110 collected 100 from pot
*** SUMMARY ***
Total pot 100 | No rake
Seat 2: marco2110 (button) won 100


Winamax Poker - Tournament "Expresso Nitro" buyIn: 0.93€ + 0.07€ level: 1 - HandId: #4619763138219212801-6-1773099938 - Holdem no limit (10/20) - 2026/03/09 23:45:38 UTC
Table: 'Expresso Nitro(1075622425)#0' 3-max (real money) Seat #3 is the button
Seat 1: FranzAA (250)
Seat 2: marco2110 (100)
Seat 3: MathisKcr (550)
*** ANTE/BLINDS ***
FranzAA posts small blind 10
marco2110 posts big blind 20
Dealt to MathisKcr [Kc 8c]
*** PRE-FLOP *** 
MathisKcr raises 530 to 550 and is all-in
FranzAA folds
marco2110 calls 80 and is all-in
*** FLOP *** [6c 5d 8d]
*** TURN *** [6c 5d 8d][8s]
*** RIVER *** [6c 5d 8d 8s][2d]
*** SHOW DOWN ***
marco2110 shows [7c Ad] (One pair : 8)
MathisKcr shows [Kc 8c] (Trips of 8)
MathisKcr collected 660 from pot
*** SUMMARY ***
Total pot 660 | No rake
Board: [6c 5d 8d 8s 2d]
Seat 2: marco2110 (big blind) showed [7c Ad] and lost with One pair : 8
Seat 3: MathisKcr (button) showed [Kc 8c] and won 660 with Trips of 8


Winamax Poker - Tournament "Expresso Nitro" buyIn: 0.93€ + 0.07€ level: 2 - HandId: #4619763138219212801-7-1773099964 - Holdem no limit (15/30) - 2026/03/09 23:46:04 UTC
Table: 'Expresso Nitro(1075622425)#0' 3-max (real money) Seat #3 is the button
Seat 1: FranzAA (240)
Seat 3: MathisKcr (660)
*** ANTE/BLINDS ***
MathisKcr posts small blind 15
FranzAA posts big blind 30
Dealt to MathisKcr [4s 9h]
*** PRE-FLOP *** 
MathisKcr folds
FranzAA collected 45 from pot
*** SUMMARY ***
Total pot 45 | No rake
Seat 1: FranzAA (big blind) won 45


Winamax Poker - Tournament "Expresso Nitro" buyIn: 0.93€ + 0.07€ level: 2 - HandId: #4619763138219212801-8-1773099969 - Holdem no limit (15/30) - 2026/03/09 23:46:09 UTC
Table: 'Expresso Nitro(1075622425)#0' 3-max (real money) Seat #1 is the button
Seat 1: FranzAA (255)
Seat 3: MathisKcr (645)
*** ANTE/BLINDS ***
FranzAA posts small blind 15
MathisKcr posts big blind 30
Dealt to MathisKcr [9c 7s]
*** PRE-FLOP *** 
FranzAA raises 225 to 255 and is all-in
MathisKcr folds
FranzAA collected 285 from pot
*** SUMMARY ***
Total pot 285 | No rake
Seat 1: FranzAA (small blind) (button) won 285


Winamax Poker - Tournament "Expresso Nitro" buyIn: 0.93€ + 0.07€ level: 2 - HandId: #4619763138219212801-9-1773099976 - Holdem no limit (15/30) - 2026/03/09 23:46:16 UTC
Table: 'Expresso Nitro(1075622425)#0' 3-max (real money) Seat #3 is the button
Seat 1: FranzAA (285)
Seat 3: MathisKcr (615)
*** ANTE/BLINDS ***
MathisKcr posts small blind 15
FranzAA posts big blind 30
Dealt to MathisKcr [As 9h]
*** PRE-FLOP *** 
MathisKcr raises 585 to 615 and is all-in
FranzAA calls 255 and is all-in
*** FLOP *** [8c 4s 7h]
*** TURN *** [8c 4s 7h][Jc]
*** RIVER *** [8c 4s 7h Jc][6s]
*** SHOW DOWN ***
FranzAA shows [Ac Qs] (High card : Ace)
MathisKcr shows [As 9h] (High card : Ace)
MathisKcr collected 330 from side pot 1
FranzAA collected 570 from main pot
*** SUMMARY ***
Total pot 900 | No rake
Board: [8c 4s 7h Jc 6s]
Seat 1: FranzAA (big blind) showed [Ac Qs] and won 570 with High card : Ace
Seat 3: MathisKcr (small blind) (button) showed [As 9h] and won 330 with High card : Ace


Winamax Poker - Tournament "Expresso Nitro" buyIn: 0.93€ + 0.07€ level: 2 - HandId: #4619763138219212801-10-1773099989 - Holdem no limit (15/30) - 2026/03/09 23:46:29 UTC
Table: 'Expresso Nitro(1075622425)#0' 3-max (real money) Seat #1 is the button
Seat 1: FranzAA (570)
Seat 3: MathisKcr (330)
*** ANTE/BLINDS ***
FranzAA posts small blind 15
MathisKcr posts big blind 30
Dealt to MathisKcr [9d 7h]
*** PRE-FLOP *** 
FranzAA raises 540 to 570 and is all-in
MathisKcr folds
FranzAA collected 600 from pot
*** SUMMARY ***
Total pot 600 | No rake
Seat 1: FranzAA (small blind) (button) won 600


Winamax Poker - Tournament "Expresso Nitro" buyIn: 0.93€ + 0.07€ level: 2 - HandId: #4619763138219212801-11-1773099994 - Holdem no limit (15/30) - 2026/03/09 23:46:34 UTC
Table: 'Expresso Nitro(1075622425)#0' 3-max (real money) Seat #3 is the button
Seat 1: FranzAA (600)
Seat 3: MathisKcr (300)
*** ANTE/BLINDS ***
MathisKcr posts small blind 15
FranzAA posts big blind 30
Dealt to MathisKcr [8d 6s]
*** PRE-FLOP *** 
MathisKcr folds
FranzAA collected 45 from pot
*** SUMMARY ***
Total pot 45 | No rake
Seat 1: FranzAA (big blind) won 45


Winamax Poker - Tournament "Expresso Nitro" buyIn: 0.93€ + 0.07€ level: 2 - HandId: #4619763138219212801-12-1773099999 - Holdem no limit (15/30) - 2026/03/09 23:46:39 UTC
Table: 'Expresso Nitro(1075622425)#0' 3-max (real money) Seat #1 is the button
Seat 1: FranzAA (615)
Seat 3: MathisKcr (285)
*** ANTE/BLINDS ***
FranzAA posts small blind 15
MathisKcr posts big blind 30
Dealt to MathisKcr [3c 2s]
*** PRE-FLOP *** 
FranzAA raises 585 to 615 and is all-in
MathisKcr folds
FranzAA collected 645 from pot
*** SUMMARY ***
Total pot 645 | No rake
Seat 1: FranzAA (small blind) (button) won 645


Winamax Poker - Tournament "Expresso Nitro" buyIn: 0.93€ + 0.07€ level: 3 - HandId: #4619763138219212801-13-1773100009 - Holdem no limit (20/40) - 2026/03/09 23:46:49 UTC
Table: 'Expresso Nitro(1075622425)#0' 3-max (real money) Seat #3 is the button
Seat 1: FranzAA (645)
Seat 3: MathisKcr (255)
*** ANTE/BLINDS ***
MathisKcr posts small blind 20
FranzAA posts big blind 40
Dealt to MathisKcr [5h 3s]
*** PRE-FLOP *** 
MathisKcr folds
FranzAA collected 60 from pot
*** SUMMARY ***
Total pot 60 | No rake
Seat 1: FranzAA (big blind) won 60


Winamax Poker - Tournament "Expresso Nitro" buyIn: 0.93€ + 0.07€ level: 3 - HandId: #4619763138219212801-14-1773100014 - Holdem no limit (20/40) - 2026/03/09 23:46:54 UTC
Table: 'Expresso Nitro(1075622425)#0' 3-max (real money) Seat #1 is the button
Seat 1: FranzAA (665)
Seat 3: MathisKcr (235)
*** ANTE/BLINDS ***
FranzAA posts small blind 20
MathisKcr posts big blind 40
Dealt to MathisKcr [9s 8d]
*** PRE-FLOP *** 
FranzAA calls 20
MathisKcr checks
*** FLOP *** [4h 7h Ks]
MathisKcr checks
FranzAA bets 80
MathisKcr folds
FranzAA collected 160 from pot
*** SUMMARY ***
Total pot 160 | No rake
Board: [4h 7h Ks]
Seat 1: FranzAA (small blind) (button) won 160


Winamax Poker - Tournament "Expresso Nitro" buyIn: 0.93€ + 0.07€ level: 3 - HandId: #4619763138219212801-15-1773100035 - Holdem no limit (20/40) - 2026/03/09 23:47:15 UTC
Table: 'Expresso Nitro(1075622425)#0' 3-max (real money) Seat #3 is the button
Seat 1: FranzAA (705)
Seat 3: MathisKcr (195)
*** ANTE/BLINDS ***
MathisKcr posts small blind 20
FranzAA posts big blind 40
Dealt to MathisKcr [Td Kh]
*** PRE-FLOP *** 
MathisKcr raises 155 to 195 and is all-in
FranzAA folds
MathisKcr collected 235 from pot
*** SUMMARY ***
Total pot 235 | No rake
Seat 3: MathisKcr (small blind) (button) won 235


Winamax Poker - Tournament "Expresso Nitro" buyIn: 0.93€ + 0.07€ level: 3 - HandId: #4619763138219212801-16-1773100045 - Holdem no limit (20/40) - 2026/03/09 23:47:25 UTC
Table: 'Expresso Nitro(1075622425)#0' 3-max (real money) Seat #1 is the button
Seat 1: FranzAA (665)
Seat 3: MathisKcr (235)
*** ANTE/BLINDS ***
FranzAA posts small blind 20
MathisKcr posts big blind 40
Dealt to MathisKcr [5s 6c]
*** PRE-FLOP *** 
FranzAA calls 20
MathisKcr checks
*** FLOP *** [9h 5h 4d]
MathisKcr checks
FranzAA checks
*** TURN *** [9h 5h 4d][4s]
MathisKcr bets 80
FranzAA folds
MathisKcr collected 160 from pot
*** SUMMARY ***
Total pot 160 | No rake
Board: [9h 5h 4d 4s]
Seat 3: MathisKcr (big blind) won 160


Winamax Poker - Tournament "Expresso Nitro" buyIn: 0.93€ + 0.07€ level: 3 - HandId: #4619763138219212801-17-1773100060 - Holdem no limit (20/40) - 2026/03/09 23:47:40 UTC
Table: 'Expresso Nitro(1075622425)#0' 3-max (real money) Seat #3 is the button
Seat 1: FranzAA (625)
Seat 3: MathisKcr (275)
*** ANTE/BLINDS ***
MathisKcr posts small blind 20
FranzAA posts big blind 40
Dealt to MathisKcr [9s 6s]
*** PRE-FLOP *** 
MathisKcr folds
FranzAA collected 60 from pot
*** SUMMARY ***
Total pot 60 | No rake
Seat 1: FranzAA (big blind) won 60


Winamax Poker - Tournament "Expresso Nitro" buyIn: 0.93€ + 0.07€ level: 4 - HandId: #4619763138219212801-18-1773100065 - Holdem no limit (30/60) - 2026/03/09 23:47:45 UTC
Table: 'Expresso Nitro(1075622425)#0' 3-max (real money) Seat #1 is the button
Seat 1: FranzAA (645)
Seat 3: MathisKcr (255)
*** ANTE/BLINDS ***
FranzAA posts small blind 30
MathisKcr posts big blind 60
Dealt to MathisKcr [4s Jd]
*** PRE-FLOP *** 
FranzAA raises 120 to 180
MathisKcr folds
FranzAA collected 240 from pot
*** SUMMARY ***
Total pot 240 | No rake
Seat 1: FranzAA (small blind) (button) won 240


Winamax Poker - Tournament "Expresso Nitro" buyIn: 0.93€ + 0.07€ level: 4 - HandId: #4619763138219212801-19-1773100071 - Holdem no limit (30/60) - 2026/03/09 23:47:51 UTC
Table: 'Expresso Nitro(1075622425)#0' 3-max (real money) Seat #3 is the button
Seat 1: FranzAA (705)
Seat 3: MathisKcr (195)
*** ANTE/BLINDS ***
MathisKcr posts small blind 30
FranzAA posts big blind 60
Dealt to MathisKcr [8d Kc]
*** PRE-FLOP *** 
MathisKcr raises 135 to 195 and is all-in
FranzAA folds
MathisKcr collected 255 from pot
*** SUMMARY ***
Total pot 255 | No rake
Seat 3: MathisKcr (small blind) (button) won 255


Winamax Poker - Tournament "Expresso Nitro" buyIn: 0.93€ + 0.07€ level: 4 - HandId: #4619763138219212801-20-1773100079 - Holdem no limit (30/60) - 2026/03/09 23:47:59 UTC
Table: 'Expresso Nitro(1075622425)#0' 3-max (real money) Seat #1 is the button
Seat 1: FranzAA (645)
Seat 3: MathisKcr (255)
*** ANTE/BLINDS ***
FranzAA posts small blind 30
MathisKcr posts big blind 60
Dealt to MathisKcr [3c Ks]
*** PRE-FLOP *** 
FranzAA raises 585 to 645 and is all-in
MathisKcr folds
FranzAA collected 705 from pot
*** SUMMARY ***
Total pot 705 | No rake
Seat 1: FranzAA (small blind) (button) won 705


Winamax Poker - Tournament "Expresso Nitro" buyIn: 0.93€ + 0.07€ level: 4 - HandId: #4619763138219212801-21-1773100085 - Holdem no limit (30/60) - 2026/03/09 23:48:05 UTC
Table: 'Expresso Nitro(1075622425)#0' 3-max (real money) Seat #3 is the button
Seat 1: FranzAA (705)
Seat 3: MathisKcr (195)
*** ANTE/BLINDS ***
MathisKcr posts small blind 30
FranzAA posts big blind 60
Dealt to MathisKcr [Jd 2c]
*** PRE-FLOP *** 
MathisKcr folds
FranzAA collected 90 from pot
*** SUMMARY ***
Total pot 90 | No rake
Seat 1: FranzAA (big blind) won 90


Winamax Poker - Tournament "Expresso Nitro" buyIn: 0.93€ + 0.07€ level: 4 - HandId: #4619763138219212801-22-1773100090 - Holdem no limit (30/60) - 2026/03/09 23:48:10 UTC
Table: 'Expresso Nitro(1075622425)#0' 3-max (real money) Seat #1 is the button
Seat 1: FranzAA (735)
Seat 3: MathisKcr (165)
*** ANTE/BLINDS ***
FranzAA posts small blind 30
MathisKcr posts big blind 60
Dealt to MathisKcr [3s 9d]
*** PRE-FLOP *** 
FranzAA raises 120 to 180
MathisKcr folds
FranzAA collected 240 from pot
*** SUMMARY ***
Total pot 240 | No rake
Seat 1: FranzAA (small blind) (button) won 240


Winamax Poker - Tournament "Expresso Nitro" buyIn: 0.93€ + 0.07€ level: 4 - HandId: #4619763138219212801-23-1773100095 - Holdem no limit (30/60) - 2026/03/09 23:48:15 UTC
Table: 'Expresso Nitro(1075622425)#0' 3-max (real money) Seat #3 is the button
Seat 1: FranzAA (795)
Seat 3: MathisKcr (105)
*** ANTE/BLINDS ***
MathisKcr posts small blind 30
FranzAA posts big blind 60
Dealt to MathisKcr [2s 8d]
*** PRE-FLOP *** 
MathisKcr raises 45 to 105 and is all-in
FranzAA calls 45
*** FLOP *** [4s Qh 4h]
*** TURN *** [4s Qh 4h][5c]
*** RIVER *** [4s Qh 4h 5c][2d]
*** SHOW DOWN ***
MathisKcr shows [2s 8d] (Two pairs : 4 and 2)
FranzAA shows [4d 9s] (Trips of 4)
FranzAA collected 210 from pot
*** SUMMARY ***
Total pot 210 | No rake
Board: [4s Qh 4h 5c 2d]
Seat 1: FranzAA (big blind) showed [4d 9s] and won 210 with Trips of 4
Seat 3: MathisKcr (small blind) (button) showed [2s 8d] and lost with Two pairs : 4 and 2


