Winamax Poker - Tournament "Expresso Nitro" buyIn: 0.93€ + 0.07€ level: 1 - HandId: #4684007963407417345-1-1775384231 - Holdem no limit (10/20) - 2026/04/05 10:17:11 UTC
Table: 'Expresso Nitro(1090580589)#0' 3-max (real money) Seat #2 is the button
Seat 1: Clempic13 (300)
Seat 2: Vert Lampion (300)
Seat 3: MathisKcr (300)
*** ANTE/BLINDS ***
MathisKcr posts small blind 10
Clempic13 posts big blind 20
Dealt to MathisKcr [8d Jc]
*** PRE-FLOP *** 
Vert Lampion folds
MathisKcr folds
Clempic13 collected 30 from pot
*** SUMMARY ***
Total pot 30 | No rake
Seat 1: Clempic13 (big blind) won 30


Winamax Poker - Tournament "Expresso Nitro" buyIn: 0.93€ + 0.07€ level: 1 - HandId: #4684007963407417345-2-1775384239 - Holdem no limit (10/20) - 2026/04/05 10:17:19 UTC
Table: 'Expresso Nitro(1090580589)#0' 3-max (real money) Seat #3 is the button
Seat 1: Clempic13 (310)
Seat 2: Vert Lampion (300)
Seat 3: MathisKcr (290)
*** ANTE/BLINDS ***
Clempic13 posts small blind 10
Vert Lampion posts big blind 20
Dealt to MathisKcr [Qh 4c]
*** PRE-FLOP *** 
MathisKcr raises 20 to 40
Clempic13 calls 30
Vert Lampion folds
*** FLOP *** [Th 9d 8h]
Clempic13 checks
MathisKcr checks
*** TURN *** [Th 9d 8h][7c]
Clempic13 checks
MathisKcr checks
*** RIVER *** [Th 9d 8h 7c][Jh]
Clempic13 checks
MathisKcr bets 50
Clempic13 calls 50
*** SHOW DOWN ***
Clempic13 shows [2s Kc] (Straight Jack high)
MathisKcr shows [Qh 4c] (Straight Queen high)
MathisKcr collected 200 from pot
*** SUMMARY ***
Total pot 200 | No rake
Board: [Th 9d 8h 7c Jh]
Seat 1: Clempic13 (small blind) showed [2s Kc] and lost with Straight Jack high
Seat 3: MathisKcr (button) showed [Qh 4c] and won 200 with Straight Queen high


Winamax Poker - Tournament "Expresso Nitro" buyIn: 0.93€ + 0.07€ level: 2 - HandId: #4684007963407417345-3-1775384289 - Holdem no limit (15/30) - 2026/04/05 10:18:09 UTC
Table: 'Expresso Nitro(1090580589)#0' 3-max (real money) Seat #1 is the button
Seat 1: Clempic13 (220)
Seat 2: Vert Lampion (280)
Seat 3: MathisKcr (400)
*** ANTE/BLINDS ***
Vert Lampion posts small blind 15
MathisKcr posts big blind 30
Dealt to MathisKcr [9s Ts]
*** PRE-FLOP *** 
Clempic13 folds
Vert Lampion raises 250 to 280 and is all-in
MathisKcr folds
Vert Lampion collected 310 from pot
*** SUMMARY ***
Total pot 310 | No rake
Seat 2: Vert Lampion (small blind) won 310


Winamax Poker - Tournament "Expresso Nitro" buyIn: 0.93€ + 0.07€ level: 2 - HandId: #4684007963407417345-4-1775384307 - Holdem no limit (15/30) - 2026/04/05 10:18:27 UTC
Table: 'Expresso Nitro(1090580589)#0' 3-max (real money) Seat #2 is the button
Seat 1: Clempic13 (220)
Seat 2: Vert Lampion (310)
Seat 3: MathisKcr (370)
*** ANTE/BLINDS ***
MathisKcr posts small blind 15
Clempic13 posts big blind 30
Dealt to MathisKcr [Ts 2s]
*** PRE-FLOP *** 
Vert Lampion raises 280 to 310 and is all-in
MathisKcr folds
Clempic13 calls 190 and is all-in
*** FLOP *** [7c Ad 7h]
*** TURN *** [7c Ad 7h][9h]
*** RIVER *** [7c Ad 7h 9h][4c]
*** SHOW DOWN ***
Clempic13 shows [Tc 3s] (One pair : 7)
Vert Lampion shows [5s 5d] (Two pairs : 7 and 5)
Vert Lampion collected 545 from pot
*** SUMMARY ***
Total pot 545 | No rake
Board: [7c Ad 7h 9h 4c]
Seat 1: Clempic13 (big blind) showed [Tc 3s] and lost with One pair : 7
Seat 2: Vert Lampion (button) showed [5s 5d] and won 545 with Two pairs : 7 and 5


Winamax Poker - Tournament "Expresso Nitro" buyIn: 0.93€ + 0.07€ level: 2 - HandId: #4684007963407417345-5-1775384329 - Holdem no limit (15/30) - 2026/04/05 10:18:49 UTC
Table: 'Expresso Nitro(1090580589)#0' 3-max (real money) Seat #2 is the button
Seat 2: Vert Lampion (545)
Seat 3: MathisKcr (355)
*** ANTE/BLINDS ***
Vert Lampion posts small blind 15
MathisKcr posts big blind 30
Dealt to MathisKcr [Jd 3s]
*** PRE-FLOP *** 
Vert Lampion calls 15
MathisKcr checks
*** FLOP *** [Qd Kc 8d]
MathisKcr checks
Vert Lampion bets 30
MathisKcr folds
Vert Lampion collected 90 from pot
*** SUMMARY ***
Total pot 90 | No rake
Board: [Qd Kc 8d]
Seat 2: Vert Lampion (small blind) (button) won 90


Winamax Poker - Tournament "Expresso Nitro" buyIn: 0.93€ + 0.07€ level: 3 - HandId: #4684007963407417345-6-1775384355 - Holdem no limit (20/40) - 2026/04/05 10:19:15 UTC
Table: 'Expresso Nitro(1090580589)#0' 3-max (real money) Seat #3 is the button
Seat 2: Vert Lampion (575)
Seat 3: MathisKcr (325)
*** ANTE/BLINDS ***
MathisKcr posts small blind 20
Vert Lampion posts big blind 40
Dealt to MathisKcr [7d 7c]
*** PRE-FLOP *** 
MathisKcr raises 285 to 325 and is all-in
Vert Lampion folds
MathisKcr collected 365 from pot
*** SUMMARY ***
Total pot 365 | No rake
Seat 3: MathisKcr (small blind) (button) won 365


Winamax Poker - Tournament "Expresso Nitro" buyIn: 0.93€ + 0.07€ level: 3 - HandId: #4684007963407417345-7-1775384366 - Holdem no limit (20/40) - 2026/04/05 10:19:26 UTC
Table: 'Expresso Nitro(1090580589)#0' 3-max (real money) Seat #2 is the button
Seat 2: Vert Lampion (535)
Seat 3: MathisKcr (365)
*** ANTE/BLINDS ***
Vert Lampion posts small blind 20
MathisKcr posts big blind 40
Dealt to MathisKcr [2s Ac]
*** PRE-FLOP *** 
Vert Lampion calls 20
MathisKcr checks
*** FLOP *** [4d 3d 4c]
MathisKcr bets 80
Vert Lampion folds
MathisKcr collected 160 from pot
*** SUMMARY ***
Total pot 160 | No rake
Board: [4d 3d 4c]
Seat 3: MathisKcr (big blind) won 160


Winamax Poker - Tournament "Expresso Nitro" buyIn: 0.93€ + 0.07€ level: 3 - HandId: #4684007963407417345-8-1775384387 - Holdem no limit (20/40) - 2026/04/05 10:19:47 UTC
Table: 'Expresso Nitro(1090580589)#0' 3-max (real money) Seat #3 is the button
Seat 2: Vert Lampion (495)
Seat 3: MathisKcr (405)
*** ANTE/BLINDS ***
MathisKcr posts small blind 20
Vert Lampion posts big blind 40
Dealt to MathisKcr [7c Tc]
*** PRE-FLOP *** 
MathisKcr folds
Vert Lampion collected 60 from pot
*** SUMMARY ***
Total pot 60 | No rake
Seat 2: Vert Lampion (big blind) won 60


Winamax Poker - Tournament "Expresso Nitro" buyIn: 0.93€ + 0.07€ level: 3 - HandId: #4684007963407417345-9-1775384391 - Holdem no limit (20/40) - 2026/04/05 10:19:51 UTC
Table: 'Expresso Nitro(1090580589)#0' 3-max (real money) Seat #2 is the button
Seat 2: Vert Lampion (515)
Seat 3: MathisKcr (385)
*** ANTE/BLINDS ***
Vert Lampion posts small blind 20
MathisKcr posts big blind 40
Dealt to MathisKcr [3c 3h]
*** PRE-FLOP *** 
Vert Lampion raises 475 to 515 and is all-in
MathisKcr calls 345 and is all-in
*** FLOP *** [2s Js 7h]
*** TURN *** [2s Js 7h][3s]
*** RIVER *** [2s Js 7h 3s][Th]
*** SHOW DOWN ***
Vert Lampion shows [Qd 7c] (One pair : 7)
MathisKcr shows [3c 3h] (Trips of 3)
MathisKcr collected 770 from main pot
Vert Lampion collected 130 from side pot 1
*** SUMMARY ***
Total pot 900 | No rake
Board: [2s Js 7h 3s Th]
Seat 2: Vert Lampion (small blind) (button) showed [Qd 7c] and won 130 with One pair : 7
Seat 3: MathisKcr (big blind) showed [3c 3h] and won 770 with Trips of 3


Winamax Poker - Tournament "Expresso Nitro" buyIn: 0.93€ + 0.07€ level: 3 - HandId: #4684007963407417345-10-1775384407 - Holdem no limit (20/40) - 2026/04/05 10:20:07 UTC
Table: 'Expresso Nitro(1090580589)#0' 3-max (real money) Seat #3 is the button
Seat 2: Vert Lampion (130)
Seat 3: MathisKcr (770)
*** ANTE/BLINDS ***
MathisKcr posts small blind 20
Vert Lampion posts big blind 40
Dealt to MathisKcr [5c 4c]
*** PRE-FLOP *** 
MathisKcr raises 730 to 770 and is all-in
Vert Lampion folds
MathisKcr collected 810 from pot
*** SUMMARY ***
Total pot 810 | No rake
Seat 3: MathisKcr (small blind) (button) won 810


Winamax Poker - Tournament "Expresso Nitro" buyIn: 0.93€ + 0.07€ level: 4 - HandId: #4684007963407417345-11-1775384415 - Holdem no limit (30/60) - 2026/04/05 10:20:15 UTC
Table: 'Expresso Nitro(1090580589)#0' 3-max (real money) Seat #2 is the button
Seat 2: Vert Lampion (90)
Seat 3: MathisKcr (810)
*** ANTE/BLINDS ***
Vert Lampion posts small blind 30
MathisKcr posts big blind 60
Dealt to MathisKcr [8s Kd]
*** PRE-FLOP *** 
Vert Lampion raises 30 to 90 and is all-in
MathisKcr calls 30
*** FLOP *** [Jc Tc 6c]
*** TURN *** [Jc Tc 6c][6h]
*** RIVER *** [Jc Tc 6c 6h][8h]
*** SHOW DOWN ***
Vert Lampion shows [5d 2d] (One pair : 6)
MathisKcr shows [8s Kd] (Two pairs : 8 and 6)
MathisKcr collected 180 from pot
*** SUMMARY ***
Total pot 180 | No rake
Board: [Jc Tc 6c 6h 8h]
Seat 2: Vert Lampion (small blind) (button) showed [5d 2d] and lost with One pair : 6
Seat 3: MathisKcr (big blind) showed [8s Kd] and won 180 with Two pairs : 8 and 6


