Winamax Poker - Tournament "Expresso Nitro" buyIn: 0.93€ + 0.07€ level: 1 - HandId: #4610129913121341441-1-1772728970 - Holdem no limit (10/20) - 2026/03/05 16:42:50 UTC
Table: 'Expresso Nitro(1073379515)#0' 3-max (real money) Seat #3 is the button
Seat 1: Beerbro (300)
Seat 2: Lapin_Hardi9 (300)
Seat 3: MathisKcr (300)
*** ANTE/BLINDS ***
Beerbro posts small blind 10
Lapin_Hardi9 posts big blind 20
Dealt to MathisKcr [6d Ad]
*** PRE-FLOP *** 
MathisKcr raises 40 to 60
Beerbro folds
Lapin_Hardi9 calls 40
*** FLOP *** [Qh 4d 2h]
Lapin_Hardi9 checks
MathisKcr bets 46
Lapin_Hardi9 folds
MathisKcr collected 176 from pot
*** SUMMARY ***
Total pot 176 | No rake
Board: [Qh 4d 2h]
Seat 3: MathisKcr (button) won 176


Winamax Poker - Tournament "Expresso Nitro" buyIn: 0.93€ + 0.07€ level: 1 - HandId: #4610129913121341441-2-1772728988 - Holdem no limit (10/20) - 2026/03/05 16:43:08 UTC
Table: 'Expresso Nitro(1073379515)#0' 3-max (real money) Seat #1 is the button
Seat 1: Beerbro (290)
Seat 2: Lapin_Hardi9 (240)
Seat 3: MathisKcr (370)
*** ANTE/BLINDS ***
Lapin_Hardi9 posts small blind 10
MathisKcr posts big blind 20
Dealt to MathisKcr [Ks 8s]
*** PRE-FLOP *** 
Beerbro folds
Lapin_Hardi9 raises 220 to 240 and is all-in
MathisKcr folds
Lapin_Hardi9 collected 260 from pot
*** SUMMARY ***
Total pot 260 | No rake
Seat 2: Lapin_Hardi9 (small blind) won 260


Winamax Poker - Tournament "Expresso Nitro" buyIn: 0.93€ + 0.07€ level: 1 - HandId: #4610129913121341441-3-1772729002 - Holdem no limit (10/20) - 2026/03/05 16:43:22 UTC
Table: 'Expresso Nitro(1073379515)#0' 3-max (real money) Seat #2 is the button
Seat 1: Beerbro (290)
Seat 2: Lapin_Hardi9 (260)
Seat 3: MathisKcr (350)
*** ANTE/BLINDS ***
MathisKcr posts small blind 10
Beerbro posts big blind 20
Dealt to MathisKcr [7d 3d]
*** PRE-FLOP *** 
Lapin_Hardi9 folds
MathisKcr calls 10
Beerbro raises 30 to 50
MathisKcr folds
Beerbro collected 70 from pot
*** SUMMARY ***
Total pot 70 | No rake
Seat 1: Beerbro (big blind) won 70


Winamax Poker - Tournament "Expresso Nitro" buyIn: 0.93€ + 0.07€ level: 1 - HandId: #4610129913121341441-4-1772729012 - Holdem no limit (10/20) - 2026/03/05 16:43:32 UTC
Table: 'Expresso Nitro(1073379515)#0' 3-max (real money) Seat #3 is the button
Seat 1: Beerbro (310)
Seat 2: Lapin_Hardi9 (260)
Seat 3: MathisKcr (330)
*** ANTE/BLINDS ***
Beerbro posts small blind 10
Lapin_Hardi9 posts big blind 20
Dealt to MathisKcr [Ks Th]
*** PRE-FLOP *** 
MathisKcr raises 40 to 60
Beerbro folds
Lapin_Hardi9 folds
MathisKcr collected 90 from pot
*** SUMMARY ***
Total pot 90 | No rake
Seat 3: MathisKcr (button) won 90


Winamax Poker - Tournament "Expresso Nitro" buyIn: 0.93€ + 0.07€ level: 1 - HandId: #4610129913121341441-5-1772729023 - Holdem no limit (10/20) - 2026/03/05 16:43:43 UTC
Table: 'Expresso Nitro(1073379515)#0' 3-max (real money) Seat #1 is the button
Seat 1: Beerbro (300)
Seat 2: Lapin_Hardi9 (240)
Seat 3: MathisKcr (360)
*** ANTE/BLINDS ***
Lapin_Hardi9 posts small blind 10
MathisKcr posts big blind 20
Dealt to MathisKcr [Qc 4s]
*** PRE-FLOP *** 
Beerbro folds
Lapin_Hardi9 raises 220 to 240 and is all-in
MathisKcr folds
Lapin_Hardi9 collected 260 from pot
*** SUMMARY ***
Total pot 260 | No rake
Seat 2: Lapin_Hardi9 (small blind) won 260


Winamax Poker - Tournament "Expresso Nitro" buyIn: 0.93€ + 0.07€ level: 2 - HandId: #4610129913121341441-6-1772729029 - Holdem no limit (15/30) - 2026/03/05 16:43:49 UTC
Table: 'Expresso Nitro(1073379515)#0' 3-max (real money) Seat #2 is the button
Seat 1: Beerbro (300)
Seat 2: Lapin_Hardi9 (260)
Seat 3: MathisKcr (340)
*** ANTE/BLINDS ***
MathisKcr posts small blind 15
Beerbro posts big blind 30
Dealt to MathisKcr [Kd 8s]
*** PRE-FLOP *** 
Lapin_Hardi9 folds
MathisKcr raises 310 to 340 and is all-in
Beerbro folds
MathisKcr collected 370 from pot
*** SUMMARY ***
Total pot 370 | No rake
Seat 3: MathisKcr (small blind) won 370


Winamax Poker - Tournament "Expresso Nitro" buyIn: 0.93€ + 0.07€ level: 2 - HandId: #4610129913121341441-7-1772729040 - Holdem no limit (15/30) - 2026/03/05 16:44:00 UTC
Table: 'Expresso Nitro(1073379515)#0' 3-max (real money) Seat #3 is the button
Seat 1: Beerbro (270)
Seat 2: Lapin_Hardi9 (260)
Seat 3: MathisKcr (370)
*** ANTE/BLINDS ***
Beerbro posts small blind 15
Lapin_Hardi9 posts big blind 30
Dealt to MathisKcr [Jc 4s]
*** PRE-FLOP *** 
MathisKcr folds
Beerbro calls 15
Lapin_Hardi9 checks
*** FLOP *** [Qc 6c Kc]
Beerbro checks
Lapin_Hardi9 checks
*** TURN *** [Qc 6c Kc][Tc]
Beerbro bets 30
Lapin_Hardi9 calls 30
*** RIVER *** [Qc 6c Kc Tc][2d]
Beerbro checks
Lapin_Hardi9 bets 200 and is all-in
Beerbro folds
Lapin_Hardi9 collected 320 from pot
*** SUMMARY ***
Total pot 320 | No rake
Board: [Qc 6c Kc Tc 2d]
Seat 2: Lapin_Hardi9 (big blind) won 320


Winamax Poker - Tournament "Expresso Nitro" buyIn: 0.93€ + 0.07€ level: 2 - HandId: #4610129913121341441-8-1772729066 - Holdem no limit (15/30) - 2026/03/05 16:44:26 UTC
Table: 'Expresso Nitro(1073379515)#0' 3-max (real money) Seat #1 is the button
Seat 1: Beerbro (210)
Seat 2: Lapin_Hardi9 (320)
Seat 3: MathisKcr (370)
*** ANTE/BLINDS ***
Lapin_Hardi9 posts small blind 15
MathisKcr posts big blind 30
Dealt to MathisKcr [Qc 7c]
*** PRE-FLOP *** 
Beerbro raises 180 to 210 and is all-in
Lapin_Hardi9 folds
MathisKcr folds
Beerbro collected 255 from pot
*** SUMMARY ***
Total pot 255 | No rake
Seat 1: Beerbro (button) won 255


Winamax Poker - Tournament "Expresso Nitro" buyIn: 0.93€ + 0.07€ level: 2 - HandId: #4610129913121341441-9-1772729074 - Holdem no limit (15/30) - 2026/03/05 16:44:34 UTC
Table: 'Expresso Nitro(1073379515)#0' 3-max (real money) Seat #2 is the button
Seat 1: Beerbro (255)
Seat 2: Lapin_Hardi9 (305)
Seat 3: MathisKcr (340)
*** ANTE/BLINDS ***
MathisKcr posts small blind 15
Beerbro posts big blind 30
Dealt to MathisKcr [2c Qd]
*** PRE-FLOP *** 
Lapin_Hardi9 folds
MathisKcr calls 15
Beerbro raises 225 to 255 and is all-in
MathisKcr folds
Beerbro collected 285 from pot
*** SUMMARY ***
Total pot 285 | No rake
Seat 1: Beerbro (big blind) won 285


Winamax Poker - Tournament "Expresso Nitro" buyIn: 0.93€ + 0.07€ level: 2 - HandId: #4610129913121341441-10-1772729084 - Holdem no limit (15/30) - 2026/03/05 16:44:44 UTC
Table: 'Expresso Nitro(1073379515)#0' 3-max (real money) Seat #3 is the button
Seat 1: Beerbro (285)
Seat 2: Lapin_Hardi9 (305)
Seat 3: MathisKcr (310)
*** ANTE/BLINDS ***
Beerbro posts small blind 15
Lapin_Hardi9 posts big blind 30
Dealt to MathisKcr [7h Qc]
*** PRE-FLOP *** 
MathisKcr calls 30
Beerbro folds
Lapin_Hardi9 raises 275 to 305 and is all-in
MathisKcr folds
Lapin_Hardi9 collected 350 from pot
*** SUMMARY ***
Total pot 350 | No rake
Seat 2: Lapin_Hardi9 (big blind) won 350


Winamax Poker - Tournament "Expresso Nitro" buyIn: 0.93€ + 0.07€ level: 3 - HandId: #4610129913121341441-11-1772729101 - Holdem no limit (20/40) - 2026/03/05 16:45:01 UTC
Table: 'Expresso Nitro(1073379515)#0' 3-max (real money) Seat #1 is the button
Seat 1: Beerbro (270)
Seat 2: Lapin_Hardi9 (350)
Seat 3: MathisKcr (280)
*** ANTE/BLINDS ***
Lapin_Hardi9 posts small blind 20
MathisKcr posts big blind 40
Dealt to MathisKcr [Qs Qd]
*** PRE-FLOP *** 
Beerbro raises 230 to 270 and is all-in
Lapin_Hardi9 raises 80 to 350 and is all-in
MathisKcr calls 240 and is all-in
*** FLOP *** [Jd 2h 3h]
*** TURN *** [Jd 2h 3h][Js]
*** RIVER *** [Jd 2h 3h Js][8c]
*** SHOW DOWN ***
Beerbro shows [Ks 8s] (Two pairs : Jacks and 8)
Lapin_Hardi9 shows [3d Ac] (Two pairs : Jacks and 3)
MathisKcr shows [Qs Qd] (Two pairs : Queens and Jacks)
MathisKcr collected 830 from main pot
Lapin_Hardi9 collected 70 from side pot 1
*** SUMMARY ***
Total pot 900 | No rake
Board: [Jd 2h 3h Js 8c]
Seat 1: Beerbro (button) showed [Ks 8s] and lost with Two pairs : Jacks and 8
Seat 2: Lapin_Hardi9 (small blind) showed [3d Ac] and won 70 with Two pairs : Jacks and 3
Seat 3: MathisKcr (big blind) showed [Qs Qd] and won 830 with Two pairs : Queens and Jacks


Winamax Poker - Tournament "Expresso Nitro" buyIn: 0.93€ + 0.07€ level: 3 - HandId: #4610129913121341441-12-1772729115 - Holdem no limit (20/40) - 2026/03/05 16:45:15 UTC
Table: 'Expresso Nitro(1073379515)#0' 3-max (real money) Seat #3 is the button
Seat 2: Lapin_Hardi9 (70)
Seat 3: MathisKcr (830)
*** ANTE/BLINDS ***
MathisKcr posts small blind 20
Lapin_Hardi9 posts big blind 40
Dealt to MathisKcr [6d 3c]
*** PRE-FLOP *** 
MathisKcr raises 790 to 830 and is all-in
Lapin_Hardi9 calls 30 and is all-in
*** FLOP *** [Qs 5h Jd]
*** TURN *** [Qs 5h Jd][6s]
*** RIVER *** [Qs 5h Jd 6s][Kc]
*** SHOW DOWN ***
Lapin_Hardi9 shows [2d 7c] (High card : King)
MathisKcr shows [6d 3c] (One pair : 6)
MathisKcr collected 900 from pot
*** SUMMARY ***
Total pot 900 | No rake
Board: [Qs 5h Jd 6s Kc]
Seat 2: Lapin_Hardi9 (big blind) showed [2d 7c] and lost with High card : King
Seat 3: MathisKcr (small blind) (button) showed [6d 3c] and won 900 with One pair : 6


