Winamax Poker - Tournament "Expresso Nitro" buyIn: 0.93€ + 0.07€ level: 1 - HandId: #4668185492867514369-1-1774783833 - Holdem no limit (10/20) - 2026/03/29 11:30:33 UTC
Table: 'Expresso Nitro(1086896633)#0' 3-max (real money) Seat #3 is the button
Seat 1: MathisKcr (300)
Seat 2: Ogre_1267633 (300)
Seat 3: CatCurry14 (300)
*** ANTE/BLINDS ***
MathisKcr posts small blind 10
Ogre_1267633 posts big blind 20
Dealt to MathisKcr [Ad Kh]
*** PRE-FLOP *** 
CatCurry14 folds
MathisKcr raises 280 to 300 and is all-in
Ogre_1267633 folds
MathisKcr collected 320 from pot
*** SUMMARY ***
Total pot 320 | No rake
Seat 1: MathisKcr (small blind) won 320


Winamax Poker - Tournament "Expresso Nitro" buyIn: 0.93€ + 0.07€ level: 1 - HandId: #4668185492867514369-2-1774783846 - Holdem no limit (10/20) - 2026/03/29 11:30:46 UTC
Table: 'Expresso Nitro(1086896633)#0' 3-max (real money) Seat #1 is the button
Seat 1: MathisKcr (320)
Seat 2: Ogre_1267633 (280)
Seat 3: CatCurry14 (300)
*** ANTE/BLINDS ***
Ogre_1267633 posts small blind 10
CatCurry14 posts big blind 20
Dealt to MathisKcr [Ks Ad]
*** PRE-FLOP *** 
MathisKcr raises 300 to 320 and is all-in
Ogre_1267633 folds
CatCurry14 folds
MathisKcr collected 350 from pot
*** SUMMARY ***
Total pot 350 | No rake
Seat 1: MathisKcr (button) won 350


Winamax Poker - Tournament "Expresso Nitro" buyIn: 0.93€ + 0.07€ level: 1 - HandId: #4668185492867514369-3-1774783857 - Holdem no limit (10/20) - 2026/03/29 11:30:57 UTC
Table: 'Expresso Nitro(1086896633)#0' 3-max (real money) Seat #2 is the button
Seat 1: MathisKcr (350)
Seat 2: Ogre_1267633 (270)
Seat 3: CatCurry14 (280)
*** ANTE/BLINDS ***
CatCurry14 posts small blind 10
MathisKcr posts big blind 20
Dealt to MathisKcr [5s 4c]
*** PRE-FLOP *** 
Ogre_1267633 folds
CatCurry14 raises 260 to 280 and is all-in
MathisKcr folds
CatCurry14 collected 300 from pot
*** SUMMARY ***
Total pot 300 | No rake
Seat 3: CatCurry14 (small blind) won 300


Winamax Poker - Tournament "Expresso Nitro" buyIn: 0.93€ + 0.07€ level: 1 - HandId: #4668185492867514369-4-1774783876 - Holdem no limit (10/20) - 2026/03/29 11:31:16 UTC
Table: 'Expresso Nitro(1086896633)#0' 3-max (real money) Seat #3 is the button
Seat 1: MathisKcr (330)
Seat 2: Ogre_1267633 (270)
Seat 3: CatCurry14 (300)
*** ANTE/BLINDS ***
MathisKcr posts small blind 10
Ogre_1267633 posts big blind 20
Dealt to MathisKcr [2d 9s]
*** PRE-FLOP *** 
CatCurry14 folds
MathisKcr folds
Ogre_1267633 collected 30 from pot
*** SUMMARY ***
Total pot 30 | No rake
Seat 2: Ogre_1267633 (big blind) won 30


Winamax Poker - Tournament "Expresso Nitro" buyIn: 0.93€ + 0.07€ level: 1 - HandId: #4668185492867514369-5-1774783885 - Holdem no limit (10/20) - 2026/03/29 11:31:25 UTC
Table: 'Expresso Nitro(1086896633)#0' 3-max (real money) Seat #1 is the button
Seat 1: MathisKcr (320)
Seat 2: Ogre_1267633 (280)
Seat 3: CatCurry14 (300)
*** ANTE/BLINDS ***
Ogre_1267633 posts small blind 10
CatCurry14 posts big blind 20
Dealt to MathisKcr [As 3d]
*** PRE-FLOP *** 
MathisKcr raises 300 to 320 and is all-in
Ogre_1267633 folds
CatCurry14 folds
MathisKcr collected 350 from pot
*** SUMMARY ***
Total pot 350 | No rake
Seat 1: MathisKcr (button) won 350


Winamax Poker - Tournament "Expresso Nitro" buyIn: 0.93€ + 0.07€ level: 2 - HandId: #4668185492867514369-6-1774783895 - Holdem no limit (15/30) - 2026/03/29 11:31:35 UTC
Table: 'Expresso Nitro(1086896633)#0' 3-max (real money) Seat #2 is the button
Seat 1: MathisKcr (350)
Seat 2: Ogre_1267633 (270)
Seat 3: CatCurry14 (280)
*** ANTE/BLINDS ***
CatCurry14 posts small blind 15
MathisKcr posts big blind 30
Dealt to MathisKcr [Td 7s]
*** PRE-FLOP *** 
Ogre_1267633 folds
CatCurry14 folds
MathisKcr collected 45 from pot
*** SUMMARY ***
Total pot 45 | No rake
Seat 1: MathisKcr (big blind) won 45


Winamax Poker - Tournament "Expresso Nitro" buyIn: 0.93€ + 0.07€ level: 2 - HandId: #4668185492867514369-7-1774783902 - Holdem no limit (15/30) - 2026/03/29 11:31:42 UTC
Table: 'Expresso Nitro(1086896633)#0' 3-max (real money) Seat #3 is the button
Seat 1: MathisKcr (365)
Seat 2: Ogre_1267633 (270)
Seat 3: CatCurry14 (265)
*** ANTE/BLINDS ***
MathisKcr posts small blind 15
Ogre_1267633 posts big blind 30
Dealt to MathisKcr [3d 3c]
*** PRE-FLOP *** 
CatCurry14 folds
MathisKcr raises 335 to 365 and is all-in
Ogre_1267633 folds
MathisKcr collected 395 from pot
*** SUMMARY ***
Total pot 395 | No rake
Seat 1: MathisKcr (small blind) won 395


Winamax Poker - Tournament "Expresso Nitro" buyIn: 0.93€ + 0.07€ level: 2 - HandId: #4668185492867514369-8-1774783913 - Holdem no limit (15/30) - 2026/03/29 11:31:53 UTC
Table: 'Expresso Nitro(1086896633)#0' 3-max (real money) Seat #1 is the button
Seat 1: MathisKcr (395)
Seat 2: Ogre_1267633 (240)
Seat 3: CatCurry14 (265)
*** ANTE/BLINDS ***
Ogre_1267633 posts small blind 15
CatCurry14 posts big blind 30
Dealt to MathisKcr [2c 5s]
*** PRE-FLOP *** 
MathisKcr folds
Ogre_1267633 raises 210 to 240 and is all-in
CatCurry14 folds
Ogre_1267633 collected 270 from pot
*** SUMMARY ***
Total pot 270 | No rake
Seat 2: Ogre_1267633 (small blind) won 270


Winamax Poker - Tournament "Expresso Nitro" buyIn: 0.93€ + 0.07€ level: 2 - HandId: #4668185492867514369-9-1774783926 - Holdem no limit (15/30) - 2026/03/29 11:32:06 UTC
Table: 'Expresso Nitro(1086896633)#0' 3-max (real money) Seat #2 is the button
Seat 1: MathisKcr (395)
Seat 2: Ogre_1267633 (270)
Seat 3: CatCurry14 (235)
*** ANTE/BLINDS ***
CatCurry14 posts small blind 15
MathisKcr posts big blind 30
Dealt to MathisKcr [8h 8c]
*** PRE-FLOP *** 
Ogre_1267633 raises 240 to 270 and is all-in
CatCurry14 folds
MathisKcr calls 240
*** FLOP *** [Th Ts Td]
*** TURN *** [Th Ts Td][9d]
*** RIVER *** [Th Ts Td 9d][5h]
*** SHOW DOWN ***
Ogre_1267633 shows [Ah 2c] (Trips of Tens)
MathisKcr shows [8h 8c] (Full of Tens and 8)
MathisKcr collected 555 from pot
*** SUMMARY ***
Total pot 555 | No rake
Board: [Th Ts Td 9d 5h]
Seat 1: MathisKcr (big blind) showed [8h 8c] and won 555 with Full of Tens and 8
Seat 2: Ogre_1267633 (button) showed [Ah 2c] and lost with Trips of Tens


Winamax Poker - Tournament "Expresso Nitro" buyIn: 0.93€ + 0.07€ level: 2 - HandId: #4668185492867514369-10-1774783944 - Holdem no limit (15/30) - 2026/03/29 11:32:24 UTC
Table: 'Expresso Nitro(1086896633)#0' 3-max (real money) Seat #1 is the button
Seat 1: MathisKcr (680)
Seat 3: CatCurry14 (220)
*** ANTE/BLINDS ***
MathisKcr posts small blind 15
CatCurry14 posts big blind 30
Dealt to MathisKcr [5c 9s]
*** PRE-FLOP *** 
MathisKcr folds
CatCurry14 collected 45 from pot
*** SUMMARY ***
Total pot 45 | No rake
Seat 3: CatCurry14 (big blind) won 45


Winamax Poker - Tournament "Expresso Nitro" buyIn: 0.93€ + 0.07€ level: 2 - HandId: #4668185492867514369-11-1774783949 - Holdem no limit (15/30) - 2026/03/29 11:32:29 UTC
Table: 'Expresso Nitro(1086896633)#0' 3-max (real money) Seat #3 is the button
Seat 1: MathisKcr (665)
Seat 3: CatCurry14 (235)
*** ANTE/BLINDS ***
CatCurry14 posts small blind 15
MathisKcr posts big blind 30
Dealt to MathisKcr [4c 5c]
*** PRE-FLOP *** 
CatCurry14 raises 205 to 235 and is all-in
MathisKcr folds
CatCurry14 collected 265 from pot
*** SUMMARY ***
Total pot 265 | No rake
Seat 3: CatCurry14 (small blind) (button) won 265


Winamax Poker - Tournament "Expresso Nitro" buyIn: 0.93€ + 0.07€ level: 3 - HandId: #4668185492867514369-12-1774783960 - Holdem no limit (20/40) - 2026/03/29 11:32:40 UTC
Table: 'Expresso Nitro(1086896633)#0' 3-max (real money) Seat #1 is the button
Seat 1: MathisKcr (635)
Seat 3: CatCurry14 (265)
*** ANTE/BLINDS ***
MathisKcr posts small blind 20
CatCurry14 posts big blind 40
Dealt to MathisKcr [2d 2h]
*** PRE-FLOP *** 
MathisKcr raises 595 to 635 and is all-in
CatCurry14 calls 225 and is all-in
*** FLOP *** [7s 4c Kd]
*** TURN *** [7s 4c Kd][Ks]
*** RIVER *** [7s 4c Kd Ks][3h]
*** SHOW DOWN ***
CatCurry14 shows [Ts Js] (One pair : Kings)
MathisKcr shows [2d 2h] (Two pairs : Kings and 2)
MathisKcr collected 900 from pot
*** SUMMARY ***
Total pot 900 | No rake
Board: [7s 4c Kd Ks 3h]
Seat 1: MathisKcr (small blind) (button) showed [2d 2h] and won 900 with Two pairs : Kings and 2
Seat 3: CatCurry14 (big blind) showed [Ts Js] and lost with One pair : Kings


