Winamax Poker - Tournament "Expresso Nitro" buyIn: 0.93€ + 0.07€ level: 1 - HandId: #4665992405256765441-1-1774696269 - Holdem no limit (10/20) - 2026/03/28 11:11:09 UTC
Table: 'Expresso Nitro(1086386015)#0' 3-max (real money) Seat #1 is the button
Seat 1: Flayeur_ (300)
Seat 2: CatCurry14 (300)
Seat 3: MathisKcr (300)
*** ANTE/BLINDS ***
CatCurry14 posts small blind 10
MathisKcr posts big blind 20
Dealt to MathisKcr [5s Qs]
*** PRE-FLOP *** 
Flayeur_ raises 20 to 40
CatCurry14 folds
MathisKcr calls 20
*** FLOP *** [2d Jh 4s]
MathisKcr checks
Flayeur_ bets 20
MathisKcr calls 20
*** TURN *** [2d Jh 4s][7d]
MathisKcr checks
Flayeur_ checks
*** RIVER *** [2d Jh 4s 7d][Ah]
MathisKcr checks
Flayeur_ checks
*** SHOW DOWN ***
MathisKcr shows [5s Qs] (High card : Ace)
Flayeur_ shows [Kd 9h] (High card : Ace)
Flayeur_ collected 130 from pot
*** SUMMARY ***
Total pot 130 | No rake
Board: [2d Jh 4s 7d Ah]
Seat 1: Flayeur_ (button) showed [Kd 9h] and won 130 with High card : Ace
Seat 3: MathisKcr (big blind) showed [5s Qs] and lost with High card : Ace


Winamax Poker - Tournament "Expresso Nitro" buyIn: 0.93€ + 0.07€ level: 1 - HandId: #4665992405256765441-2-1774696306 - Holdem no limit (10/20) - 2026/03/28 11:11:46 UTC
Table: 'Expresso Nitro(1086386015)#0' 3-max (real money) Seat #2 is the button
Seat 1: Flayeur_ (370)
Seat 2: CatCurry14 (290)
Seat 3: MathisKcr (240)
*** ANTE/BLINDS ***
MathisKcr posts small blind 10
Flayeur_ posts big blind 20
Dealt to MathisKcr [9c Ah]
*** PRE-FLOP *** 
CatCurry14 folds
MathisKcr raises 220 to 240 and is all-in
Flayeur_ folds
MathisKcr collected 260 from pot
*** SUMMARY ***
Total pot 260 | No rake
Seat 3: MathisKcr (small blind) won 260


Winamax Poker - Tournament "Expresso Nitro" buyIn: 0.93€ + 0.07€ level: 1 - HandId: #4665992405256765441-3-1774696318 - Holdem no limit (10/20) - 2026/03/28 11:11:58 UTC
Table: 'Expresso Nitro(1086386015)#0' 3-max (real money) Seat #3 is the button
Seat 1: Flayeur_ (350)
Seat 2: CatCurry14 (290)
Seat 3: MathisKcr (260)
*** ANTE/BLINDS ***
Flayeur_ posts small blind 10
CatCurry14 posts big blind 20
Dealt to MathisKcr [Js 4c]
*** PRE-FLOP *** 
MathisKcr folds
Flayeur_ raises 20 to 40
CatCurry14 calls 20
*** FLOP *** [6h Qh Jd]
Flayeur_ bets 20
CatCurry14 folds
Flayeur_ collected 100 from pot
*** SUMMARY ***
Total pot 100 | No rake
Board: [6h Qh Jd]
Seat 1: Flayeur_ (small blind) won 100


Winamax Poker - Tournament "Expresso Nitro" buyIn: 0.93€ + 0.07€ level: 2 - HandId: #4665992405256765441-4-1774696339 - Holdem no limit (15/30) - 2026/03/28 11:12:19 UTC
Table: 'Expresso Nitro(1086386015)#0' 3-max (real money) Seat #1 is the button
Seat 1: Flayeur_ (390)
Seat 2: CatCurry14 (250)
Seat 3: MathisKcr (260)
*** ANTE/BLINDS ***
CatCurry14 posts small blind 15
MathisKcr posts big blind 30
Dealt to MathisKcr [Kh Ad]
*** PRE-FLOP *** 
Flayeur_ folds
CatCurry14 raises 220 to 250 and is all-in
MathisKcr calls 220
*** FLOP *** [3d Jh 5d]
*** TURN *** [3d Jh 5d][Jd]
*** RIVER *** [3d Jh 5d Jd][6h]
*** SHOW DOWN ***
MathisKcr shows [Kh Ad] (One pair : Jacks)
CatCurry14 shows [As 3s] (Two pairs : Jacks and 3)
CatCurry14 collected 500 from pot
*** SUMMARY ***
Total pot 500 | No rake
Board: [3d Jh 5d Jd 6h]
Seat 2: CatCurry14 (small blind) showed [As 3s] and won 500 with Two pairs : Jacks and 3
Seat 3: MathisKcr (big blind) showed [Kh Ad] and lost with One pair : Jacks


Winamax Poker - Tournament "Expresso Nitro" buyIn: 0.93€ + 0.07€ level: 2 - HandId: #4665992405256765441-5-1774696364 - Holdem no limit (15/30) - 2026/03/28 11:12:44 UTC
Table: 'Expresso Nitro(1086386015)#0' 3-max (real money) Seat #2 is the button
Seat 1: Flayeur_ (390)
Seat 2: CatCurry14 (500)
Seat 3: MathisKcr (10)
*** ANTE/BLINDS ***
MathisKcr posts small blind 10 and is all-in
Flayeur_ posts big blind 30
Dealt to MathisKcr [7d 3s]
*** PRE-FLOP *** 
CatCurry14 calls 30
Flayeur_ checks
*** FLOP *** [Jc Ac As]
Flayeur_ checks
CatCurry14 bets 30
Flayeur_ folds
*** TURN *** [Jc Ac As][Jh]
*** RIVER *** [Jc Ac As Jh][2c]
*** SHOW DOWN ***
MathisKcr shows [7d 3s] (Two pairs : Aces and Jacks)
CatCurry14 shows [8s Kc] (Two pairs : Aces and Jacks)
CatCurry14 collected 100 from pot
*** SUMMARY ***
Total pot 100 | No rake
Board: [Jc Ac As Jh 2c]
Seat 2: CatCurry14 (button) showed [8s Kc] and won 100 with Two pairs : Aces and Jacks
Seat 3: MathisKcr (small blind) showed [7d 3s] and lost with Two pairs : Aces and Jacks


