Winamax Poker - Tournament "Expresso Nitro" buyIn: 0.93€ + 0.07€ level: 1 - HandId: #4606611166674812929-1-1772576434 - Holdem no limit (10/20) - 2026/03/03 22:20:34 UTC
Table: 'Expresso Nitro(1072560243)#0' 3-max (real money) Seat #3 is the button
Seat 1: MathisKcr (300)
Seat 2: 2beat (300)
Seat 3: To-My30 (300)
*** ANTE/BLINDS ***
MathisKcr posts small blind 10
2beat posts big blind 20
Dealt to MathisKcr [7d Ah]
*** PRE-FLOP *** 
To-My30 folds
MathisKcr raises 40 to 60
2beat calls 40
*** FLOP *** [Kc 7h 6s]
MathisKcr bets 42
2beat folds
MathisKcr collected 162 from pot
*** SUMMARY ***
Total pot 162 | No rake
Board: [Kc 7h 6s]
Seat 1: MathisKcr (small blind) won 162


Winamax Poker - Tournament "Expresso Nitro" buyIn: 0.93€ + 0.07€ level: 1 - HandId: #4606611166674812929-2-1772576463 - Holdem no limit (10/20) - 2026/03/03 22:21:03 UTC
Table: 'Expresso Nitro(1072560243)#0' 3-max (real money) Seat #1 is the button
Seat 1: MathisKcr (360)
Seat 2: 2beat (240)
Seat 3: To-My30 (300)
*** ANTE/BLINDS ***
2beat posts small blind 10
To-My30 posts big blind 20
Dealt to MathisKcr [9d Ad]
*** PRE-FLOP *** 
MathisKcr raises 40 to 60
2beat calls 50
To-My30 calls 40
*** FLOP *** [5c 7s 6c]
2beat checks
To-My30 bets 63
MathisKcr calls 63
2beat calls 63
*** TURN *** [5c 7s 6c][As]
2beat checks
To-My30 bets 177 and is all-in
MathisKcr calls 177
2beat folds
*** RIVER *** [5c 7s 6c As][2h]
*** SHOW DOWN ***
MathisKcr shows [9d Ad] (One pair : Aces)
To-My30 shows [6h Ac] (Two pairs : Aces and 6)
To-My30 collected 723 from pot
*** SUMMARY ***
Total pot 723 | No rake
Board: [5c 7s 6c As 2h]
Seat 1: MathisKcr (button) showed [9d Ad] and lost with One pair : Aces
Seat 3: To-My30 (big blind) showed [6h Ac] and won 723 with Two pairs : Aces and 6


Winamax Poker - Tournament "Expresso Nitro" buyIn: 0.93€ + 0.07€ level: 2 - HandId: #4606611166674812929-3-1772576510 - Holdem no limit (15/30) - 2026/03/03 22:21:50 UTC
Table: 'Expresso Nitro(1072560243)#0' 3-max (real money) Seat #2 is the button
Seat 1: MathisKcr (60)
Seat 2: 2beat (117)
Seat 3: To-My30 (723)
*** ANTE/BLINDS ***
To-My30 posts small blind 15
MathisKcr posts big blind 30
Dealt to MathisKcr [7d 2h]
*** PRE-FLOP *** 
2beat raises 87 to 117 and is all-in
To-My30 calls 102
MathisKcr folds
*** FLOP *** [5d Jd 2s]
*** TURN *** [5d Jd 2s][8c]
*** RIVER *** [5d Jd 2s 8c][5h]
*** SHOW DOWN ***
2beat shows [4s As] (One pair : 5)
To-My30 shows [9s 8h] (Two pairs : 8 and 5)
To-My30 collected 264 from pot
*** SUMMARY ***
Total pot 264 | No rake
Board: [5d Jd 2s 8c 5h]
Seat 2: 2beat (button) showed [4s As] and lost with One pair : 5
Seat 3: To-My30 (small blind) showed [9s 8h] and won 264 with Two pairs : 8 and 5


Winamax Poker - Tournament "Expresso Nitro" buyIn: 0.93€ + 0.07€ level: 2 - HandId: #4606611166674812929-4-1772576527 - Holdem no limit (15/30) - 2026/03/03 22:22:07 UTC
Table: 'Expresso Nitro(1072560243)#0' 3-max (real money) Seat #1 is the button
Seat 1: MathisKcr (30)
Seat 3: To-My30 (870)
*** ANTE/BLINDS ***
MathisKcr posts small blind 15
To-My30 posts big blind 30
Dealt to MathisKcr [2c 4s]
*** PRE-FLOP *** 
MathisKcr calls 15 and is all-in
*** FLOP *** [8h 9h Ad]
*** TURN *** [8h 9h Ad][Jd]
*** RIVER *** [8h 9h Ad Jd][Kh]
*** SHOW DOWN ***
MathisKcr shows [2c 4s] (High card : Ace)
To-My30 shows [6h Qs] (High card : Ace)
To-My30 collected 60 from pot
*** SUMMARY ***
Total pot 60 | No rake
Board: [8h 9h Ad Jd Kh]
Seat 1: MathisKcr (small blind) (button) showed [2c 4s] and lost with High card : Ace
Seat 3: To-My30 (big blind) showed [6h Qs] and won 60 with High card : Ace


