Winamax Poker - Tournament "Expresso Nitro" buyIn: 0.93€ + 0.07€ level: 1 - HandId: #4662135412955807745-1-1774539759 - Holdem no limit (10/20) - 2026/03/26 15:42:39 UTC
Table: 'Expresso Nitro(1085487989)#0' 3-max (real money) Seat #3 is the button
Seat 1: Triskel9 (300)
Seat 2: HoldForOnce (300)
Seat 3: MathisKcr (300)
*** ANTE/BLINDS ***
Triskel9 posts small blind 10
HoldForOnce posts big blind 20
Dealt to MathisKcr [4h 8s]
*** PRE-FLOP *** 
MathisKcr folds
Triskel9 raises 280 to 300 and is all-in
HoldForOnce folds
Triskel9 collected 320 from pot
*** SUMMARY ***
Total pot 320 | No rake
Seat 1: Triskel9 (small blind) won 320


Winamax Poker - Tournament "Expresso Nitro" buyIn: 0.93€ + 0.07€ level: 1 - HandId: #4662135412955807745-2-1774539766 - Holdem no limit (10/20) - 2026/03/26 15:42:46 UTC
Table: 'Expresso Nitro(1085487989)#0' 3-max (real money) Seat #1 is the button
Seat 1: Triskel9 (320)
Seat 2: HoldForOnce (280)
Seat 3: MathisKcr (300)
*** ANTE/BLINDS ***
HoldForOnce posts small blind 10
MathisKcr posts big blind 20
Dealt to MathisKcr [Ks 3h]
*** PRE-FLOP *** 
Triskel9 folds
HoldForOnce calls 10
MathisKcr raises 280 to 300 and is all-in
HoldForOnce folds
MathisKcr collected 320 from pot
*** SUMMARY ***
Total pot 320 | No rake
Seat 3: MathisKcr (big blind) won 320


Winamax Poker - Tournament "Expresso Nitro" buyIn: 0.93€ + 0.07€ level: 1 - HandId: #4662135412955807745-3-1774539778 - Holdem no limit (10/20) - 2026/03/26 15:42:58 UTC
Table: 'Expresso Nitro(1085487989)#0' 3-max (real money) Seat #2 is the button
Seat 1: Triskel9 (320)
Seat 2: HoldForOnce (260)
Seat 3: MathisKcr (320)
*** ANTE/BLINDS ***
MathisKcr posts small blind 10
Triskel9 posts big blind 20
Dealt to MathisKcr [9s 4d]
*** PRE-FLOP *** 
HoldForOnce folds
MathisKcr folds
Triskel9 collected 30 from pot
*** SUMMARY ***
Total pot 30 | No rake
Seat 1: Triskel9 (big blind) won 30


Winamax Poker - Tournament "Expresso Nitro" buyIn: 0.93€ + 0.07€ level: 1 - HandId: #4662135412955807745-4-1774539789 - Holdem no limit (10/20) - 2026/03/26 15:43:09 UTC
Table: 'Expresso Nitro(1085487989)#0' 3-max (real money) Seat #3 is the button
Seat 1: Triskel9 (330)
Seat 2: HoldForOnce (260)
Seat 3: MathisKcr (310)
*** ANTE/BLINDS ***
Triskel9 posts small blind 10
HoldForOnce posts big blind 20
Dealt to MathisKcr [5d 5c]
*** PRE-FLOP *** 
MathisKcr raises 290 to 310 and is all-in
Triskel9 folds
HoldForOnce folds
MathisKcr collected 340 from pot
*** SUMMARY ***
Total pot 340 | No rake
Seat 3: MathisKcr (button) won 340


Winamax Poker - Tournament "Expresso Nitro" buyIn: 0.93€ + 0.07€ level: 1 - HandId: #4662135412955807745-5-1774539802 - Holdem no limit (10/20) - 2026/03/26 15:43:22 UTC
Table: 'Expresso Nitro(1085487989)#0' 3-max (real money) Seat #1 is the button
Seat 1: Triskel9 (320)
Seat 2: HoldForOnce (240)
Seat 3: MathisKcr (340)
*** ANTE/BLINDS ***
HoldForOnce posts small blind 10
MathisKcr posts big blind 20
Dealt to MathisKcr [2h 4h]
*** PRE-FLOP *** 
Triskel9 folds
HoldForOnce folds
MathisKcr collected 30 from pot
*** SUMMARY ***
Total pot 30 | No rake
Seat 3: MathisKcr (big blind) won 30


Winamax Poker - Tournament "Expresso Nitro" buyIn: 0.93€ + 0.07€ level: 1 - HandId: #4662135412955807745-6-1774539807 - Holdem no limit (10/20) - 2026/03/26 15:43:27 UTC
Table: 'Expresso Nitro(1085487989)#0' 3-max (real money) Seat #2 is the button
Seat 1: Triskel9 (320)
Seat 2: HoldForOnce (230)
Seat 3: MathisKcr (350)
*** ANTE/BLINDS ***
MathisKcr posts small blind 10
Triskel9 posts big blind 20
Dealt to MathisKcr [As Qs]
*** PRE-FLOP *** 
HoldForOnce folds
MathisKcr raises 330 to 350 and is all-in
Triskel9 folds
MathisKcr collected 370 from pot
*** SUMMARY ***
Total pot 370 | No rake
Seat 3: MathisKcr (small blind) won 370


Winamax Poker - Tournament "Expresso Nitro" buyIn: 0.93€ + 0.07€ level: 1 - HandId: #4662135412955807745-7-1774539815 - Holdem no limit (10/20) - 2026/03/26 15:43:35 UTC
Table: 'Expresso Nitro(1085487989)#0' 3-max (real money) Seat #3 is the button
Seat 1: Triskel9 (300)
Seat 2: HoldForOnce (230)
Seat 3: MathisKcr (370)
*** ANTE/BLINDS ***
Triskel9 posts small blind 10
HoldForOnce posts big blind 20
Dealt to MathisKcr [5h 3h]
*** PRE-FLOP *** 
MathisKcr folds
Triskel9 raises 20 to 40
HoldForOnce raises 190 to 230 and is all-in
Triskel9 calls 190
*** FLOP *** [Jh 9h 6d]
*** TURN *** [Jh 9h 6d][6h]
*** RIVER *** [Jh 9h 6d 6h][6s]
*** SHOW DOWN ***
HoldForOnce shows [Td As] (Trips of 6)
Triskel9 shows [Qh Ah] (Flush Ace high)
Triskel9 collected 460 from pot
*** SUMMARY ***
Total pot 460 | No rake
Board: [Jh 9h 6d 6h 6s]
Seat 1: Triskel9 (small blind) showed [Qh Ah] and won 460 with Flush Ace high
Seat 2: HoldForOnce (big blind) showed [Td As] and lost with Trips of 6


Winamax Poker - Tournament "Expresso Nitro" buyIn: 0.93€ + 0.07€ level: 2 - HandId: #4662135412955807745-8-1774539831 - Holdem no limit (15/30) - 2026/03/26 15:43:51 UTC
Table: 'Expresso Nitro(1085487989)#0' 3-max (real money) Seat #3 is the button
Seat 1: Triskel9 (530)
Seat 3: MathisKcr (370)
*** ANTE/BLINDS ***
MathisKcr posts small blind 15
Triskel9 posts big blind 30
Dealt to MathisKcr [9d 5s]
*** PRE-FLOP *** 
MathisKcr folds
Triskel9 collected 45 from pot
*** SUMMARY ***
Total pot 45 | No rake
Seat 1: Triskel9 (big blind) won 45


Winamax Poker - Tournament "Expresso Nitro" buyIn: 0.93€ + 0.07€ level: 2 - HandId: #4662135412955807745-9-1774539835 - Holdem no limit (15/30) - 2026/03/26 15:43:55 UTC
Table: 'Expresso Nitro(1085487989)#0' 3-max (real money) Seat #1 is the button
Seat 1: Triskel9 (545)
Seat 3: MathisKcr (355)
*** ANTE/BLINDS ***
Triskel9 posts small blind 15
MathisKcr posts big blind 30
Dealt to MathisKcr [7s 3h]
*** PRE-FLOP *** 
Triskel9 folds
MathisKcr collected 45 from pot
*** SUMMARY ***
Total pot 45 | No rake
Seat 3: MathisKcr (big blind) won 45


Winamax Poker - Tournament "Expresso Nitro" buyIn: 0.93€ + 0.07€ level: 2 - HandId: #4662135412955807745-10-1774539839 - Holdem no limit (15/30) - 2026/03/26 15:43:59 UTC
Table: 'Expresso Nitro(1085487989)#0' 3-max (real money) Seat #3 is the button
Seat 1: Triskel9 (530)
Seat 3: MathisKcr (370)
*** ANTE/BLINDS ***
MathisKcr posts small blind 15
Triskel9 posts big blind 30
Dealt to MathisKcr [7s Kc]
*** PRE-FLOP *** 
MathisKcr raises 340 to 370 and is all-in
Triskel9 folds
MathisKcr collected 400 from pot
*** SUMMARY ***
Total pot 400 | No rake
Seat 3: MathisKcr (small blind) (button) won 400


Winamax Poker - Tournament "Expresso Nitro" buyIn: 0.93€ + 0.07€ level: 2 - HandId: #4662135412955807745-11-1774539846 - Holdem no limit (15/30) - 2026/03/26 15:44:06 UTC
Table: 'Expresso Nitro(1085487989)#0' 3-max (real money) Seat #1 is the button
Seat 1: Triskel9 (500)
Seat 3: MathisKcr (400)
*** ANTE/BLINDS ***
Triskel9 posts small blind 15
MathisKcr posts big blind 30
Dealt to MathisKcr [Ad 3h]
*** PRE-FLOP *** 
Triskel9 calls 15
MathisKcr raises 370 to 400 and is all-in
Triskel9 folds
MathisKcr collected 430 from pot
*** SUMMARY ***
Total pot 430 | No rake
Seat 3: MathisKcr (big blind) won 430


Winamax Poker - Tournament "Expresso Nitro" buyIn: 0.93€ + 0.07€ level: 2 - HandId: #4662135412955807745-12-1774539855 - Holdem no limit (15/30) - 2026/03/26 15:44:15 UTC
Table: 'Expresso Nitro(1085487989)#0' 3-max (real money) Seat #3 is the button
Seat 1: Triskel9 (470)
Seat 3: MathisKcr (430)
*** ANTE/BLINDS ***
MathisKcr posts small blind 15
Triskel9 posts big blind 30
Dealt to MathisKcr [2h 8d]
*** PRE-FLOP *** 
MathisKcr folds
Triskel9 collected 45 from pot
*** SUMMARY ***
Total pot 45 | No rake
Seat 1: Triskel9 (big blind) won 45


Winamax Poker - Tournament "Expresso Nitro" buyIn: 0.93€ + 0.07€ level: 2 - HandId: #4662135412955807745-13-1774539859 - Holdem no limit (15/30) - 2026/03/26 15:44:19 UTC
Table: 'Expresso Nitro(1085487989)#0' 3-max (real money) Seat #1 is the button
Seat 1: Triskel9 (485)
Seat 3: MathisKcr (415)
*** ANTE/BLINDS ***
Triskel9 posts small blind 15
MathisKcr posts big blind 30
Dealt to MathisKcr [7s 8h]
*** PRE-FLOP *** 
Triskel9 calls 15
MathisKcr checks
*** FLOP *** [2s Ks 2h]
MathisKcr checks
Triskel9 checks
*** TURN *** [2s Ks 2h][Th]
MathisKcr bets 75
Triskel9 calls 75
*** RIVER *** [2s Ks 2h Th][9s]
MathisKcr bets 310 and is all-in
Triskel9 calls 310
*** SHOW DOWN ***
Triskel9 shows [6d 8d] (One pair : 2)
MathisKcr shows [7s 8h] (One pair : 2)
MathisKcr collected 415 from pot
Triskel9 collected 415 from pot
*** SUMMARY ***
Total pot 830 | No rake
Board: [2s Ks 2h Th 9s]
Seat 1: Triskel9 (small blind) (button) showed [6d 8d] and won 415 with One pair : 2
Seat 3: MathisKcr (big blind) showed [7s 8h] and won 415 with One pair : 2


Winamax Poker - Tournament "Expresso Nitro" buyIn: 0.93€ + 0.07€ level: 3 - HandId: #4662135412955807745-14-1774539890 - Holdem no limit (20/40) - 2026/03/26 15:44:50 UTC
Table: 'Expresso Nitro(1085487989)#0' 3-max (real money) Seat #3 is the button
Seat 1: Triskel9 (485)
Seat 3: MathisKcr (415)
*** ANTE/BLINDS ***
MathisKcr posts small blind 20
Triskel9 posts big blind 40
Dealt to MathisKcr [9s Jc]
*** PRE-FLOP *** 
MathisKcr raises 375 to 415 and is all-in
Triskel9 raises 70 to 485 and is all-in
*** FLOP *** [Ac Qs Qd]
*** TURN *** [Ac Qs Qd][8h]
*** RIVER *** [Ac Qs Qd 8h][9d]
*** SHOW DOWN ***
MathisKcr shows [9s Jc] (Two pairs : Queens and 9)
Triskel9 shows [8d 8s] (Full of 8 and Queens)
Triskel9 collected 900 from pot
*** SUMMARY ***
Total pot 900 | No rake
Board: [Ac Qs Qd 8h 9d]
Seat 1: Triskel9 (big blind) showed [8d 8s] and won 900 with Full of 8 and Queens
Seat 3: MathisKcr (small blind) (button) showed [9s Jc] and lost with Two pairs : Queens and 9


