Winamax Poker - Tournament "Expresso Nitro" buyIn: 0.93€ + 0.07€ level: 1 - HandId: #4675184507148566529-1-1775053961 - Holdem no limit (10/20) - 2026/04/01 14:32:41 UTC
Table: 'Expresso Nitro(1088526218)#0' 3-max (real money) Seat #3 is the button
Seat 1: gobishbcn13 (300)
Seat 2: MathisKcr (300)
Seat 3: MarcoV69 (300)
*** ANTE/BLINDS ***
gobishbcn13 posts small blind 10
MathisKcr posts big blind 20
Dealt to MathisKcr [Ks 2h]
*** PRE-FLOP *** 
MarcoV69 folds
gobishbcn13 calls 10
MathisKcr checks
*** FLOP *** [Ah 5c 4s]
gobishbcn13 bets 20
MathisKcr folds
gobishbcn13 collected 60 from pot
*** SUMMARY ***
Total pot 60 | No rake
Board: [Ah 5c 4s]
Seat 1: gobishbcn13 (small blind) won 60


Winamax Poker - Tournament "Expresso Nitro" buyIn: 0.93€ + 0.07€ level: 1 - HandId: #4675184507148566529-2-1775053974 - Holdem no limit (10/20) - 2026/04/01 14:32:54 UTC
Table: 'Expresso Nitro(1088526218)#0' 3-max (real money) Seat #1 is the button
Seat 1: gobishbcn13 (320)
Seat 2: MathisKcr (280)
Seat 3: MarcoV69 (300)
*** ANTE/BLINDS ***
MathisKcr posts small blind 10
MarcoV69 posts big blind 20
Dealt to MathisKcr [2c 8c]
*** PRE-FLOP *** 
gobishbcn13 folds
MathisKcr folds
MarcoV69 collected 30 from pot
*** SUMMARY ***
Total pot 30 | No rake
Seat 3: MarcoV69 (big blind) won 30


Winamax Poker - Tournament "Expresso Nitro" buyIn: 0.93€ + 0.07€ level: 1 - HandId: #4675184507148566529-3-1775053983 - Holdem no limit (10/20) - 2026/04/01 14:33:03 UTC
Table: 'Expresso Nitro(1088526218)#0' 3-max (real money) Seat #2 is the button
Seat 1: gobishbcn13 (320)
Seat 2: MathisKcr (270)
Seat 3: MarcoV69 (310)
*** ANTE/BLINDS ***
MarcoV69 posts small blind 10
gobishbcn13 posts big blind 20
Dealt to MathisKcr [Kh Ad]
*** PRE-FLOP *** 
MathisKcr raises 20 to 40
MarcoV69 calls 30
gobishbcn13 calls 20
*** FLOP *** [6s 2h Ks]
MarcoV69 checks
gobishbcn13 checks
MathisKcr bets 42
MarcoV69 folds
gobishbcn13 calls 42
*** TURN *** [6s 2h Ks][7s]
gobishbcn13 bets 20
MathisKcr raises 72 to 92
gobishbcn13 calls 72
*** RIVER *** [6s 2h Ks 7s][4c]
gobishbcn13 checks
MathisKcr bets 96 and is all-in
gobishbcn13 folds
MathisKcr collected 484 from pot
*** SUMMARY ***
Total pot 484 | No rake
Board: [6s 2h Ks 7s 4c]
Seat 2: MathisKcr (button) won 484


Winamax Poker - Tournament "Expresso Nitro" buyIn: 0.93€ + 0.07€ level: 1 - HandId: #4675184507148566529-4-1775054014 - Holdem no limit (10/20) - 2026/04/01 14:33:34 UTC
Table: 'Expresso Nitro(1088526218)#0' 3-max (real money) Seat #3 is the button
Seat 1: gobishbcn13 (146)
Seat 2: MathisKcr (484)
Seat 3: MarcoV69 (270)
*** ANTE/BLINDS ***
gobishbcn13 posts small blind 10
MathisKcr posts big blind 20
Dealt to MathisKcr [Kd Ad]
*** PRE-FLOP *** 
MarcoV69 folds
gobishbcn13 raises 126 to 146 and is all-in
MathisKcr calls 126
*** FLOP *** [9s 5s 4c]
*** TURN *** [9s 5s 4c][As]
*** RIVER *** [9s 5s 4c As][8h]
*** SHOW DOWN ***
gobishbcn13 shows [4d Qd] (One pair : 4)
MathisKcr shows [Kd Ad] (One pair : Aces)
MathisKcr collected 292 from pot
*** SUMMARY ***
Total pot 292 | No rake
Board: [9s 5s 4c As 8h]
Seat 1: gobishbcn13 (small blind) showed [4d Qd] and lost with One pair : 4
Seat 2: MathisKcr (big blind) showed [Kd Ad] and won 292 with One pair : Aces


Winamax Poker - Tournament "Expresso Nitro" buyIn: 0.93€ + 0.07€ level: 2 - HandId: #4675184507148566529-5-1775054031 - Holdem no limit (15/30) - 2026/04/01 14:33:51 UTC
Table: 'Expresso Nitro(1088526218)#0' 3-max (real money) Seat #2 is the button
Seat 2: MathisKcr (630)
Seat 3: MarcoV69 (270)
*** ANTE/BLINDS ***
MathisKcr posts small blind 15
MarcoV69 posts big blind 30
Dealt to MathisKcr [Ts 5h]
*** PRE-FLOP *** 
MathisKcr folds
MarcoV69 collected 45 from pot
*** SUMMARY ***
Total pot 45 | No rake
Seat 3: MarcoV69 (big blind) won 45


Winamax Poker - Tournament "Expresso Nitro" buyIn: 0.93€ + 0.07€ level: 2 - HandId: #4675184507148566529-6-1775054035 - Holdem no limit (15/30) - 2026/04/01 14:33:55 UTC
Table: 'Expresso Nitro(1088526218)#0' 3-max (real money) Seat #3 is the button
Seat 2: MathisKcr (615)
Seat 3: MarcoV69 (285)
*** ANTE/BLINDS ***
MarcoV69 posts small blind 15
MathisKcr posts big blind 30
Dealt to MathisKcr [Qc Ad]
*** PRE-FLOP *** 
MarcoV69 calls 15
MathisKcr raises 585 to 615 and is all-in
MarcoV69 folds
MathisKcr collected 645 from pot
*** SUMMARY ***
Total pot 645 | No rake
Seat 2: MathisKcr (big blind) won 645


Winamax Poker - Tournament "Expresso Nitro" buyIn: 0.93€ + 0.07€ level: 2 - HandId: #4675184507148566529-7-1775054043 - Holdem no limit (15/30) - 2026/04/01 14:34:03 UTC
Table: 'Expresso Nitro(1088526218)#0' 3-max (real money) Seat #2 is the button
Seat 2: MathisKcr (645)
Seat 3: MarcoV69 (255)
*** ANTE/BLINDS ***
MathisKcr posts small blind 15
MarcoV69 posts big blind 30
Dealt to MathisKcr [3c Jd]
*** PRE-FLOP *** 
MathisKcr folds
MarcoV69 collected 45 from pot
*** SUMMARY ***
Total pot 45 | No rake
Seat 3: MarcoV69 (big blind) won 45


Winamax Poker - Tournament "Expresso Nitro" buyIn: 0.93€ + 0.07€ level: 2 - HandId: #4675184507148566529-8-1775054053 - Holdem no limit (15/30) - 2026/04/01 14:34:13 UTC
Table: 'Expresso Nitro(1088526218)#0' 3-max (real money) Seat #3 is the button
Seat 2: MathisKcr (630)
Seat 3: MarcoV69 (270)
*** ANTE/BLINDS ***
MarcoV69 posts small blind 15
MathisKcr posts big blind 30
Dealt to MathisKcr [8d 3c]
*** PRE-FLOP *** 
MarcoV69 calls 15
MathisKcr checks
*** FLOP *** [4c Jd 5c]
MathisKcr checks
MarcoV69 checks
*** TURN *** [4c Jd 5c][4d]
MathisKcr checks
MarcoV69 checks
*** RIVER *** [4c Jd 5c 4d][8h]
MathisKcr bets 39
MarcoV69 folds
MathisKcr collected 99 from pot
*** SUMMARY ***
Total pot 99 | No rake
Board: [4c Jd 5c 4d 8h]
Seat 2: MathisKcr (big blind) won 99


Winamax Poker - Tournament "Expresso Nitro" buyIn: 0.93€ + 0.07€ level: 3 - HandId: #4675184507148566529-9-1775054087 - Holdem no limit (20/40) - 2026/04/01 14:34:47 UTC
Table: 'Expresso Nitro(1088526218)#0' 3-max (real money) Seat #2 is the button
Seat 2: MathisKcr (660)
Seat 3: MarcoV69 (240)
*** ANTE/BLINDS ***
MathisKcr posts small blind 20
MarcoV69 posts big blind 40
Dealt to MathisKcr [4h 5s]
*** PRE-FLOP *** 
MathisKcr folds
MarcoV69 collected 60 from pot
*** SUMMARY ***
Total pot 60 | No rake
Seat 3: MarcoV69 (big blind) won 60


Winamax Poker - Tournament "Expresso Nitro" buyIn: 0.93€ + 0.07€ level: 3 - HandId: #4675184507148566529-10-1775054095 - Holdem no limit (20/40) - 2026/04/01 14:34:55 UTC
Table: 'Expresso Nitro(1088526218)#0' 3-max (real money) Seat #3 is the button
Seat 2: MathisKcr (640)
Seat 3: MarcoV69 (260)
*** ANTE/BLINDS ***
MarcoV69 posts small blind 20
MathisKcr posts big blind 40
Dealt to MathisKcr [9s 5d]
*** PRE-FLOP *** 
MarcoV69 calls 20
MathisKcr checks
*** FLOP *** [2s Jh 7h]
MathisKcr checks
MarcoV69 bets 52
MathisKcr folds
MarcoV69 collected 132 from pot
*** SUMMARY ***
Total pot 132 | No rake
Board: [2s Jh 7h]
Seat 3: MarcoV69 (small blind) (button) won 132


Winamax Poker - Tournament "Expresso Nitro" buyIn: 0.93€ + 0.07€ level: 3 - HandId: #4675184507148566529-11-1775054107 - Holdem no limit (20/40) - 2026/04/01 14:35:07 UTC
Table: 'Expresso Nitro(1088526218)#0' 3-max (real money) Seat #2 is the button
Seat 2: MathisKcr (600)
Seat 3: MarcoV69 (300)
*** ANTE/BLINDS ***
MathisKcr posts small blind 20
MarcoV69 posts big blind 40
Dealt to MathisKcr [Th Ah]
*** PRE-FLOP *** 
MathisKcr raises 560 to 600 and is all-in
MarcoV69 folds
MathisKcr collected 640 from pot
*** SUMMARY ***
Total pot 640 | No rake
Seat 2: MathisKcr (small blind) (button) won 640


Winamax Poker - Tournament "Expresso Nitro" buyIn: 0.93€ + 0.07€ level: 3 - HandId: #4675184507148566529-12-1775054114 - Holdem no limit (20/40) - 2026/04/01 14:35:14 UTC
Table: 'Expresso Nitro(1088526218)#0' 3-max (real money) Seat #3 is the button
Seat 2: MathisKcr (640)
Seat 3: MarcoV69 (260)
*** ANTE/BLINDS ***
MarcoV69 posts small blind 20
MathisKcr posts big blind 40
Dealt to MathisKcr [7c Ah]
*** PRE-FLOP *** 
MarcoV69 calls 20
MathisKcr raises 600 to 640 and is all-in
MarcoV69 calls 220 and is all-in
*** FLOP *** [7s 5d Jc]
*** TURN *** [7s 5d Jc][2s]
*** RIVER *** [7s 5d Jc 2s][Kd]
*** SHOW DOWN ***
MathisKcr shows [7c Ah] (One pair : 7)
MarcoV69 shows [9s Jd] (One pair : Jacks)
MarcoV69 collected 520 from main pot
MathisKcr collected 380 from side pot 1
*** SUMMARY ***
Total pot 900 | No rake
Board: [7s 5d Jc 2s Kd]
Seat 2: MathisKcr (big blind) showed [7c Ah] and won 380 with One pair : 7
Seat 3: MarcoV69 (small blind) (button) showed [9s Jd] and won 520 with One pair : Jacks


Winamax Poker - Tournament "Expresso Nitro" buyIn: 0.93€ + 0.07€ level: 3 - HandId: #4675184507148566529-13-1775054128 - Holdem no limit (20/40) - 2026/04/01 14:35:28 UTC
Table: 'Expresso Nitro(1088526218)#0' 3-max (real money) Seat #2 is the button
Seat 2: MathisKcr (380)
Seat 3: MarcoV69 (520)
*** ANTE/BLINDS ***
MathisKcr posts small blind 20
MarcoV69 posts big blind 40
Dealt to MathisKcr [Ad 4c]
*** PRE-FLOP *** 
MathisKcr raises 340 to 380 and is all-in
MarcoV69 folds
MathisKcr collected 420 from pot
*** SUMMARY ***
Total pot 420 | No rake
Seat 2: MathisKcr (small blind) (button) won 420


Winamax Poker - Tournament "Expresso Nitro" buyIn: 0.93€ + 0.07€ level: 4 - HandId: #4675184507148566529-14-1775054141 - Holdem no limit (30/60) - 2026/04/01 14:35:41 UTC
Table: 'Expresso Nitro(1088526218)#0' 3-max (real money) Seat #3 is the button
Seat 2: MathisKcr (420)
Seat 3: MarcoV69 (480)
*** ANTE/BLINDS ***
MarcoV69 posts small blind 30
MathisKcr posts big blind 60
Dealt to MathisKcr [Qc Ac]
*** PRE-FLOP *** 
MarcoV69 calls 30
MathisKcr raises 360 to 420 and is all-in
MarcoV69 folds
MathisKcr collected 480 from pot
*** SUMMARY ***
Total pot 480 | No rake
Seat 2: MathisKcr (big blind) won 480


Winamax Poker - Tournament "Expresso Nitro" buyIn: 0.93€ + 0.07€ level: 4 - HandId: #4675184507148566529-15-1775054148 - Holdem no limit (30/60) - 2026/04/01 14:35:48 UTC
Table: 'Expresso Nitro(1088526218)#0' 3-max (real money) Seat #2 is the button
Seat 2: MathisKcr (480)
Seat 3: MarcoV69 (420)
*** ANTE/BLINDS ***
MathisKcr posts small blind 30
MarcoV69 posts big blind 60
Dealt to MathisKcr [8h Ac]
*** PRE-FLOP *** 
MathisKcr raises 420 to 480 and is all-in
MarcoV69 folds
MathisKcr collected 540 from pot
*** SUMMARY ***
Total pot 540 | No rake
Seat 2: MathisKcr (small blind) (button) won 540


Winamax Poker - Tournament "Expresso Nitro" buyIn: 0.93€ + 0.07€ level: 4 - HandId: #4675184507148566529-16-1775054156 - Holdem no limit (30/60) - 2026/04/01 14:35:56 UTC
Table: 'Expresso Nitro(1088526218)#0' 3-max (real money) Seat #3 is the button
Seat 2: MathisKcr (540)
Seat 3: MarcoV69 (360)
*** ANTE/BLINDS ***
MarcoV69 posts small blind 30
MathisKcr posts big blind 60
Dealt to MathisKcr [7c Ts]
*** PRE-FLOP *** 
MarcoV69 calls 30
MathisKcr checks
*** FLOP *** [Kd 3s 3c]
MathisKcr checks
MarcoV69 bets 60
MathisKcr folds
MarcoV69 collected 180 from pot
*** SUMMARY ***
Total pot 180 | No rake
Board: [Kd 3s 3c]
Seat 3: MarcoV69 (small blind) (button) won 180


Winamax Poker - Tournament "Expresso Nitro" buyIn: 0.93€ + 0.07€ level: 4 - HandId: #4675184507148566529-17-1775054182 - Holdem no limit (30/60) - 2026/04/01 14:36:22 UTC
Table: 'Expresso Nitro(1088526218)#0' 3-max (real money) Seat #2 is the button
Seat 2: MathisKcr (480)
Seat 3: MarcoV69 (420)
*** ANTE/BLINDS ***
MathisKcr posts small blind 30
MarcoV69 posts big blind 60
Dealt to MathisKcr [Ts 7s]
*** PRE-FLOP *** 
MathisKcr calls 30
MarcoV69 raises 360 to 420 and is all-in
MathisKcr folds
MarcoV69 collected 480 from pot
*** SUMMARY ***
Total pot 480 | No rake
Seat 3: MarcoV69 (big blind) won 480


Winamax Poker - Tournament "Expresso Nitro" buyIn: 0.93€ + 0.07€ level: 4 - HandId: #4675184507148566529-18-1775054194 - Holdem no limit (30/60) - 2026/04/01 14:36:34 UTC
Table: 'Expresso Nitro(1088526218)#0' 3-max (real money) Seat #3 is the button
Seat 2: MathisKcr (420)
Seat 3: MarcoV69 (480)
*** ANTE/BLINDS ***
MarcoV69 posts small blind 30
MathisKcr posts big blind 60
Dealt to MathisKcr [Jc 4c]
*** PRE-FLOP *** 
MarcoV69 calls 30
MathisKcr raises 360 to 420 and is all-in
MarcoV69 folds
MathisKcr collected 480 from pot
*** SUMMARY ***
Total pot 480 | No rake
Seat 2: MathisKcr (big blind) won 480


Winamax Poker - Tournament "Expresso Nitro" buyIn: 0.93€ + 0.07€ level: 5 - HandId: #4675184507148566529-19-1775054201 - Holdem no limit (40/80) - 2026/04/01 14:36:41 UTC
Table: 'Expresso Nitro(1088526218)#0' 3-max (real money) Seat #2 is the button
Seat 2: MathisKcr (480)
Seat 3: MarcoV69 (420)
*** ANTE/BLINDS ***
MathisKcr posts small blind 40
MarcoV69 posts big blind 80
Dealt to MathisKcr [Kd As]
*** PRE-FLOP *** 
MathisKcr calls 40
MarcoV69 checks
*** FLOP *** [2d 7c Ah]
MarcoV69 bets 80
MathisKcr calls 80
*** TURN *** [2d 7c Ah][Th]
MarcoV69 checks
MathisKcr bets 160
MarcoV69 raises 100 to 260 and is all-in
MathisKcr calls 100
*** RIVER *** [2d 7c Ah Th][6h]
*** SHOW DOWN ***
MarcoV69 shows [3s 7d] (One pair : 7)
MathisKcr shows [Kd As] (One pair : Aces)
MathisKcr collected 840 from pot
*** SUMMARY ***
Total pot 840 | No rake
Board: [2d 7c Ah Th 6h]
Seat 2: MathisKcr (small blind) (button) showed [Kd As] and won 840 with One pair : Aces
Seat 3: MarcoV69 (big blind) showed [3s 7d] and lost with One pair : 7


