Winamax Poker - Tournament "Expresso Nitro" buyIn: 0.93€ + 0.07€ level: 1 - HandId: #4693226363383971841-1-1775724040 - Holdem no limit (10/20) - 2026/04/09 08:40:40 UTC
Table: 'Expresso Nitro(1092726915)#0' 3-max (real money) Seat #3 is the button
Seat 1: tchoc (300)
Seat 2: remi-142 (300)
Seat 3: MathisKcr (300)
*** ANTE/BLINDS ***
tchoc posts small blind 10
remi-142 posts big blind 20
Dealt to MathisKcr [3c 6c]
*** PRE-FLOP *** 
MathisKcr folds
tchoc raises 20 to 40
remi-142 calls 20
*** FLOP *** [5d 2h Kh]
tchoc bets 20
remi-142 folds
tchoc collected 100 from pot
*** SUMMARY ***
Total pot 100 | No rake
Board: [5d 2h Kh]
Seat 1: tchoc (small blind) won 100


Winamax Poker - Tournament "Expresso Nitro" buyIn: 0.93€ + 0.07€ level: 1 - HandId: #4693226363383971841-2-1775724055 - Holdem no limit (10/20) - 2026/04/09 08:40:55 UTC
Table: 'Expresso Nitro(1092726915)#0' 3-max (real money) Seat #1 is the button
Seat 1: tchoc (340)
Seat 2: remi-142 (260)
Seat 3: MathisKcr (300)
*** ANTE/BLINDS ***
remi-142 posts small blind 10
MathisKcr posts big blind 20
Dealt to MathisKcr [Jd Ac]
*** PRE-FLOP *** 
tchoc folds
remi-142 folds
MathisKcr collected 30 from pot
*** SUMMARY ***
Total pot 30 | No rake
Seat 3: MathisKcr (big blind) won 30


Winamax Poker - Tournament "Expresso Nitro" buyIn: 0.93€ + 0.07€ level: 1 - HandId: #4693226363383971841-3-1775724067 - Holdem no limit (10/20) - 2026/04/09 08:41:07 UTC
Table: 'Expresso Nitro(1092726915)#0' 3-max (real money) Seat #2 is the button
Seat 1: tchoc (340)
Seat 2: remi-142 (250)
Seat 3: MathisKcr (310)
*** ANTE/BLINDS ***
MathisKcr posts small blind 10
tchoc posts big blind 20
Dealt to MathisKcr [6s Kc]
*** PRE-FLOP *** 
remi-142 folds
MathisKcr raises 290 to 310 and is all-in
tchoc folds
MathisKcr collected 330 from pot
*** SUMMARY ***
Total pot 330 | No rake
Seat 3: MathisKcr (small blind) won 330


Winamax Poker - Tournament "Expresso Nitro" buyIn: 0.93€ + 0.07€ level: 1 - HandId: #4693226363383971841-4-1775724075 - Holdem no limit (10/20) - 2026/04/09 08:41:15 UTC
Table: 'Expresso Nitro(1092726915)#0' 3-max (real money) Seat #3 is the button
Seat 1: tchoc (320)
Seat 2: remi-142 (250)
Seat 3: MathisKcr (330)
*** ANTE/BLINDS ***
tchoc posts small blind 10
remi-142 posts big blind 20
Dealt to MathisKcr [4h Js]
*** PRE-FLOP *** 
MathisKcr folds
tchoc calls 10
remi-142 raises 30 to 50
tchoc folds
remi-142 collected 70 from pot
*** SUMMARY ***
Total pot 70 | No rake
Seat 2: remi-142 (big blind) won 70


Winamax Poker - Tournament "Expresso Nitro" buyIn: 0.93€ + 0.07€ level: 1 - HandId: #4693226363383971841-5-1775724094 - Holdem no limit (10/20) - 2026/04/09 08:41:34 UTC
Table: 'Expresso Nitro(1092726915)#0' 3-max (real money) Seat #1 is the button
Seat 1: tchoc (300)
Seat 2: remi-142 (270)
Seat 3: MathisKcr (330)
*** ANTE/BLINDS ***
remi-142 posts small blind 10
MathisKcr posts big blind 20
Dealt to MathisKcr [6s Ks]
*** PRE-FLOP *** 
tchoc folds
remi-142 raises 30 to 50
MathisKcr calls 30
*** FLOP *** [3d Jd 4d]
remi-142 checks
MathisKcr bets 35
remi-142 calls 35
*** TURN *** [3d Jd 4d][7d]
remi-142 checks
MathisKcr bets 85
remi-142 folds
MathisKcr collected 255 from pot
*** SUMMARY ***
Total pot 255 | No rake
Board: [3d Jd 4d 7d]
Seat 3: MathisKcr (big blind) won 255


Winamax Poker - Tournament "Expresso Nitro" buyIn: 0.93€ + 0.07€ level: 2 - HandId: #4693226363383971841-6-1775724115 - Holdem no limit (15/30) - 2026/04/09 08:41:55 UTC
Table: 'Expresso Nitro(1092726915)#0' 3-max (real money) Seat #2 is the button
Seat 1: tchoc (300)
Seat 2: remi-142 (185)
Seat 3: MathisKcr (415)
*** ANTE/BLINDS ***
MathisKcr posts small blind 15
tchoc posts big blind 30
Dealt to MathisKcr [Js Qh]
*** PRE-FLOP *** 
remi-142 calls 30
MathisKcr raises 385 to 415 and is all-in
tchoc folds
remi-142 folds
MathisKcr collected 475 from pot
*** SUMMARY ***
Total pot 475 | No rake
Seat 3: MathisKcr (small blind) won 475


Winamax Poker - Tournament "Expresso Nitro" buyIn: 0.93€ + 0.07€ level: 2 - HandId: #4693226363383971841-7-1775724126 - Holdem no limit (15/30) - 2026/04/09 08:42:06 UTC
Table: 'Expresso Nitro(1092726915)#0' 3-max (real money) Seat #3 is the button
Seat 1: tchoc (270)
Seat 2: remi-142 (155)
Seat 3: MathisKcr (475)
*** ANTE/BLINDS ***
tchoc posts small blind 15
remi-142 posts big blind 30
Dealt to MathisKcr [6d 8s]
*** PRE-FLOP *** 
MathisKcr folds
tchoc raises 240 to 270 and is all-in
remi-142 calls 125 and is all-in
*** FLOP *** [As 2s 5d]
*** TURN *** [As 2s 5d][5c]
*** RIVER *** [As 2s 5d 5c][4s]
*** SHOW DOWN ***
tchoc shows [Jd 8h] (One pair : 5)
remi-142 shows [Tc Js] (One pair : 5)
remi-142 collected 310 from main pot
tchoc collected 115 from side pot 1
*** SUMMARY ***
Total pot 425 | No rake
Board: [As 2s 5d 5c 4s]
Seat 1: tchoc (small blind) showed [Jd 8h] and won 115 with One pair : 5
Seat 2: remi-142 (big blind) showed [Tc Js] and won 310 with One pair : 5


Winamax Poker - Tournament "Expresso Nitro" buyIn: 0.93€ + 0.07€ level: 2 - HandId: #4693226363383971841-8-1775724140 - Holdem no limit (15/30) - 2026/04/09 08:42:20 UTC
Table: 'Expresso Nitro(1092726915)#0' 3-max (real money) Seat #1 is the button
Seat 1: tchoc (115)
Seat 2: remi-142 (310)
Seat 3: MathisKcr (475)
*** ANTE/BLINDS ***
remi-142 posts small blind 15
MathisKcr posts big blind 30
Dealt to MathisKcr [9h 5h]
*** PRE-FLOP *** 
tchoc folds
remi-142 calls 15
MathisKcr checks
*** FLOP *** [6s 9s As]
remi-142 checks
MathisKcr bets 39
remi-142 folds
MathisKcr collected 99 from pot
*** SUMMARY ***
Total pot 99 | No rake
Board: [6s 9s As]
Seat 3: MathisKcr (big blind) won 99


Winamax Poker - Tournament "Expresso Nitro" buyIn: 0.93€ + 0.07€ level: 2 - HandId: #4693226363383971841-9-1775724153 - Holdem no limit (15/30) - 2026/04/09 08:42:33 UTC
Table: 'Expresso Nitro(1092726915)#0' 3-max (real money) Seat #2 is the button
Seat 1: tchoc (115)
Seat 2: remi-142 (280)
Seat 3: MathisKcr (505)
*** ANTE/BLINDS ***
MathisKcr posts small blind 15
tchoc posts big blind 30
Dealt to MathisKcr [9h Qs]
*** PRE-FLOP *** 
remi-142 raises 30 to 60
MathisKcr calls 45
tchoc folds
*** FLOP *** [Jd Qd 3h]
MathisKcr bets 60
remi-142 calls 60
*** TURN *** [Jd Qd 3h][2d]
MathisKcr checks
remi-142 checks
*** RIVER *** [Jd Qd 3h 2d][5c]
MathisKcr bets 176
remi-142 calls 160 and is all-in
*** SHOW DOWN ***
remi-142 shows [Th Kh] (High card : King)
MathisKcr shows [9h Qs] (One pair : Queens)
MathisKcr collected 606 from pot
*** SUMMARY ***
Total pot 606 | No rake
Board: [Jd Qd 3h 2d 5c]
Seat 2: remi-142 (button) showed [Th Kh] and lost with High card : King
Seat 3: MathisKcr (small blind) showed [9h Qs] and won 606 with One pair : Queens


Winamax Poker - Tournament "Expresso Nitro" buyIn: 0.93€ + 0.07€ level: 3 - HandId: #4693226363383971841-10-1775724186 - Holdem no limit (20/40) - 2026/04/09 08:43:06 UTC
Table: 'Expresso Nitro(1092726915)#0' 3-max (real money) Seat #1 is the button
Seat 1: tchoc (85)
Seat 3: MathisKcr (815)
*** ANTE/BLINDS ***
tchoc posts small blind 20
MathisKcr posts big blind 40
Dealt to MathisKcr [7d 6s]
*** PRE-FLOP *** 
tchoc raises 45 to 85 and is all-in
MathisKcr calls 45
*** FLOP *** [Tc 9h 7c]
*** TURN *** [Tc 9h 7c][5c]
*** RIVER *** [Tc 9h 7c 5c][8s]
*** SHOW DOWN ***
MathisKcr shows [7d 6s] (Straight Ten high)
tchoc shows [7h Jd] (Straight Jack high)
tchoc collected 170 from pot
*** SUMMARY ***
Total pot 170 | No rake
Board: [Tc 9h 7c 5c 8s]
Seat 1: tchoc (small blind) (button) showed [7h Jd] and won 170 with Straight Jack high
Seat 3: MathisKcr (big blind) showed [7d 6s] and lost with Straight Ten high


Winamax Poker - Tournament "Expresso Nitro" buyIn: 0.93€ + 0.07€ level: 3 - HandId: #4693226363383971841-11-1775724197 - Holdem no limit (20/40) - 2026/04/09 08:43:17 UTC
Table: 'Expresso Nitro(1092726915)#0' 3-max (real money) Seat #3 is the button
Seat 1: tchoc (170)
Seat 3: MathisKcr (730)
*** ANTE/BLINDS ***
MathisKcr posts small blind 20
tchoc posts big blind 40
Dealt to MathisKcr [4s Kc]
*** PRE-FLOP *** 
MathisKcr raises 690 to 730 and is all-in
tchoc folds
MathisKcr collected 770 from pot
*** SUMMARY ***
Total pot 770 | No rake
Seat 3: MathisKcr (small blind) (button) won 770


Winamax Poker - Tournament "Expresso Nitro" buyIn: 0.93€ + 0.07€ level: 3 - HandId: #4693226363383971841-12-1775724203 - Holdem no limit (20/40) - 2026/04/09 08:43:23 UTC
Table: 'Expresso Nitro(1092726915)#0' 3-max (real money) Seat #1 is the button
Seat 1: tchoc (130)
Seat 3: MathisKcr (770)
*** ANTE/BLINDS ***
tchoc posts small blind 20
MathisKcr posts big blind 40
Dealt to MathisKcr [7h Qc]
*** PRE-FLOP *** 
tchoc raises 90 to 130 and is all-in
MathisKcr calls 90
*** FLOP *** [4c 8s Ah]
*** TURN *** [4c 8s Ah][Qd]
*** RIVER *** [4c 8s Ah Qd][5d]
*** SHOW DOWN ***
tchoc shows [9d 7s] (High card : Ace)
MathisKcr shows [7h Qc] (One pair : Queens)
MathisKcr collected 260 from pot
*** SUMMARY ***
Total pot 260 | No rake
Board: [4c 8s Ah Qd 5d]
Seat 1: tchoc (small blind) (button) showed [9d 7s] and lost with High card : Ace
Seat 3: MathisKcr (big blind) showed [7h Qc] and won 260 with One pair : Queens


