Winamax Poker - Tournament "Expresso Nitro" buyIn: 0.93€ + 0.07€ level: 1 - HandId: #4558472739429548033-1-1770717779 - Holdem no limit (10/20) - 2026/02/10 10:02:59 UTC
Table: 'Expresso Nitro(1061352142)#0' 3-max (real money) Seat #1 is the button
Seat 1: fdvks369 (300)
Seat 2: AgsPortugal (300)
Seat 3: MathisKcr (300)
*** ANTE/BLINDS ***
AgsPortugal posts small blind 10
MathisKcr posts big blind 20
Dealt to MathisKcr [6d 4c]
*** PRE-FLOP *** 
fdvks369 calls 20
AgsPortugal calls 10
MathisKcr checks
*** FLOP *** [7h 9s 7c]
AgsPortugal checks
MathisKcr bets 40
fdvks369 folds
AgsPortugal folds
MathisKcr collected 100 from pot
*** SUMMARY ***
Total pot 100 | No rake
Board: [7h 9s 7c]
Seat 3: MathisKcr (big blind) won 100


Winamax Poker - Tournament "Expresso Nitro" buyIn: 0.93€ + 0.07€ level: 1 - HandId: #4558472739429548033-2-1770717800 - Holdem no limit (10/20) - 2026/02/10 10:03:20 UTC
Table: 'Expresso Nitro(1061352142)#0' 3-max (real money) Seat #2 is the button
Seat 1: fdvks369 (280)
Seat 2: AgsPortugal (280)
Seat 3: MathisKcr (340)
*** ANTE/BLINDS ***
MathisKcr posts small blind 10
fdvks369 posts big blind 20
Dealt to MathisKcr [9h 8h]
*** PRE-FLOP *** 
AgsPortugal folds
MathisKcr raises 40 to 60
fdvks369 folds
MathisKcr collected 80 from pot
*** SUMMARY ***
Total pot 80 | No rake
Seat 3: MathisKcr (small blind) won 80


Winamax Poker - Tournament "Expresso Nitro" buyIn: 0.93€ + 0.07€ level: 1 - HandId: #4558472739429548033-3-1770717810 - Holdem no limit (10/20) - 2026/02/10 10:03:30 UTC
Table: 'Expresso Nitro(1061352142)#0' 3-max (real money) Seat #3 is the button
Seat 1: fdvks369 (260)
Seat 2: AgsPortugal (280)
Seat 3: MathisKcr (360)
*** ANTE/BLINDS ***
fdvks369 posts small blind 10
AgsPortugal posts big blind 20
Dealt to MathisKcr [9d 3h]
*** PRE-FLOP *** 
MathisKcr folds
fdvks369 raises 240 to 260 and is all-in
AgsPortugal folds
fdvks369 collected 280 from pot
*** SUMMARY ***
Total pot 280 | No rake
Seat 1: fdvks369 (small blind) won 280


Winamax Poker - Tournament "Expresso Nitro" buyIn: 0.93€ + 0.07€ level: 1 - HandId: #4558472739429548033-4-1770717818 - Holdem no limit (10/20) - 2026/02/10 10:03:38 UTC
Table: 'Expresso Nitro(1061352142)#0' 3-max (real money) Seat #1 is the button
Seat 1: fdvks369 (280)
Seat 2: AgsPortugal (260)
Seat 3: MathisKcr (360)
*** ANTE/BLINDS ***
AgsPortugal posts small blind 10
MathisKcr posts big blind 20
Dealt to MathisKcr [4h Jh]
*** PRE-FLOP *** 
fdvks369 folds
AgsPortugal folds
MathisKcr collected 30 from pot
*** SUMMARY ***
Total pot 30 | No rake
Seat 3: MathisKcr (big blind) won 30


Winamax Poker - Tournament "Expresso Nitro" buyIn: 0.93€ + 0.07€ level: 1 - HandId: #4558472739429548033-5-1770717830 - Holdem no limit (10/20) - 2026/02/10 10:03:50 UTC
Table: 'Expresso Nitro(1061352142)#0' 3-max (real money) Seat #2 is the button
Seat 1: fdvks369 (280)
Seat 2: AgsPortugal (250)
Seat 3: MathisKcr (370)
*** ANTE/BLINDS ***
MathisKcr posts small blind 10
fdvks369 posts big blind 20
Dealt to MathisKcr [Ac 6d]
*** PRE-FLOP *** 
AgsPortugal raises 230 to 250 and is all-in
MathisKcr raises 120 to 370 and is all-in
fdvks369 folds
*** FLOP *** [Qs 3c 7h]
*** TURN *** [Qs 3c 7h][5c]
*** RIVER *** [Qs 3c 7h 5c][Tc]
*** SHOW DOWN ***
AgsPortugal shows [Qd As] (One pair : Queens)
MathisKcr shows [Ac 6d] (High card : Ace)
MathisKcr collected 120 from side pot 1
AgsPortugal collected 520 from main pot
*** SUMMARY ***
Total pot 640 | No rake
Board: [Qs 3c 7h 5c Tc]
Seat 2: AgsPortugal (button) showed [Qd As] and won 520 with One pair : Queens
Seat 3: MathisKcr (small blind) showed [Ac 6d] and won 120 with High card : Ace


Winamax Poker - Tournament "Expresso Nitro" buyIn: 0.93€ + 0.07€ level: 2 - HandId: #4558472739429548033-6-1770717847 - Holdem no limit (15/30) - 2026/02/10 10:04:07 UTC
Table: 'Expresso Nitro(1061352142)#0' 3-max (real money) Seat #3 is the button
Seat 1: fdvks369 (260)
Seat 2: AgsPortugal (520)
Seat 3: MathisKcr (120)
*** ANTE/BLINDS ***
fdvks369 posts small blind 15
AgsPortugal posts big blind 30
Dealt to MathisKcr [2s 6h]
*** PRE-FLOP *** 
MathisKcr folds
fdvks369 calls 15
AgsPortugal checks
*** FLOP *** [9h 2d Qh]
fdvks369 checks
AgsPortugal bets 30
fdvks369 calls 30
*** TURN *** [9h 2d Qh][Qd]
fdvks369 checks
AgsPortugal bets 96
fdvks369 folds
AgsPortugal collected 216 from pot
*** SUMMARY ***
Total pot 216 | No rake
Board: [9h 2d Qh Qd]
Seat 2: AgsPortugal (big blind) won 216


Winamax Poker - Tournament "Expresso Nitro" buyIn: 0.93€ + 0.07€ level: 2 - HandId: #4558472739429548033-7-1770717883 - Holdem no limit (15/30) - 2026/02/10 10:04:43 UTC
Table: 'Expresso Nitro(1061352142)#0' 3-max (real money) Seat #1 is the button
Seat 1: fdvks369 (200)
Seat 2: AgsPortugal (580)
Seat 3: MathisKcr (120)
*** ANTE/BLINDS ***
AgsPortugal posts small blind 15
MathisKcr posts big blind 30
Dealt to MathisKcr [Kc 5h]
*** PRE-FLOP *** 
fdvks369 raises 170 to 200 and is all-in
AgsPortugal folds
MathisKcr calls 90 and is all-in
*** FLOP *** [Kd 7d 2h]
*** TURN *** [Kd 7d 2h][3d]
*** RIVER *** [Kd 7d 2h 3d][Td]
*** SHOW DOWN ***
MathisKcr shows [Kc 5h] (One pair : Kings)
fdvks369 shows [Qd Js] (Flush King high)
fdvks369 collected 335 from pot
*** SUMMARY ***
Total pot 335 | No rake
Board: [Kd 7d 2h 3d Td]
Seat 1: fdvks369 (button) showed [Qd Js] and won 335 with Flush King high
Seat 3: MathisKcr (big blind) showed [Kc 5h] and lost with One pair : Kings


