Winamax Poker - Tournament "Expresso Nitro" buyIn: 0.93€ + 0.07€ level: 1 - HandId: #4601631620246536193-1-1772394654 - Holdem no limit (10/20) - 2026/03/01 19:50:54 UTC
Table: 'Expresso Nitro(1071400852)#0' 3-max (real money) Seat #3 is the button
Seat 1: Phil_Tatune0 (300)
Seat 2: Korrigan91 (300)
Seat 3: MathisKcr (300)
*** ANTE/BLINDS ***
Phil_Tatune0 posts small blind 10
Korrigan91 posts big blind 20
Dealt to MathisKcr [4h Ac]
*** PRE-FLOP *** 
MathisKcr raises 280 to 300 and is all-in
Phil_Tatune0 folds
Korrigan91 folds
MathisKcr collected 330 from pot
*** SUMMARY ***
Total pot 330 | No rake
Seat 3: MathisKcr (button) won 330


Winamax Poker - Tournament "Expresso Nitro" buyIn: 0.93€ + 0.07€ level: 1 - HandId: #4601631620246536193-2-1772394664 - Holdem no limit (10/20) - 2026/03/01 19:51:04 UTC
Table: 'Expresso Nitro(1071400852)#0' 3-max (real money) Seat #1 is the button
Seat 1: Phil_Tatune0 (290)
Seat 2: Korrigan91 (280)
Seat 3: MathisKcr (330)
*** ANTE/BLINDS ***
Korrigan91 posts small blind 10
MathisKcr posts big blind 20
Dealt to MathisKcr [As 5d]
*** PRE-FLOP *** 
Phil_Tatune0 folds
Korrigan91 folds
MathisKcr collected 30 from pot
*** SUMMARY ***
Total pot 30 | No rake
Seat 3: MathisKcr (big blind) won 30


Winamax Poker - Tournament "Expresso Nitro" buyIn: 0.93€ + 0.07€ level: 1 - HandId: #4601631620246536193-3-1772394670 - Holdem no limit (10/20) - 2026/03/01 19:51:10 UTC
Table: 'Expresso Nitro(1071400852)#0' 3-max (real money) Seat #2 is the button
Seat 1: Phil_Tatune0 (290)
Seat 2: Korrigan91 (270)
Seat 3: MathisKcr (340)
*** ANTE/BLINDS ***
MathisKcr posts small blind 10
Phil_Tatune0 posts big blind 20
Dealt to MathisKcr [Kc 4c]
*** PRE-FLOP *** 
Korrigan91 folds
MathisKcr raises 320 to 340 and is all-in
Phil_Tatune0 folds
MathisKcr collected 360 from pot
*** SUMMARY ***
Total pot 360 | No rake
Seat 3: MathisKcr (small blind) won 360


Winamax Poker - Tournament "Expresso Nitro" buyIn: 0.93€ + 0.07€ level: 1 - HandId: #4601631620246536193-4-1772394679 - Holdem no limit (10/20) - 2026/03/01 19:51:19 UTC
Table: 'Expresso Nitro(1071400852)#0' 3-max (real money) Seat #3 is the button
Seat 1: Phil_Tatune0 (270)
Seat 2: Korrigan91 (270)
Seat 3: MathisKcr (360)
*** ANTE/BLINDS ***
Phil_Tatune0 posts small blind 10
Korrigan91 posts big blind 20
Dealt to MathisKcr [Js Th]
*** PRE-FLOP *** 
MathisKcr raises 20 to 40
Phil_Tatune0 calls 30
Korrigan91 calls 20
*** FLOP *** [4s 5s 2d]
Phil_Tatune0 bets 120
Korrigan91 folds
MathisKcr folds
Phil_Tatune0 collected 240 from pot
*** SUMMARY ***
Total pot 240 | No rake
Board: [4s 5s 2d]
Seat 1: Phil_Tatune0 (small blind) won 240


Winamax Poker - Tournament "Expresso Nitro" buyIn: 0.93€ + 0.07€ level: 1 - HandId: #4601631620246536193-5-1772394706 - Holdem no limit (10/20) - 2026/03/01 19:51:46 UTC
Table: 'Expresso Nitro(1071400852)#0' 3-max (real money) Seat #1 is the button
Seat 1: Phil_Tatune0 (350)
Seat 2: Korrigan91 (230)
Seat 3: MathisKcr (320)
*** ANTE/BLINDS ***
Korrigan91 posts small blind 10
MathisKcr posts big blind 20
Dealt to MathisKcr [Tc Ah]
*** PRE-FLOP *** 
Phil_Tatune0 folds
Korrigan91 folds
MathisKcr collected 30 from pot
*** SUMMARY ***
Total pot 30 | No rake
Seat 3: MathisKcr (big blind) won 30


Winamax Poker - Tournament "Expresso Nitro" buyIn: 0.93€ + 0.07€ level: 2 - HandId: #4601631620246536193-6-1772394723 - Holdem no limit (15/30) - 2026/03/01 19:52:03 UTC
Table: 'Expresso Nitro(1071400852)#0' 3-max (real money) Seat #2 is the button
Seat 1: Phil_Tatune0 (350)
Seat 2: Korrigan91 (220)
Seat 3: MathisKcr (330)
*** ANTE/BLINDS ***
MathisKcr posts small blind 15
Phil_Tatune0 posts big blind 30
Dealt to MathisKcr [8s 7s]
*** PRE-FLOP *** 
Korrigan91 folds
MathisKcr raises 300 to 330 and is all-in
Phil_Tatune0 folds
MathisKcr collected 360 from pot
*** SUMMARY ***
Total pot 360 | No rake
Seat 3: MathisKcr (small blind) won 360


Winamax Poker - Tournament "Expresso Nitro" buyIn: 0.93€ + 0.07€ level: 2 - HandId: #4601631620246536193-7-1772394732 - Holdem no limit (15/30) - 2026/03/01 19:52:12 UTC
Table: 'Expresso Nitro(1071400852)#0' 3-max (real money) Seat #3 is the button
Seat 1: Phil_Tatune0 (320)
Seat 2: Korrigan91 (220)
Seat 3: MathisKcr (360)
*** ANTE/BLINDS ***
Phil_Tatune0 posts small blind 15
Korrigan91 posts big blind 30
Dealt to MathisKcr [5s 4c]
*** PRE-FLOP *** 
MathisKcr folds
Phil_Tatune0 raises 290 to 320 and is all-in
Korrigan91 folds
Phil_Tatune0 collected 350 from pot
*** SUMMARY ***
Total pot 350 | No rake
Seat 1: Phil_Tatune0 (small blind) won 350


Winamax Poker - Tournament "Expresso Nitro" buyIn: 0.93€ + 0.07€ level: 2 - HandId: #4601631620246536193-8-1772394745 - Holdem no limit (15/30) - 2026/03/01 19:52:25 UTC
Table: 'Expresso Nitro(1071400852)#0' 3-max (real money) Seat #1 is the button
Seat 1: Phil_Tatune0 (350)
Seat 2: Korrigan91 (190)
Seat 3: MathisKcr (360)
*** ANTE/BLINDS ***
Korrigan91 posts small blind 15
MathisKcr posts big blind 30
Dealt to MathisKcr [7d 8h]
*** PRE-FLOP *** 
Phil_Tatune0 raises 320 to 350 and is all-in
Korrigan91 calls 175 and is all-in
MathisKcr folds
*** FLOP *** [Qd Kd Jc]
*** TURN *** [Qd Kd Jc][9c]
*** RIVER *** [Qd Kd Jc 9c][2c]
*** SHOW DOWN ***
Phil_Tatune0 shows [Ah 3h] (High card : Ace)
Korrigan91 shows [Qh Td] (Straight King high)
Korrigan91 collected 410 from main pot
Phil_Tatune0 collected 160 from side pot 1
*** SUMMARY ***
Total pot 570 | No rake
Board: [Qd Kd Jc 9c 2c]
Seat 1: Phil_Tatune0 (button) showed [Ah 3h] and won 160 with High card : Ace
Seat 2: Korrigan91 (small blind) showed [Qh Td] and won 410 with Straight King high


Winamax Poker - Tournament "Expresso Nitro" buyIn: 0.93€ + 0.07€ level: 2 - HandId: #4601631620246536193-9-1772394763 - Holdem no limit (15/30) - 2026/03/01 19:52:43 UTC
Table: 'Expresso Nitro(1071400852)#0' 3-max (real money) Seat #2 is the button
Seat 1: Phil_Tatune0 (160)
Seat 2: Korrigan91 (410)
Seat 3: MathisKcr (330)
*** ANTE/BLINDS ***
MathisKcr posts small blind 15
Phil_Tatune0 posts big blind 30
Dealt to MathisKcr [Kc 3c]
*** PRE-FLOP *** 
Korrigan91 folds
MathisKcr raises 300 to 330 and is all-in
Phil_Tatune0 folds
MathisKcr collected 360 from pot
*** SUMMARY ***
Total pot 360 | No rake
Seat 3: MathisKcr (small blind) won 360


Winamax Poker - Tournament "Expresso Nitro" buyIn: 0.93€ + 0.07€ level: 3 - HandId: #4601631620246536193-10-1772394778 - Holdem no limit (20/40) - 2026/03/01 19:52:58 UTC
Table: 'Expresso Nitro(1071400852)#0' 3-max (real money) Seat #3 is the button
Seat 1: Phil_Tatune0 (130)
Seat 2: Korrigan91 (410)
Seat 3: MathisKcr (360)
*** ANTE/BLINDS ***
Phil_Tatune0 posts small blind 20
Korrigan91 posts big blind 40
Dealt to MathisKcr [Js Ks]
*** PRE-FLOP *** 
MathisKcr raises 320 to 360 and is all-in
Phil_Tatune0 calls 110 and is all-in
Korrigan91 folds
*** FLOP *** [5d 7s Jd]
*** TURN *** [5d 7s Jd][As]
*** RIVER *** [5d 7s Jd As][Kh]
*** SHOW DOWN ***
Phil_Tatune0 shows [9s Ad] (One pair : Aces)
MathisKcr shows [Js Ks] (Two pairs : Kings and Jacks)
MathisKcr collected 530 from pot
*** SUMMARY ***
Total pot 530 | No rake
Board: [5d 7s Jd As Kh]
Seat 1: Phil_Tatune0 (small blind) showed [9s Ad] and lost with One pair : Aces
Seat 3: MathisKcr (button) showed [Js Ks] and won 530 with Two pairs : Kings and Jacks


Winamax Poker - Tournament "Expresso Nitro" buyIn: 0.93€ + 0.07€ level: 3 - HandId: #4601631620246536193-11-1772394801 - Holdem no limit (20/40) - 2026/03/01 19:53:21 UTC
Table: 'Expresso Nitro(1071400852)#0' 3-max (real money) Seat #2 is the button
Seat 2: Korrigan91 (370)
Seat 3: MathisKcr (530)
*** ANTE/BLINDS ***
Korrigan91 posts small blind 20
MathisKcr posts big blind 40
Dealt to MathisKcr [5c 2d]
*** PRE-FLOP *** 
Korrigan91 calls 20
MathisKcr checks
*** FLOP *** [As Ah Kh]
MathisKcr checks
Korrigan91 checks
*** TURN *** [As Ah Kh][9d]
MathisKcr checks
Korrigan91 checks
*** RIVER *** [As Ah Kh 9d][6h]
MathisKcr checks
Korrigan91 bets 40
MathisKcr folds
Korrigan91 collected 120 from pot
*** SUMMARY ***
Total pot 120 | No rake
Board: [As Ah Kh 9d 6h]
Seat 2: Korrigan91 (small blind) (button) won 120


Winamax Poker - Tournament "Expresso Nitro" buyIn: 0.93€ + 0.07€ level: 3 - HandId: #4601631620246536193-12-1772394828 - Holdem no limit (20/40) - 2026/03/01 19:53:48 UTC
Table: 'Expresso Nitro(1071400852)#0' 3-max (real money) Seat #3 is the button
Seat 2: Korrigan91 (410)
Seat 3: MathisKcr (490)
*** ANTE/BLINDS ***
MathisKcr posts small blind 20
Korrigan91 posts big blind 40
Dealt to MathisKcr [Kc 5s]
*** PRE-FLOP *** 
MathisKcr raises 450 to 490 and is all-in
Korrigan91 calls 370 and is all-in
*** FLOP *** [2h 2s 5h]
*** TURN *** [2h 2s 5h][Qs]
*** RIVER *** [2h 2s 5h Qs][8s]
*** SHOW DOWN ***
Korrigan91 shows [7d Ah] (One pair : 2)
MathisKcr shows [Kc 5s] (Two pairs : 5 and 2)
MathisKcr collected 900 from pot
*** SUMMARY ***
Total pot 900 | No rake
Board: [2h 2s 5h Qs 8s]
Seat 2: Korrigan91 (big blind) showed [7d Ah] and lost with One pair : 2
Seat 3: MathisKcr (small blind) (button) showed [Kc 5s] and won 900 with Two pairs : 5 and 2


