Winamax Poker - Tournament "Expresso Nitro" buyIn: 0.93€ + 0.07€ level: 1 - HandId: #4556649547287232513-1-1770659253 - Holdem no limit (10/20) - 2026/02/09 17:47:33 UTC
Table: 'Expresso Nitro(1060927647)#0' 3-max (real money) Seat #1 is the button
Seat 1: Peralade (300)
Seat 2: noviceOgre69 (300)
Seat 3: MathisKcr (300)
*** ANTE/BLINDS ***
noviceOgre69 posts small blind 10
MathisKcr posts big blind 20
Dealt to MathisKcr [2c 3d]
*** PRE-FLOP *** 
Peralade folds
noviceOgre69 calls 10
MathisKcr checks
*** FLOP *** [5d Td 4d]
noviceOgre69 bets 280 and is all-in
MathisKcr folds
noviceOgre69 collected 320 from pot
*** SUMMARY ***
Total pot 320 | No rake
Board: [5d Td 4d]
Seat 2: noviceOgre69 (small blind) won 320


Winamax Poker - Tournament "Expresso Nitro" buyIn: 0.93€ + 0.07€ level: 1 - HandId: #4556649547287232513-2-1770659269 - Holdem no limit (10/20) - 2026/02/09 17:47:49 UTC
Table: 'Expresso Nitro(1060927647)#0' 3-max (real money) Seat #2 is the button
Seat 1: Peralade (300)
Seat 2: noviceOgre69 (320)
Seat 3: MathisKcr (280)
*** ANTE/BLINDS ***
MathisKcr posts small blind 10
Peralade posts big blind 20
Dealt to MathisKcr [9c 6s]
*** PRE-FLOP *** 
noviceOgre69 calls 20
MathisKcr raises 20 to 40
Peralade folds
noviceOgre69 calls 20
*** FLOP *** [8h Js Ts]
MathisKcr bets 40
noviceOgre69 calls 40
*** TURN *** [8h Js Ts][6c]
MathisKcr checks
noviceOgre69 bets 20
MathisKcr calls 20
*** RIVER *** [8h Js Ts 6c][Qc]
MathisKcr checks
noviceOgre69 bets 20
MathisKcr raises 60 to 80
noviceOgre69 calls 60
*** SHOW DOWN ***
noviceOgre69 shows [As 2c] (High card : Ace)
MathisKcr shows [9c 6s] (Straight Queen high)
MathisKcr collected 380 from pot
*** SUMMARY ***
Total pot 380 | No rake
Board: [8h Js Ts 6c Qc]
Seat 2: noviceOgre69 (button) showed [As 2c] and lost with High card : Ace
Seat 3: MathisKcr (small blind) showed [9c 6s] and won 380 with Straight Queen high


Winamax Poker - Tournament "Expresso Nitro" buyIn: 0.93€ + 0.07€ level: 1 - HandId: #4556649547287232513-3-1770659310 - Holdem no limit (10/20) - 2026/02/09 17:48:30 UTC
Table: 'Expresso Nitro(1060927647)#0' 3-max (real money) Seat #3 is the button
Seat 1: Peralade (280)
Seat 2: noviceOgre69 (140)
Seat 3: MathisKcr (480)
*** ANTE/BLINDS ***
Peralade posts small blind 10
noviceOgre69 posts big blind 20
Dealt to MathisKcr [8h Jd]
*** PRE-FLOP *** 
MathisKcr raises 40 to 60
Peralade folds
noviceOgre69 calls 40
*** FLOP *** [Kc 7d 6h]
noviceOgre69 checks
MathisKcr bets 60
noviceOgre69 folds
MathisKcr collected 190 from pot
*** SUMMARY ***
Total pot 190 | No rake
Board: [Kc 7d 6h]
Seat 3: MathisKcr (button) won 190


Winamax Poker - Tournament "Expresso Nitro" buyIn: 0.93€ + 0.07€ level: 2 - HandId: #4556649547287232513-4-1770659327 - Holdem no limit (15/30) - 2026/02/09 17:48:47 UTC
Table: 'Expresso Nitro(1060927647)#0' 3-max (real money) Seat #1 is the button
Seat 1: Peralade (270)
Seat 2: noviceOgre69 (80)
Seat 3: MathisKcr (550)
*** ANTE/BLINDS ***
noviceOgre69 posts small blind 15
MathisKcr posts big blind 30
Dealt to MathisKcr [8h 2s]
*** PRE-FLOP *** 
Peralade folds
noviceOgre69 calls 15
MathisKcr checks
*** FLOP *** [7h 3s 8d]
noviceOgre69 checks
MathisKcr bets 60
noviceOgre69 calls 50 and is all-in
*** TURN *** [7h 3s 8d][2h]
*** RIVER *** [7h 3s 8d 2h][8s]
*** SHOW DOWN ***
noviceOgre69 shows [9d 9c] (Two pairs : 9 and 8)
MathisKcr shows [8h 2s] (Full of 8 and 2)
MathisKcr collected 170 from pot
*** SUMMARY ***
Total pot 170 | No rake
Board: [7h 3s 8d 2h 8s]
Seat 2: noviceOgre69 (small blind) showed [9d 9c] and lost with Two pairs : 9 and 8
Seat 3: MathisKcr (big blind) showed [8h 2s] and won 170 with Full of 8 and 2


Winamax Poker - Tournament "Expresso Nitro" buyIn: 0.93€ + 0.07€ level: 2 - HandId: #4556649547287232513-5-1770659358 - Holdem no limit (15/30) - 2026/02/09 17:49:18 UTC
Table: 'Expresso Nitro(1060927647)#0' 3-max (real money) Seat #3 is the button
Seat 1: Peralade (270)
Seat 3: MathisKcr (630)
*** ANTE/BLINDS ***
MathisKcr posts small blind 15
Peralade posts big blind 30
Dealt to MathisKcr [8c 9h]
*** PRE-FLOP *** 
MathisKcr raises 60 to 90
Peralade folds
MathisKcr collected 120 from pot
*** SUMMARY ***
Total pot 120 | No rake
Seat 3: MathisKcr (small blind) (button) won 120


Winamax Poker - Tournament "Expresso Nitro" buyIn: 0.93€ + 0.07€ level: 2 - HandId: #4556649547287232513-6-1770659369 - Holdem no limit (15/30) - 2026/02/09 17:49:29 UTC
Table: 'Expresso Nitro(1060927647)#0' 3-max (real money) Seat #1 is the button
Seat 1: Peralade (240)
Seat 3: MathisKcr (660)
*** ANTE/BLINDS ***
Peralade posts small blind 15
MathisKcr posts big blind 30
Dealt to MathisKcr [Js Ts]
*** PRE-FLOP *** 
Peralade folds
MathisKcr collected 45 from pot
*** SUMMARY ***
Total pot 45 | No rake
Seat 3: MathisKcr (big blind) won 45


Winamax Poker - Tournament "Expresso Nitro" buyIn: 0.93€ + 0.07€ level: 3 - HandId: #4556649547287232513-7-1770659378 - Holdem no limit (20/40) - 2026/02/09 17:49:38 UTC
Table: 'Expresso Nitro(1060927647)#0' 3-max (real money) Seat #3 is the button
Seat 1: Peralade (225)
Seat 3: MathisKcr (675)
*** ANTE/BLINDS ***
MathisKcr posts small blind 20
Peralade posts big blind 40
Dealt to MathisKcr [Kh Ah]
*** PRE-FLOP *** 
MathisKcr raises 40 to 80
Peralade calls 40
*** FLOP *** [6h 9d 8s]
Peralade checks
MathisKcr bets 160
Peralade folds
MathisKcr collected 320 from pot
*** SUMMARY ***
Total pot 320 | No rake
Board: [6h 9d 8s]
Seat 3: MathisKcr (small blind) (button) won 320


Winamax Poker - Tournament "Expresso Nitro" buyIn: 0.93€ + 0.07€ level: 3 - HandId: #4556649547287232513-8-1770659396 - Holdem no limit (20/40) - 2026/02/09 17:49:56 UTC
Table: 'Expresso Nitro(1060927647)#0' 3-max (real money) Seat #1 is the button
Seat 1: Peralade (145)
Seat 3: MathisKcr (755)
*** ANTE/BLINDS ***
Peralade posts small blind 20
MathisKcr posts big blind 40
Dealt to MathisKcr [5c 6s]
*** PRE-FLOP *** 
Peralade raises 105 to 145 and is all-in
MathisKcr calls 105
*** FLOP *** [Qs Qc 4h]
*** TURN *** [Qs Qc 4h][4s]
*** RIVER *** [Qs Qc 4h 4s][5h]
*** SHOW DOWN ***
Peralade shows [8c Jc] (Two pairs : Queens and 4)
MathisKcr shows [5c 6s] (Two pairs : Queens and 5)
MathisKcr collected 290 from pot
*** SUMMARY ***
Total pot 290 | No rake
Board: [Qs Qc 4h 4s 5h]
Seat 1: Peralade (small blind) (button) showed [8c Jc] and lost with Two pairs : Queens and 4
Seat 3: MathisKcr (big blind) showed [5c 6s] and won 290 with Two pairs : Queens and 5


