Winamax Poker - Tournament "Expresso Nitro" buyIn: 0.93€ + 0.07€ level: 1 - HandId: #4684017287781416961-1-1775384643 - Holdem no limit (10/20) - 2026/04/05 10:24:03 UTC
Table: 'Expresso Nitro(1090582760)#0' 3-max (real money) Seat #2 is the button
Seat 1: Minibabb (300)
Seat 2: elouanhamoni (300)
Seat 3: MathisKcr (300)
*** ANTE/BLINDS ***
MathisKcr posts small blind 10
Minibabb posts big blind 20
Dealt to MathisKcr [2s Qd]
*** PRE-FLOP *** 
elouanhamoni calls 20
MathisKcr folds
Minibabb raises 20 to 40
elouanhamoni calls 20
*** FLOP *** [7s 4c 8d]
Minibabb checks
elouanhamoni bets 20
Minibabb calls 20
*** TURN *** [7s 4c 8d][As]
Minibabb checks
elouanhamoni bets 20
Minibabb raises 47 to 67
elouanhamoni calls 47
*** RIVER *** [7s 4c 8d As][Ts]
Minibabb bets 173 and is all-in
elouanhamoni calls 173 and is all-in
*** SHOW DOWN ***
elouanhamoni shows [Js 7d] (One pair : 7)
Minibabb shows [Jh Th] (One pair : Tens)
Minibabb collected 610 from pot
*** SUMMARY ***
Total pot 610 | No rake
Board: [7s 4c 8d As Ts]
Seat 1: Minibabb (big blind) showed [Jh Th] and won 610 with One pair : Tens
Seat 2: elouanhamoni (button) showed [Js 7d] and lost with One pair : 7


Winamax Poker - Tournament "Expresso Nitro" buyIn: 0.93€ + 0.07€ level: 1 - HandId: #4684017287781416961-2-1775384671 - Holdem no limit (10/20) - 2026/04/05 10:24:31 UTC
Table: 'Expresso Nitro(1090582760)#0' 3-max (real money) Seat #1 is the button
Seat 1: Minibabb (610)
Seat 3: MathisKcr (290)
*** ANTE/BLINDS ***
Minibabb posts small blind 10
MathisKcr posts big blind 20
Dealt to MathisKcr [9c Jh]
*** PRE-FLOP *** 
Minibabb calls 10
MathisKcr raises 270 to 290 and is all-in
Minibabb folds
MathisKcr collected 310 from pot
*** SUMMARY ***
Total pot 310 | No rake
Seat 3: MathisKcr (big blind) won 310


Winamax Poker - Tournament "Expresso Nitro" buyIn: 0.93€ + 0.07€ level: 1 - HandId: #4684017287781416961-3-1775384680 - Holdem no limit (10/20) - 2026/04/05 10:24:40 UTC
Table: 'Expresso Nitro(1090582760)#0' 3-max (real money) Seat #3 is the button
Seat 1: Minibabb (590)
Seat 3: MathisKcr (310)
*** ANTE/BLINDS ***
MathisKcr posts small blind 10
Minibabb posts big blind 20
Dealt to MathisKcr [4s Ac]
*** PRE-FLOP *** 
MathisKcr raises 290 to 310 and is all-in
Minibabb folds
MathisKcr collected 330 from pot
*** SUMMARY ***
Total pot 330 | No rake
Seat 3: MathisKcr (small blind) (button) won 330


Winamax Poker - Tournament "Expresso Nitro" buyIn: 0.93€ + 0.07€ level: 1 - HandId: #4684017287781416961-4-1775384686 - Holdem no limit (10/20) - 2026/04/05 10:24:46 UTC
Table: 'Expresso Nitro(1090582760)#0' 3-max (real money) Seat #1 is the button
Seat 1: Minibabb (570)
Seat 3: MathisKcr (330)
*** ANTE/BLINDS ***
Minibabb posts small blind 10
MathisKcr posts big blind 20
Dealt to MathisKcr [Qh 2h]
*** PRE-FLOP *** 
Minibabb folds
MathisKcr collected 30 from pot
*** SUMMARY ***
Total pot 30 | No rake
Seat 3: MathisKcr (big blind) won 30


Winamax Poker - Tournament "Expresso Nitro" buyIn: 0.93€ + 0.07€ level: 1 - HandId: #4684017287781416961-5-1775384692 - Holdem no limit (10/20) - 2026/04/05 10:24:52 UTC
Table: 'Expresso Nitro(1090582760)#0' 3-max (real money) Seat #3 is the button
Seat 1: Minibabb (560)
Seat 3: MathisKcr (340)
*** ANTE/BLINDS ***
MathisKcr posts small blind 10
Minibabb posts big blind 20
Dealt to MathisKcr [8c Kc]
*** PRE-FLOP *** 
MathisKcr raises 320 to 340 and is all-in
Minibabb folds
MathisKcr collected 360 from pot
*** SUMMARY ***
Total pot 360 | No rake
Seat 3: MathisKcr (small blind) (button) won 360


Winamax Poker - Tournament "Expresso Nitro" buyIn: 0.93€ + 0.07€ level: 1 - HandId: #4684017287781416961-6-1775384698 - Holdem no limit (10/20) - 2026/04/05 10:24:58 UTC
Table: 'Expresso Nitro(1090582760)#0' 3-max (real money) Seat #1 is the button
Seat 1: Minibabb (540)
Seat 3: MathisKcr (360)
*** ANTE/BLINDS ***
Minibabb posts small blind 10
MathisKcr posts big blind 20
Dealt to MathisKcr [2c 5c]
*** PRE-FLOP *** 
Minibabb calls 10
MathisKcr checks
*** FLOP *** [5s 3c 2h]
MathisKcr bets 40
Minibabb raises 480 to 520 and is all-in
MathisKcr calls 300 and is all-in
*** TURN *** [5s 3c 2h][4s]
*** RIVER *** [5s 3c 2h 4s][7h]
*** SHOW DOWN ***
MathisKcr shows [2c 5c] (Two pairs : 5 and 2)
Minibabb shows [5h 6h] (Straight 7 high)
Minibabb collected 900 from pot
*** SUMMARY ***
Total pot 900 | No rake
Board: [5s 3c 2h 4s 7h]
Seat 1: Minibabb (small blind) (button) showed [5h 6h] and won 900 with Straight 7 high
Seat 3: MathisKcr (big blind) showed [2c 5c] and lost with Two pairs : 5 and 2


