Winamax Poker - Tournament "Expresso Nitro" buyIn: 0.46€ + 0.04€ level: 1 - HandId: #4533681677095927809-1-1769968391 - Holdem no limit (10/20) - 2026/02/01 17:53:11 UTC
Table: 'Expresso Nitro(1055580023)#0' 3-max (real money) Seat #3 is the button
Seat 1: Plan  Q (300)
Seat 2: Maverick 428 (300)
Seat 3: MathisKcr (300)
*** ANTE/BLINDS ***
Plan  Q posts small blind 10
Maverick 428 posts big blind 20
Dealt to MathisKcr [Kh 3h]
*** PRE-FLOP *** 
MathisKcr raises 280 to 300 and is all-in
Plan  Q folds
Maverick 428 calls 280 and is all-in
*** FLOP *** [2c Th 5d]
*** TURN *** [2c Th 5d][8s]
*** RIVER *** [2c Th 5d 8s][Kd]
*** SHOW DOWN ***
Maverick 428 shows [Ad 3d] (High card : Ace)
MathisKcr shows [Kh 3h] (One pair : Kings)
MathisKcr collected 610 from pot
*** SUMMARY ***
Total pot 610 | No rake
Board: [2c Th 5d 8s Kd]
Seat 2: Maverick 428 (big blind) showed [Ad 3d] and lost with High card : Ace
Seat 3: MathisKcr (button) showed [Kh 3h] and won 610 with One pair : Kings


Winamax Poker - Tournament "Expresso Nitro" buyIn: 0.46€ + 0.04€ level: 1 - HandId: #4533681677095927809-2-1769968407 - Holdem no limit (10/20) - 2026/02/01 17:53:27 UTC
Table: 'Expresso Nitro(1055580023)#0' 3-max (real money) Seat #3 is the button
Seat 1: Plan  Q (290)
Seat 3: MathisKcr (610)
*** ANTE/BLINDS ***
MathisKcr posts small blind 10
Plan  Q posts big blind 20
Dealt to MathisKcr [Qc Kd]
*** PRE-FLOP *** 
MathisKcr raises 20 to 40
Plan  Q calls 20
*** FLOP *** [5s 3s 9d]
Plan  Q checks
MathisKcr bets 40
Plan  Q folds
MathisKcr collected 120 from pot
*** SUMMARY ***
Total pot 120 | No rake
Board: [5s 3s 9d]
Seat 3: MathisKcr (small blind) (button) won 120


Winamax Poker - Tournament "Expresso Nitro" buyIn: 0.46€ + 0.04€ level: 1 - HandId: #4533681677095927809-3-1769968422 - Holdem no limit (10/20) - 2026/02/01 17:53:42 UTC
Table: 'Expresso Nitro(1055580023)#0' 3-max (real money) Seat #1 is the button
Seat 1: Plan  Q (250)
Seat 3: MathisKcr (650)
*** ANTE/BLINDS ***
Plan  Q posts small blind 10
MathisKcr posts big blind 20
Dealt to MathisKcr [6d Js]
*** PRE-FLOP *** 
Plan  Q calls 10
MathisKcr raises 40 to 60
Plan  Q folds
MathisKcr collected 80 from pot
*** SUMMARY ***
Total pot 80 | No rake
Seat 3: MathisKcr (big blind) won 80


Winamax Poker - Tournament "Expresso Nitro" buyIn: 0.46€ + 0.04€ level: 1 - HandId: #4533681677095927809-4-1769968434 - Holdem no limit (10/20) - 2026/02/01 17:53:54 UTC
Table: 'Expresso Nitro(1055580023)#0' 3-max (real money) Seat #3 is the button
Seat 1: Plan  Q (230)
Seat 3: MathisKcr (670)
*** ANTE/BLINDS ***
MathisKcr posts small blind 10
Plan  Q posts big blind 20
Dealt to MathisKcr [Js Jd]
*** PRE-FLOP *** 
MathisKcr raises 20 to 40
Plan  Q calls 20
*** FLOP *** [Qd 9d 7c]
Plan  Q checks
MathisKcr bets 40
Plan  Q calls 40
*** TURN *** [Qd 9d 7c][9c]
Plan  Q checks
MathisKcr bets 80
Plan  Q folds
MathisKcr collected 240 from pot
*** SUMMARY ***
Total pot 240 | No rake
Board: [Qd 9d 7c 9c]
Seat 3: MathisKcr (small blind) (button) won 240


Winamax Poker - Tournament "Expresso Nitro" buyIn: 0.46€ + 0.04€ level: 2 - HandId: #4533681677095927809-5-1769968459 - Holdem no limit (15/30) - 2026/02/01 17:54:19 UTC
Table: 'Expresso Nitro(1055580023)#0' 3-max (real money) Seat #1 is the button
Seat 1: Plan  Q (150)
Seat 3: MathisKcr (750)
*** ANTE/BLINDS ***
Plan  Q posts small blind 15
MathisKcr posts big blind 30
Dealt to MathisKcr [As 8d]
*** PRE-FLOP *** 
Plan  Q folds
MathisKcr collected 45 from pot
*** SUMMARY ***
Total pot 45 | No rake
Seat 3: MathisKcr (big blind) won 45


Winamax Poker - Tournament "Expresso Nitro" buyIn: 0.46€ + 0.04€ level: 2 - HandId: #4533681677095927809-6-1769968464 - Holdem no limit (15/30) - 2026/02/01 17:54:24 UTC
Table: 'Expresso Nitro(1055580023)#0' 3-max (real money) Seat #3 is the button
Seat 1: Plan  Q (135)
Seat 3: MathisKcr (765)
*** ANTE/BLINDS ***
MathisKcr posts small blind 15
Plan  Q posts big blind 30
Dealt to MathisKcr [4c As]
*** PRE-FLOP *** 
MathisKcr raises 30 to 60
Plan  Q calls 30
*** FLOP *** [Qd 6d Jd]
Plan  Q bets 75 and is all-in
MathisKcr calls 75
*** TURN *** [Qd 6d Jd][5c]
*** RIVER *** [Qd 6d Jd 5c][Th]
*** SHOW DOWN ***
MathisKcr shows [4c As] (High card : Ace)
Plan  Q shows [8h Jc] (One pair : Jacks)
Plan  Q collected 270 from pot
*** SUMMARY ***
Total pot 270 | No rake
Board: [Qd 6d Jd 5c Th]
Seat 1: Plan  Q (big blind) showed [8h Jc] and won 270 with One pair : Jacks
Seat 3: MathisKcr (small blind) (button) showed [4c As] and lost with High card : Ace


Winamax Poker - Tournament "Expresso Nitro" buyIn: 0.46€ + 0.04€ level: 2 - HandId: #4533681677095927809-7-1769968481 - Holdem no limit (15/30) - 2026/02/01 17:54:41 UTC
Table: 'Expresso Nitro(1055580023)#0' 3-max (real money) Seat #1 is the button
Seat 1: Plan  Q (270)
Seat 3: MathisKcr (630)
*** ANTE/BLINDS ***
Plan  Q posts small blind 15
MathisKcr posts big blind 30
Dealt to MathisKcr [5c 5h]
*** PRE-FLOP *** 
Plan  Q calls 15
MathisKcr raises 600 to 630 and is all-in
Plan  Q folds
MathisKcr collected 660 from pot
*** SUMMARY ***
Total pot 660 | No rake
Seat 3: MathisKcr (big blind) won 660


Winamax Poker - Tournament "Expresso Nitro" buyIn: 0.46€ + 0.04€ level: 2 - HandId: #4533681677095927809-8-1769968492 - Holdem no limit (15/30) - 2026/02/01 17:54:52 UTC
Table: 'Expresso Nitro(1055580023)#0' 3-max (real money) Seat #3 is the button
Seat 1: Plan  Q (240)
Seat 3: MathisKcr (660)
*** ANTE/BLINDS ***
MathisKcr posts small blind 15
Plan  Q posts big blind 30
Dealt to MathisKcr [8c As]
*** PRE-FLOP *** 
MathisKcr raises 30 to 60
Plan  Q raises 180 to 240 and is all-in
MathisKcr calls 180
*** FLOP *** [5d 8d 3s]
*** TURN *** [5d 8d 3s][6h]
*** RIVER *** [5d 8d 3s 6h][6d]
*** SHOW DOWN ***
Plan  Q shows [Qh Ad] (One pair : 6)
MathisKcr shows [8c As] (Two pairs : 8 and 6)
MathisKcr collected 480 from pot
*** SUMMARY ***
Total pot 480 | No rake
Board: [5d 8d 3s 6h 6d]
Seat 1: Plan  Q (big blind) showed [Qh Ad] and lost with One pair : 6
Seat 3: MathisKcr (small blind) (button) showed [8c As] and won 480 with Two pairs : 8 and 6


