Winamax Poker - Tournament "Expresso Nitro" buyIn: 0.93€ + 0.07€ level: 1 - HandId: #4672403494349570049-1-1774949616 - Holdem no limit (10/20) - 2026/03/31 09:33:36 UTC
Table: 'Expresso Nitro(1087878713)#0' 3-max (real money) Seat #1 is the button
Seat 1: MathisKcr (300)
Seat 2: Galinette26 (300)
Seat 3: UPANDROOF (300)
*** ANTE/BLINDS ***
Galinette26 posts small blind 10
UPANDROOF posts big blind 20
Dealt to MathisKcr [6c Qh]
*** PRE-FLOP *** 
MathisKcr raises 20 to 40
Galinette26 folds
UPANDROOF folds
MathisKcr collected 70 from pot
*** SUMMARY ***
Total pot 70 | No rake
Seat 1: MathisKcr (button) won 70


Winamax Poker - Tournament "Expresso Nitro" buyIn: 0.93€ + 0.07€ level: 1 - HandId: #4672403494349570049-2-1774949624 - Holdem no limit (10/20) - 2026/03/31 09:33:44 UTC
Table: 'Expresso Nitro(1087878713)#0' 3-max (real money) Seat #2 is the button
Seat 1: MathisKcr (330)
Seat 2: Galinette26 (290)
Seat 3: UPANDROOF (280)
*** ANTE/BLINDS ***
UPANDROOF posts small blind 10
MathisKcr posts big blind 20
Dealt to MathisKcr [8d Ah]
*** PRE-FLOP *** 
Galinette26 calls 20
UPANDROOF calls 10
MathisKcr raises 310 to 330 and is all-in
Galinette26 calls 270 and is all-in
UPANDROOF folds
*** FLOP *** [Jc 8h 3s]
*** TURN *** [Jc 8h 3s][Qc]
*** RIVER *** [Jc 8h 3s Qc][2s]
*** SHOW DOWN ***
MathisKcr shows [8d Ah] (One pair : 8)
Galinette26 shows [Qd Ac] (One pair : Queens)
Galinette26 collected 600 from main pot
MathisKcr collected 40 from side pot 1
*** SUMMARY ***
Total pot 640 | No rake
Board: [Jc 8h 3s Qc 2s]
Seat 1: MathisKcr (big blind) showed [8d Ah] and won 40 with One pair : 8
Seat 2: Galinette26 (button) showed [Qd Ac] and won 600 with One pair : Queens


Winamax Poker - Tournament "Expresso Nitro" buyIn: 0.93€ + 0.07€ level: 1 - HandId: #4672403494349570049-3-1774949641 - Holdem no limit (10/20) - 2026/03/31 09:34:01 UTC
Table: 'Expresso Nitro(1087878713)#0' 3-max (real money) Seat #3 is the button
Seat 1: MathisKcr (40)
Seat 2: Galinette26 (600)
Seat 3: UPANDROOF (260)
*** ANTE/BLINDS ***
MathisKcr posts small blind 10
Galinette26 posts big blind 20
Dealt to MathisKcr [3d 5c]
*** PRE-FLOP *** 
UPANDROOF folds
MathisKcr folds
Galinette26 collected 30 from pot
*** SUMMARY ***
Total pot 30 | No rake
Seat 2: Galinette26 (big blind) won 30


Winamax Poker - Tournament "Expresso Nitro" buyIn: 0.93€ + 0.07€ level: 1 - HandId: #4672403494349570049-4-1774949648 - Holdem no limit (10/20) - 2026/03/31 09:34:08 UTC
Table: 'Expresso Nitro(1087878713)#0' 3-max (real money) Seat #1 is the button
Seat 1: MathisKcr (30)
Seat 2: Galinette26 (610)
Seat 3: UPANDROOF (260)
*** ANTE/BLINDS ***
Galinette26 posts small blind 10
UPANDROOF posts big blind 20
Dealt to MathisKcr [8s Jc]
*** PRE-FLOP *** 
MathisKcr raises 10 to 30 and is all-in
Galinette26 folds
UPANDROOF calls 10
*** FLOP *** [9s 6c 8h]
*** TURN *** [9s 6c 8h][9c]
*** RIVER *** [9s 6c 8h 9c][7c]
*** SHOW DOWN ***
UPANDROOF shows [2d Kd] (One pair : 9)
MathisKcr shows [8s Jc] (Two pairs : 9 and 8)
MathisKcr collected 70 from pot
*** SUMMARY ***
Total pot 70 | No rake
Board: [9s 6c 8h 9c 7c]
Seat 1: MathisKcr (button) showed [8s Jc] and won 70 with Two pairs : 9 and 8
Seat 3: UPANDROOF (big blind) showed [2d Kd] and lost with One pair : 9


Winamax Poker - Tournament "Expresso Nitro" buyIn: 0.93€ + 0.07€ level: 1 - HandId: #4672403494349570049-5-1774949664 - Holdem no limit (10/20) - 2026/03/31 09:34:24 UTC
Table: 'Expresso Nitro(1087878713)#0' 3-max (real money) Seat #2 is the button
Seat 1: MathisKcr (70)
Seat 2: Galinette26 (600)
Seat 3: UPANDROOF (230)
*** ANTE/BLINDS ***
UPANDROOF posts small blind 10
MathisKcr posts big blind 20
Dealt to MathisKcr [2h 8d]
*** PRE-FLOP *** 
Galinette26 calls 20
UPANDROOF folds
MathisKcr checks
*** FLOP *** [Kh Ks Ts]
MathisKcr checks
Galinette26 bets 20
MathisKcr folds
Galinette26 collected 70 from pot
*** SUMMARY ***
Total pot 70 | No rake
Board: [Kh Ks Ts]
Seat 2: Galinette26 (button) won 70


Winamax Poker - Tournament "Expresso Nitro" buyIn: 0.93€ + 0.07€ level: 2 - HandId: #4672403494349570049-6-1774949683 - Holdem no limit (15/30) - 2026/03/31 09:34:43 UTC
Table: 'Expresso Nitro(1087878713)#0' 3-max (real money) Seat #3 is the button
Seat 1: MathisKcr (50)
Seat 2: Galinette26 (630)
Seat 3: UPANDROOF (220)
*** ANTE/BLINDS ***
MathisKcr posts small blind 15
Galinette26 posts big blind 30
Dealt to MathisKcr [Ad 5c]
*** PRE-FLOP *** 
UPANDROOF raises 190 to 220 and is all-in
MathisKcr calls 35 and is all-in
Galinette26 folds
*** FLOP *** [Ac Qs 3h]
*** TURN *** [Ac Qs 3h][5h]
*** RIVER *** [Ac Qs 3h 5h][4s]
*** SHOW DOWN ***
MathisKcr shows [Ad 5c] (Two pairs : Aces and 5)
UPANDROOF shows [Qd Jc] (One pair : Queens)
UPANDROOF collected 170 from side pot 1
MathisKcr collected 130 from main pot
*** SUMMARY ***
Total pot 300 | No rake
Board: [Ac Qs 3h 5h 4s]
Seat 1: MathisKcr (small blind) showed [Ad 5c] and won 130 with Two pairs : Aces and 5
Seat 3: UPANDROOF (button) showed [Qd Jc] and won 170 with One pair : Queens


Winamax Poker - Tournament "Expresso Nitro" buyIn: 0.93€ + 0.07€ level: 2 - HandId: #4672403494349570049-7-1774949701 - Holdem no limit (15/30) - 2026/03/31 09:35:01 UTC
Table: 'Expresso Nitro(1087878713)#0' 3-max (real money) Seat #1 is the button
Seat 1: MathisKcr (130)
Seat 2: Galinette26 (600)
Seat 3: UPANDROOF (170)
*** ANTE/BLINDS ***
Galinette26 posts small blind 15
UPANDROOF posts big blind 30
Dealt to MathisKcr [Ts Js]
*** PRE-FLOP *** 
MathisKcr raises 30 to 60
Galinette26 folds
UPANDROOF raises 110 to 170 and is all-in
MathisKcr calls 70 and is all-in
*** FLOP *** [7h 8s 4d]
*** TURN *** [7h 8s 4d][Qs]
*** RIVER *** [7h 8s 4d Qs][3c]
*** SHOW DOWN ***
MathisKcr shows [Ts Js] (High card : Queen)
UPANDROOF shows [7c As] (One pair : 7)
UPANDROOF collected 315 from pot
*** SUMMARY ***
Total pot 315 | No rake
Board: [7h 8s 4d Qs 3c]
Seat 1: MathisKcr (button) showed [Ts Js] and lost with High card : Queen
Seat 3: UPANDROOF (big blind) showed [7c As] and won 315 with One pair : 7


