Winamax Poker - Tournament "Expresso Nitro" buyIn: 0.93€ + 0.07€ level: 1 - HandId: #4613676709999280129-1-1772870334 - Holdem no limit (10/20) - 2026/03/07 07:58:54 UTC
Table: 'Expresso Nitro(1074205318)#0' 3-max (real money) Seat #1 is the button
Seat 1: MathisKcr (300)
Seat 2: 13XIII (300)
Seat 3: JD_Ghost9560 (300)
*** ANTE/BLINDS ***
13XIII posts small blind 10
JD_Ghost9560 posts big blind 20
Dealt to MathisKcr [Ah Ad]
*** PRE-FLOP *** 
MathisKcr calls 20
13XIII calls 10
JD_Ghost9560 checks
*** FLOP *** [6c 9s 6s]
13XIII checks
JD_Ghost9560 checks
MathisKcr checks
*** TURN *** [6c 9s 6s][8d]
13XIII checks
JD_Ghost9560 bets 60
MathisKcr raises 220 to 280 and is all-in
13XIII folds
JD_Ghost9560 calls 220 and is all-in
*** RIVER *** [6c 9s 6s 8d][Tc]
*** SHOW DOWN ***
MathisKcr shows [Ah Ad] (Two pairs : Aces and 6)
JD_Ghost9560 shows [7d 5d] (Straight Ten high)
JD_Ghost9560 collected 620 from pot
*** SUMMARY ***
Total pot 620 | No rake
Board: [6c 9s 6s 8d Tc]
Seat 1: MathisKcr (button) showed [Ah Ad] and lost with Two pairs : Aces and 6
Seat 3: JD_Ghost9560 (big blind) showed [7d 5d] and won 620 with Straight Ten high


