Winamax Poker - Tournament "Expresso Nitro" buyIn: 0.93€ + 0.07€ level: 1 - HandId: #4605655721135046657-1-1772549506 - Holdem no limit (10/20) - 2026/03/03 14:51:46 UTC
Table: 'Expresso Nitro(1072337786)#0' 3-max (real money) Seat #2 is the button
Seat 1: gonjo.14 (300)
Seat 2: MathisKcr (300)
Seat 3: kanan-630 (300)
*** ANTE/BLINDS ***
kanan-630 posts small blind 10
gonjo.14 posts big blind 20
Dealt to MathisKcr [Qs Jh]
*** PRE-FLOP *** 
MathisKcr raises 20 to 40
kanan-630 raises 100 to 140
gonjo.14 folds
MathisKcr raises 160 to 300 and is all-in
kanan-630 calls 160 and is all-in
*** FLOP *** [9s 4s 2d]
*** TURN *** [9s 4s 2d][4d]
*** RIVER *** [9s 4s 2d 4d][6h]
*** SHOW DOWN ***
kanan-630 shows [3c Qc] (One pair : 4)
MathisKcr shows [Qs Jh] (One pair : 4)
MathisKcr collected 620 from pot
*** SUMMARY ***
Total pot 620 | No rake
Board: [9s 4s 2d 4d 6h]
Seat 2: MathisKcr (button) showed [Qs Jh] and won 620 with One pair : 4
Seat 3: kanan-630 (small blind) showed [3c Qc] and lost with One pair : 4


Winamax Poker - Tournament "Expresso Nitro" buyIn: 0.93€ + 0.07€ level: 1 - HandId: #4605655721135046657-2-1772549526 - Holdem no limit (10/20) - 2026/03/03 14:52:06 UTC
Table: 'Expresso Nitro(1072337786)#0' 3-max (real money) Seat #1 is the button
Seat 1: gonjo.14 (280)
Seat 2: MathisKcr (620)
*** ANTE/BLINDS ***
gonjo.14 posts small blind 10
MathisKcr posts big blind 20
Dealt to MathisKcr [Qd Kc]
*** PRE-FLOP *** 
gonjo.14 raises 20 to 40
MathisKcr raises 580 to 620 and is all-in
gonjo.14 calls 240 and is all-in
*** FLOP *** [2h 2d 8s]
*** TURN *** [2h 2d 8s][9h]
*** RIVER *** [2h 2d 8s 9h][4c]
*** SHOW DOWN ***
gonjo.14 shows [As Qh] (One pair : 2)
MathisKcr shows [Qd Kc] (One pair : 2)
MathisKcr collected 340 from side pot 1
gonjo.14 collected 560 from main pot
*** SUMMARY ***
Total pot 900 | No rake
Board: [2h 2d 8s 9h 4c]
Seat 1: gonjo.14 (small blind) (button) showed [As Qh] and won 560 with One pair : 2
Seat 2: MathisKcr (big blind) showed [Qd Kc] and won 340 with One pair : 2


Winamax Poker - Tournament "Expresso Nitro" buyIn: 0.93€ + 0.07€ level: 1 - HandId: #4605655721135046657-3-1772549549 - Holdem no limit (10/20) - 2026/03/03 14:52:29 UTC
Table: 'Expresso Nitro(1072337786)#0' 3-max (real money) Seat #2 is the button
Seat 1: gonjo.14 (560)
Seat 2: MathisKcr (340)
*** ANTE/BLINDS ***
MathisKcr posts small blind 10
gonjo.14 posts big blind 20
Dealt to MathisKcr [Kh 8s]
*** PRE-FLOP *** 
MathisKcr raises 20 to 40
gonjo.14 folds
MathisKcr collected 60 from pot
*** SUMMARY ***
Total pot 60 | No rake
Seat 2: MathisKcr (small blind) (button) won 60


Winamax Poker - Tournament "Expresso Nitro" buyIn: 0.93€ + 0.07€ level: 1 - HandId: #4605655721135046657-4-1772549559 - Holdem no limit (10/20) - 2026/03/03 14:52:39 UTC
Table: 'Expresso Nitro(1072337786)#0' 3-max (real money) Seat #1 is the button
Seat 1: gonjo.14 (540)
Seat 2: MathisKcr (360)
*** ANTE/BLINDS ***
gonjo.14 posts small blind 10
MathisKcr posts big blind 20
Dealt to MathisKcr [3h Kd]
*** PRE-FLOP *** 
gonjo.14 calls 10
MathisKcr raises 20 to 40
gonjo.14 calls 20
*** FLOP *** [Th 8s Qc]
MathisKcr bets 40
gonjo.14 calls 40
*** TURN *** [Th 8s Qc][Kh]
MathisKcr bets 104
gonjo.14 calls 104
*** RIVER *** [Th 8s Qc Kh][7h]
MathisKcr bets 176 and is all-in
gonjo.14 folds
MathisKcr collected 544 from pot
*** SUMMARY ***
Total pot 544 | No rake
Board: [Th 8s Qc Kh 7h]
Seat 2: MathisKcr (big blind) won 544


Winamax Poker - Tournament "Expresso Nitro" buyIn: 0.93€ + 0.07€ level: 2 - HandId: #4605655721135046657-5-1772549584 - Holdem no limit (15/30) - 2026/03/03 14:53:04 UTC
Table: 'Expresso Nitro(1072337786)#0' 3-max (real money) Seat #2 is the button
Seat 1: gonjo.14 (356)
Seat 2: MathisKcr (544)
*** ANTE/BLINDS ***
MathisKcr posts small blind 15
gonjo.14 posts big blind 30
Dealt to MathisKcr [8s 8d]
*** PRE-FLOP *** 
MathisKcr raises 514 to 544 and is all-in
gonjo.14 folds
MathisKcr collected 574 from pot
*** SUMMARY ***
Total pot 574 | No rake
Seat 2: MathisKcr (small blind) (button) won 574


Winamax Poker - Tournament "Expresso Nitro" buyIn: 0.93€ + 0.07€ level: 2 - HandId: #4605655721135046657-6-1772549592 - Holdem no limit (15/30) - 2026/03/03 14:53:12 UTC
Table: 'Expresso Nitro(1072337786)#0' 3-max (real money) Seat #1 is the button
Seat 1: gonjo.14 (326)
Seat 2: MathisKcr (574)
*** ANTE/BLINDS ***
gonjo.14 posts small blind 15
MathisKcr posts big blind 30
Dealt to MathisKcr [Kh Ts]
*** PRE-FLOP *** 
gonjo.14 calls 15
MathisKcr raises 544 to 574 and is all-in
gonjo.14 calls 296 and is all-in
*** FLOP *** [Kd Td 6c]
*** TURN *** [Kd Td 6c][As]
*** RIVER *** [Kd Td 6c As][7d]
*** SHOW DOWN ***
gonjo.14 shows [Jd Qc] (Straight Ace high)
MathisKcr shows [Kh Ts] (Two pairs : Kings and Tens)
MathisKcr collected 248 from side pot 1
gonjo.14 collected 652 from main pot
*** SUMMARY ***
Total pot 900 | No rake
Board: [Kd Td 6c As 7d]
Seat 1: gonjo.14 (small blind) (button) showed [Jd Qc] and won 652 with Straight Ace high
Seat 2: MathisKcr (big blind) showed [Kh Ts] and won 248 with Two pairs : Kings and Tens


Winamax Poker - Tournament "Expresso Nitro" buyIn: 0.93€ + 0.07€ level: 2 - HandId: #4605655721135046657-7-1772549609 - Holdem no limit (15/30) - 2026/03/03 14:53:29 UTC
Table: 'Expresso Nitro(1072337786)#0' 3-max (real money) Seat #2 is the button
Seat 1: gonjo.14 (652)
Seat 2: MathisKcr (248)
*** ANTE/BLINDS ***
MathisKcr posts small blind 15
gonjo.14 posts big blind 30
Dealt to MathisKcr [3d 2d]
*** PRE-FLOP *** 
MathisKcr folds
gonjo.14 collected 45 from pot
*** SUMMARY ***
Total pot 45 | No rake
Seat 1: gonjo.14 (big blind) won 45


Winamax Poker - Tournament "Expresso Nitro" buyIn: 0.93€ + 0.07€ level: 2 - HandId: #4605655721135046657-8-1772549614 - Holdem no limit (15/30) - 2026/03/03 14:53:34 UTC
Table: 'Expresso Nitro(1072337786)#0' 3-max (real money) Seat #1 is the button
Seat 1: gonjo.14 (667)
Seat 2: MathisKcr (233)
*** ANTE/BLINDS ***
gonjo.14 posts small blind 15
MathisKcr posts big blind 30
Dealt to MathisKcr [2d 6s]
*** PRE-FLOP *** 
gonjo.14 raises 30 to 60
MathisKcr folds
gonjo.14 collected 90 from pot
*** SUMMARY ***
Total pot 90 | No rake
Seat 1: gonjo.14 (small blind) (button) won 90


Winamax Poker - Tournament "Expresso Nitro" buyIn: 0.93€ + 0.07€ level: 2 - HandId: #4605655721135046657-9-1772549621 - Holdem no limit (15/30) - 2026/03/03 14:53:41 UTC
Table: 'Expresso Nitro(1072337786)#0' 3-max (real money) Seat #2 is the button
Seat 1: gonjo.14 (697)
Seat 2: MathisKcr (203)
*** ANTE/BLINDS ***
MathisKcr posts small blind 15
gonjo.14 posts big blind 30
Dealt to MathisKcr [Js Qd]
*** PRE-FLOP *** 
MathisKcr raises 173 to 203 and is all-in
gonjo.14 folds
MathisKcr collected 233 from pot
*** SUMMARY ***
Total pot 233 | No rake
Seat 2: MathisKcr (small blind) (button) won 233


Winamax Poker - Tournament "Expresso Nitro" buyIn: 0.93€ + 0.07€ level: 3 - HandId: #4605655721135046657-10-1772549628 - Holdem no limit (20/40) - 2026/03/03 14:53:48 UTC
Table: 'Expresso Nitro(1072337786)#0' 3-max (real money) Seat #1 is the button
Seat 1: gonjo.14 (667)
Seat 2: MathisKcr (233)
*** ANTE/BLINDS ***
gonjo.14 posts small blind 20
MathisKcr posts big blind 40
Dealt to MathisKcr [Th Qh]
*** PRE-FLOP *** 
gonjo.14 calls 20
MathisKcr raises 193 to 233 and is all-in
gonjo.14 calls 193
*** FLOP *** [2s 6s Jc]
*** TURN *** [2s 6s Jc][7c]
*** RIVER *** [2s 6s Jc 7c][5d]
*** SHOW DOWN ***
MathisKcr shows [Th Qh] (High card : Queen)
gonjo.14 shows [2c Qs] (One pair : 2)
gonjo.14 collected 466 from pot
*** SUMMARY ***
Total pot 466 | No rake
Board: [2s 6s Jc 7c 5d]
Seat 1: gonjo.14 (small blind) (button) showed [2c Qs] and won 466 with One pair : 2
Seat 2: MathisKcr (big blind) showed [Th Qh] and lost with High card : Queen


