Winamax Poker - Tournament "Expresso Nitro" buyIn: 0.93€ + 0.07€ level: 1 - HandId: #4669986832216227841-1-1774857663 - Holdem no limit (10/20) - 2026/03/30 08:01:03 UTC
Table: 'Expresso Nitro(1087316040)#0' 3-max (real money) Seat #3 is the button
Seat 1: sitosub (300)
Seat 2: tomsha49 (300)
Seat 3: MathisKcr (300)
*** ANTE/BLINDS ***
sitosub posts small blind 10
tomsha49 posts big blind 20
Dealt to MathisKcr [8d Kh]
*** PRE-FLOP *** 
MathisKcr raises 20 to 40
sitosub folds
tomsha49 calls 20
*** FLOP *** [9s 9c 7d]
tomsha49 checks
MathisKcr checks
*** TURN *** [9s 9c 7d][Jh]
tomsha49 bets 31
MathisKcr folds
tomsha49 collected 121 from pot
*** SUMMARY ***
Total pot 121 | No rake
Board: [9s 9c 7d Jh]
Seat 2: tomsha49 (big blind) won 121


Winamax Poker - Tournament "Expresso Nitro" buyIn: 0.93€ + 0.07€ level: 1 - HandId: #4669986832216227841-2-1774857690 - Holdem no limit (10/20) - 2026/03/30 08:01:30 UTC
Table: 'Expresso Nitro(1087316040)#0' 3-max (real money) Seat #1 is the button
Seat 1: sitosub (290)
Seat 2: tomsha49 (350)
Seat 3: MathisKcr (260)
*** ANTE/BLINDS ***
tomsha49 posts small blind 10
MathisKcr posts big blind 20
Dealt to MathisKcr [9s Ac]
*** PRE-FLOP *** 
sitosub raises 20 to 40
tomsha49 raises 60 to 100
MathisKcr folds
sitosub calls 60
*** FLOP *** [Qh 6c 2s]
tomsha49 bets 250 and is all-in
sitosub folds
tomsha49 collected 470 from pot
*** SUMMARY ***
Total pot 470 | No rake
Board: [Qh 6c 2s]
Seat 2: tomsha49 (small blind) won 470


Winamax Poker - Tournament "Expresso Nitro" buyIn: 0.93€ + 0.07€ level: 2 - HandId: #4669986832216227841-3-1774857731 - Holdem no limit (15/30) - 2026/03/30 08:02:11 UTC
Table: 'Expresso Nitro(1087316040)#0' 3-max (real money) Seat #2 is the button
Seat 1: sitosub (190)
Seat 2: tomsha49 (470)
Seat 3: MathisKcr (240)
*** ANTE/BLINDS ***
MathisKcr posts small blind 15
sitosub posts big blind 30
Dealt to MathisKcr [Qc Ad]
*** PRE-FLOP *** 
tomsha49 folds
MathisKcr raises 210 to 240 and is all-in
sitosub folds
MathisKcr collected 270 from pot
*** SUMMARY ***
Total pot 270 | No rake
Seat 3: MathisKcr (small blind) won 270


Winamax Poker - Tournament "Expresso Nitro" buyIn: 0.93€ + 0.07€ level: 2 - HandId: #4669986832216227841-4-1774857741 - Holdem no limit (15/30) - 2026/03/30 08:02:21 UTC
Table: 'Expresso Nitro(1087316040)#0' 3-max (real money) Seat #3 is the button
Seat 1: sitosub (160)
Seat 2: tomsha49 (470)
Seat 3: MathisKcr (270)
*** ANTE/BLINDS ***
sitosub posts small blind 15
tomsha49 posts big blind 30
Dealt to MathisKcr [4h 5d]
*** PRE-FLOP *** 
MathisKcr folds
sitosub folds
tomsha49 collected 45 from pot
*** SUMMARY ***
Total pot 45 | No rake
Seat 2: tomsha49 (big blind) won 45


Winamax Poker - Tournament "Expresso Nitro" buyIn: 0.93€ + 0.07€ level: 2 - HandId: #4669986832216227841-5-1774857748 - Holdem no limit (15/30) - 2026/03/30 08:02:28 UTC
Table: 'Expresso Nitro(1087316040)#0' 3-max (real money) Seat #1 is the button
Seat 1: sitosub (145)
Seat 2: tomsha49 (485)
Seat 3: MathisKcr (270)
*** ANTE/BLINDS ***
tomsha49 posts small blind 15
MathisKcr posts big blind 30
Dealt to MathisKcr [3d Js]
*** PRE-FLOP *** 
sitosub folds
tomsha49 raises 30 to 60
MathisKcr calls 30
*** FLOP *** [Qc 2s Td]
tomsha49 bets 42
MathisKcr folds
tomsha49 collected 162 from pot
*** SUMMARY ***
Total pot 162 | No rake
Board: [Qc 2s Td]
Seat 2: tomsha49 (small blind) won 162


Winamax Poker - Tournament "Expresso Nitro" buyIn: 0.93€ + 0.07€ level: 2 - HandId: #4669986832216227841-6-1774857774 - Holdem no limit (15/30) - 2026/03/30 08:02:54 UTC
Table: 'Expresso Nitro(1087316040)#0' 3-max (real money) Seat #2 is the button
Seat 1: sitosub (145)
Seat 2: tomsha49 (545)
Seat 3: MathisKcr (210)
*** ANTE/BLINDS ***
MathisKcr posts small blind 15
sitosub posts big blind 30
Dealt to MathisKcr [6d 8d]
*** PRE-FLOP *** 
tomsha49 folds
MathisKcr folds
sitosub collected 45 from pot
*** SUMMARY ***
Total pot 45 | No rake
Seat 1: sitosub (big blind) won 45


Winamax Poker - Tournament "Expresso Nitro" buyIn: 0.93€ + 0.07€ level: 2 - HandId: #4669986832216227841-7-1774857780 - Holdem no limit (15/30) - 2026/03/30 08:03:00 UTC
Table: 'Expresso Nitro(1087316040)#0' 3-max (real money) Seat #3 is the button
Seat 1: sitosub (160)
Seat 2: tomsha49 (545)
Seat 3: MathisKcr (195)
*** ANTE/BLINDS ***
sitosub posts small blind 15
tomsha49 posts big blind 30
Dealt to MathisKcr [Qs Jc]
*** PRE-FLOP *** 
MathisKcr raises 30 to 60
sitosub folds
tomsha49 calls 30
*** FLOP *** [2h 3h 7d]
tomsha49 checks
MathisKcr bets 47
tomsha49 folds
MathisKcr collected 182 from pot
*** SUMMARY ***
Total pot 182 | No rake
Board: [2h 3h 7d]
Seat 3: MathisKcr (button) won 182


Winamax Poker - Tournament "Expresso Nitro" buyIn: 0.93€ + 0.07€ level: 3 - HandId: #4669986832216227841-8-1774857807 - Holdem no limit (20/40) - 2026/03/30 08:03:27 UTC
Table: 'Expresso Nitro(1087316040)#0' 3-max (real money) Seat #1 is the button
Seat 1: sitosub (145)
Seat 2: tomsha49 (485)
Seat 3: MathisKcr (270)
*** ANTE/BLINDS ***
tomsha49 posts small blind 20
MathisKcr posts big blind 40
Dealt to MathisKcr [Kh 6d]
*** PRE-FLOP *** 
sitosub folds
tomsha49 calls 20
MathisKcr raises 230 to 270 and is all-in
tomsha49 folds
MathisKcr collected 310 from pot
*** SUMMARY ***
Total pot 310 | No rake
Seat 3: MathisKcr (big blind) won 310


Winamax Poker - Tournament "Expresso Nitro" buyIn: 0.93€ + 0.07€ level: 3 - HandId: #4669986832216227841-9-1774857823 - Holdem no limit (20/40) - 2026/03/30 08:03:43 UTC
Table: 'Expresso Nitro(1087316040)#0' 3-max (real money) Seat #2 is the button
Seat 1: sitosub (145)
Seat 2: tomsha49 (445)
Seat 3: MathisKcr (310)
*** ANTE/BLINDS ***
MathisKcr posts small blind 20
sitosub posts big blind 40
Dealt to MathisKcr [Jd 2h]
*** PRE-FLOP *** 
tomsha49 folds
MathisKcr folds
sitosub collected 60 from pot
*** SUMMARY ***
Total pot 60 | No rake
Seat 1: sitosub (big blind) won 60


Winamax Poker - Tournament "Expresso Nitro" buyIn: 0.93€ + 0.07€ level: 3 - HandId: #4669986832216227841-10-1774857831 - Holdem no limit (20/40) - 2026/03/30 08:03:51 UTC
Table: 'Expresso Nitro(1087316040)#0' 3-max (real money) Seat #3 is the button
Seat 1: sitosub (165)
Seat 2: tomsha49 (445)
Seat 3: MathisKcr (290)
*** ANTE/BLINDS ***
sitosub posts small blind 20
tomsha49 posts big blind 40
Dealt to MathisKcr [Kc As]
*** PRE-FLOP *** 
MathisKcr raises 250 to 290 and is all-in
sitosub folds
tomsha49 folds
MathisKcr collected 350 from pot
*** SUMMARY ***
Total pot 350 | No rake
Seat 3: MathisKcr (button) won 350


Winamax Poker - Tournament "Expresso Nitro" buyIn: 0.93€ + 0.07€ level: 4 - HandId: #4669986832216227841-11-1774857849 - Holdem no limit (30/60) - 2026/03/30 08:04:09 UTC
Table: 'Expresso Nitro(1087316040)#0' 3-max (real money) Seat #1 is the button
Seat 1: sitosub (145)
Seat 2: tomsha49 (405)
Seat 3: MathisKcr (350)
*** ANTE/BLINDS ***
tomsha49 posts small blind 30
MathisKcr posts big blind 60
Dealt to MathisKcr [Jc Ad]
*** PRE-FLOP *** 
sitosub raises 85 to 145 and is all-in
tomsha49 folds
MathisKcr calls 85
*** FLOP *** [7h 2c 6c]
*** TURN *** [7h 2c 6c][5s]
*** RIVER *** [7h 2c 6c 5s][8d]
*** SHOW DOWN ***
MathisKcr shows [Jc Ad] (High card : Ace)
sitosub shows [4d 4c] (Straight 8 high)
sitosub collected 320 from pot
*** SUMMARY ***
Total pot 320 | No rake
Board: [7h 2c 6c 5s 8d]
Seat 1: sitosub (button) showed [4d 4c] and won 320 with Straight 8 high
Seat 3: MathisKcr (big blind) showed [Jc Ad] and lost with High card : Ace


Winamax Poker - Tournament "Expresso Nitro" buyIn: 0.93€ + 0.07€ level: 4 - HandId: #4669986832216227841-12-1774857869 - Holdem no limit (30/60) - 2026/03/30 08:04:29 UTC
Table: 'Expresso Nitro(1087316040)#0' 3-max (real money) Seat #2 is the button
Seat 1: sitosub (320)
Seat 2: tomsha49 (375)
Seat 3: MathisKcr (205)
*** ANTE/BLINDS ***
MathisKcr posts small blind 30
sitosub posts big blind 60
Dealt to MathisKcr [Jd Kh]
*** PRE-FLOP *** 
tomsha49 calls 60
MathisKcr raises 145 to 205 and is all-in
sitosub folds
tomsha49 calls 145
*** FLOP *** [Kc Kd 5s]
*** TURN *** [Kc Kd 5s][9h]
*** RIVER *** [Kc Kd 5s 9h][6h]
*** SHOW DOWN ***
tomsha49 shows [Qd Ts] (One pair : Kings)
MathisKcr shows [Jd Kh] (Trips of Kings)
MathisKcr collected 470 from pot
*** SUMMARY ***
Total pot 470 | No rake
Board: [Kc Kd 5s 9h 6h]
Seat 2: tomsha49 (button) showed [Qd Ts] and lost with One pair : Kings
Seat 3: MathisKcr (small blind) showed [Jd Kh] and won 470 with Trips of Kings


Winamax Poker - Tournament "Expresso Nitro" buyIn: 0.93€ + 0.07€ level: 4 - HandId: #4669986832216227841-13-1774857887 - Holdem no limit (30/60) - 2026/03/30 08:04:47 UTC
Table: 'Expresso Nitro(1087316040)#0' 3-max (real money) Seat #3 is the button
Seat 1: sitosub (260)
Seat 2: tomsha49 (170)
Seat 3: MathisKcr (470)
*** ANTE/BLINDS ***
sitosub posts small blind 30
tomsha49 posts big blind 60
Dealt to MathisKcr [4h Kc]
*** PRE-FLOP *** 
MathisKcr folds
sitosub folds
tomsha49 collected 90 from pot
*** SUMMARY ***
Total pot 90 | No rake
Seat 2: tomsha49 (big blind) won 90


Winamax Poker - Tournament "Expresso Nitro" buyIn: 0.93€ + 0.07€ level: 4 - HandId: #4669986832216227841-14-1774857899 - Holdem no limit (30/60) - 2026/03/30 08:04:59 UTC
Table: 'Expresso Nitro(1087316040)#0' 3-max (real money) Seat #1 is the button
Seat 1: sitosub (230)
Seat 2: tomsha49 (200)
Seat 3: MathisKcr (470)
*** ANTE/BLINDS ***
tomsha49 posts small blind 30
MathisKcr posts big blind 60
Dealt to MathisKcr [Tc 6s]
*** PRE-FLOP *** 
sitosub raises 170 to 230 and is all-in
tomsha49 folds
MathisKcr folds
sitosub collected 320 from pot
*** SUMMARY ***
Total pot 320 | No rake
Seat 1: sitosub (button) won 320


Winamax Poker - Tournament "Expresso Nitro" buyIn: 0.93€ + 0.07€ level: 5 - HandId: #4669986832216227841-15-1774857908 - Holdem no limit (40/80) - 2026/03/30 08:05:08 UTC
Table: 'Expresso Nitro(1087316040)#0' 3-max (real money) Seat #2 is the button
Seat 1: sitosub (320)
Seat 2: tomsha49 (170)
Seat 3: MathisKcr (410)
*** ANTE/BLINDS ***
MathisKcr posts small blind 40
sitosub posts big blind 80
Dealt to MathisKcr [9d Td]
*** PRE-FLOP *** 
tomsha49 raises 90 to 170 and is all-in
MathisKcr raises 240 to 410 and is all-in
sitosub folds
*** FLOP *** [5c 2h 3d]
*** TURN *** [5c 2h 3d][9h]
*** RIVER *** [5c 2h 3d 9h][2s]
*** SHOW DOWN ***
tomsha49 shows [Jc 4c] (One pair : 2)
MathisKcr shows [9d Td] (Two pairs : 9 and 2)
MathisKcr collected 660 from pot
*** SUMMARY ***
Total pot 660 | No rake
Board: [5c 2h 3d 9h 2s]
Seat 2: tomsha49 (button) showed [Jc 4c] and lost with One pair : 2
Seat 3: MathisKcr (small blind) showed [9d Td] and won 660 with Two pairs : 9 and 2


Winamax Poker - Tournament "Expresso Nitro" buyIn: 0.93€ + 0.07€ level: 5 - HandId: #4669986832216227841-16-1774857925 - Holdem no limit (40/80) - 2026/03/30 08:05:25 UTC
Table: 'Expresso Nitro(1087316040)#0' 3-max (real money) Seat #1 is the button
Seat 1: sitosub (240)
Seat 3: MathisKcr (660)
*** ANTE/BLINDS ***
sitosub posts small blind 40
MathisKcr posts big blind 80
Dealt to MathisKcr [8s 2h]
*** PRE-FLOP *** 
sitosub folds
MathisKcr collected 120 from pot
*** SUMMARY ***
Total pot 120 | No rake
Seat 3: MathisKcr (big blind) won 120


Winamax Poker - Tournament "Expresso Nitro" buyIn: 0.93€ + 0.07€ level: 5 - HandId: #4669986832216227841-17-1774857930 - Holdem no limit (40/80) - 2026/03/30 08:05:30 UTC
Table: 'Expresso Nitro(1087316040)#0' 3-max (real money) Seat #3 is the button
Seat 1: sitosub (200)
Seat 3: MathisKcr (700)
*** ANTE/BLINDS ***
MathisKcr posts small blind 40
sitosub posts big blind 80
Dealt to MathisKcr [Qs 7d]
*** PRE-FLOP *** 
MathisKcr raises 620 to 700 and is all-in
sitosub calls 120 and is all-in
*** FLOP *** [2h 9d Ts]
*** TURN *** [2h 9d Ts][8s]
*** RIVER *** [2h 9d Ts 8s][3h]
*** SHOW DOWN ***
sitosub shows [2d 9s] (Two pairs : 9 and 2)
MathisKcr shows [Qs 7d] (High card : Queen)
MathisKcr collected 500 from side pot 1
sitosub collected 400 from main pot
*** SUMMARY ***
Total pot 900 | No rake
Board: [2h 9d Ts 8s 3h]
Seat 1: sitosub (big blind) showed [2d 9s] and won 400 with Two pairs : 9 and 2
Seat 3: MathisKcr (small blind) (button) showed [Qs 7d] and won 500 with High card : Queen


Winamax Poker - Tournament "Expresso Nitro" buyIn: 0.93€ + 0.07€ level: 5 - HandId: #4669986832216227841-18-1774857944 - Holdem no limit (40/80) - 2026/03/30 08:05:44 UTC
Table: 'Expresso Nitro(1087316040)#0' 3-max (real money) Seat #1 is the button
Seat 1: sitosub (400)
Seat 3: MathisKcr (500)
*** ANTE/BLINDS ***
sitosub posts small blind 40
MathisKcr posts big blind 80
Dealt to MathisKcr [5c 2h]
*** PRE-FLOP *** 
sitosub folds
MathisKcr collected 120 from pot
*** SUMMARY ***
Total pot 120 | No rake
Seat 3: MathisKcr (big blind) won 120


Winamax Poker - Tournament "Expresso Nitro" buyIn: 0.93€ + 0.07€ level: 5 - HandId: #4669986832216227841-19-1774857948 - Holdem no limit (40/80) - 2026/03/30 08:05:48 UTC
Table: 'Expresso Nitro(1087316040)#0' 3-max (real money) Seat #3 is the button
Seat 1: sitosub (360)
Seat 3: MathisKcr (540)
*** ANTE/BLINDS ***
MathisKcr posts small blind 40
sitosub posts big blind 80
Dealt to MathisKcr [9c Kc]
*** PRE-FLOP *** 
MathisKcr raises 460 to 540 and is all-in
sitosub folds
MathisKcr collected 620 from pot
*** SUMMARY ***
Total pot 620 | No rake
Seat 3: MathisKcr (small blind) (button) won 620


Winamax Poker - Tournament "Expresso Nitro" buyIn: 0.93€ + 0.07€ level: 5 - HandId: #4669986832216227841-20-1774857955 - Holdem no limit (40/80) - 2026/03/30 08:05:55 UTC
Table: 'Expresso Nitro(1087316040)#0' 3-max (real money) Seat #1 is the button
Seat 1: sitosub (280)
Seat 3: MathisKcr (620)
*** ANTE/BLINDS ***
sitosub posts small blind 40
MathisKcr posts big blind 80
Dealt to MathisKcr [Td 3h]
*** PRE-FLOP *** 
sitosub calls 40
MathisKcr checks
*** FLOP *** [Qs 3d Jh]
MathisKcr checks
sitosub checks
*** TURN *** [Qs 3d Jh][9d]
MathisKcr bets 160
sitosub raises 40 to 200 and is all-in
MathisKcr calls 40
*** RIVER *** [Qs 3d Jh 9d][8h]
*** SHOW DOWN ***
sitosub shows [Tc Th] (Straight Queen high)
MathisKcr shows [Td 3h] (Straight Queen high)
MathisKcr collected 280 from pot
sitosub collected 280 from pot
*** SUMMARY ***
Total pot 560 | No rake
Board: [Qs 3d Jh 9d 8h]
Seat 1: sitosub (small blind) (button) showed [Tc Th] and won 280 with Straight Queen high
Seat 3: MathisKcr (big blind) showed [Td 3h] and won 280 with Straight Queen high


Winamax Poker - Tournament "Expresso Nitro" buyIn: 0.93€ + 0.07€ level: 6 - HandId: #4669986832216227841-21-1774857979 - Holdem no limit (50/100) - 2026/03/30 08:06:19 UTC
Table: 'Expresso Nitro(1087316040)#0' 3-max (real money) Seat #3 is the button
Seat 1: sitosub (280)
Seat 3: MathisKcr (620)
*** ANTE/BLINDS ***
MathisKcr posts small blind 50
sitosub posts big blind 100
Dealt to MathisKcr [Qc 8c]
*** PRE-FLOP *** 
MathisKcr raises 520 to 620 and is all-in
sitosub calls 180 and is all-in
*** FLOP *** [5c Jd 6h]
*** TURN *** [5c Jd 6h][3s]
*** RIVER *** [5c Jd 6h 3s][8h]
*** SHOW DOWN ***
sitosub shows [Th Ah] (High card : Ace)
MathisKcr shows [Qc 8c] (One pair : 8)
MathisKcr collected 900 from pot
*** SUMMARY ***
Total pot 900 | No rake
Board: [5c Jd 6h 3s 8h]
Seat 1: sitosub (big blind) showed [Th Ah] and lost with High card : Ace
Seat 3: MathisKcr (small blind) (button) showed [Qc 8c] and won 900 with One pair : 8


