Winamax Poker - Tournament "Expresso Nitro" buyIn: 0.93€ + 0.07€ level: 1 - HandId: #4669155983677718529-1-1774816035 - Holdem no limit (10/20) - 2026/03/29 20:27:15 UTC
Table: 'Expresso Nitro(1087122593)#0' 3-max (real money) Seat #1 is the button
Seat 1: fier-4648214 (300)
Seat 2: Sankou92 (300)
Seat 3: MathisKcr (300)
*** ANTE/BLINDS ***
Sankou92 posts small blind 10
MathisKcr posts big blind 20
Dealt to MathisKcr [6h 5c]
*** PRE-FLOP *** 
fier-4648214 calls 20
Sankou92 calls 10
MathisKcr checks
*** FLOP *** [Ts Kd Ac]
Sankou92 checks
MathisKcr checks
fier-4648214 checks
*** TURN *** [Ts Kd Ac][8c]
Sankou92 bets 20
MathisKcr folds
fier-4648214 calls 20
*** RIVER *** [Ts Kd Ac 8c][3s]
Sankou92 bets 35
fier-4648214 folds
Sankou92 collected 135 from pot
*** SUMMARY ***
Total pot 135 | No rake
Board: [Ts Kd Ac 8c 3s]
Seat 2: Sankou92 (small blind) won 135


Winamax Poker - Tournament "Expresso Nitro" buyIn: 0.93€ + 0.07€ level: 1 - HandId: #4669155983677718529-2-1774816085 - Holdem no limit (10/20) - 2026/03/29 20:28:05 UTC
Table: 'Expresso Nitro(1087122593)#0' 3-max (real money) Seat #2 is the button
Seat 1: fier-4648214 (260)
Seat 2: Sankou92 (360)
Seat 3: MathisKcr (280)
*** ANTE/BLINDS ***
MathisKcr posts small blind 10
fier-4648214 posts big blind 20
Dealt to MathisKcr [7h Td]
*** PRE-FLOP *** 
Sankou92 folds
MathisKcr folds
fier-4648214 collected 30 from pot
*** SUMMARY ***
Total pot 30 | No rake
Seat 1: fier-4648214 (big blind) won 30


Winamax Poker - Tournament "Expresso Nitro" buyIn: 0.93€ + 0.07€ level: 2 - HandId: #4669155983677718529-3-1774816094 - Holdem no limit (15/30) - 2026/03/29 20:28:14 UTC
Table: 'Expresso Nitro(1087122593)#0' 3-max (real money) Seat #3 is the button
Seat 1: fier-4648214 (270)
Seat 2: Sankou92 (360)
Seat 3: MathisKcr (270)
*** ANTE/BLINDS ***
fier-4648214 posts small blind 15
Sankou92 posts big blind 30
Dealt to MathisKcr [Kc 9h]
*** PRE-FLOP *** 
MathisKcr raises 30 to 60
fier-4648214 folds
Sankou92 folds
MathisKcr collected 105 from pot
*** SUMMARY ***
Total pot 105 | No rake
Seat 3: MathisKcr (button) won 105


Winamax Poker - Tournament "Expresso Nitro" buyIn: 0.93€ + 0.07€ level: 2 - HandId: #4669155983677718529-4-1774816104 - Holdem no limit (15/30) - 2026/03/29 20:28:24 UTC
Table: 'Expresso Nitro(1087122593)#0' 3-max (real money) Seat #1 is the button
Seat 1: fier-4648214 (255)
Seat 2: Sankou92 (330)
Seat 3: MathisKcr (315)
*** ANTE/BLINDS ***
Sankou92 posts small blind 15
MathisKcr posts big blind 30
Dealt to MathisKcr [8h 8c]
*** PRE-FLOP *** 
fier-4648214 raises 225 to 255 and is all-in
Sankou92 folds
MathisKcr calls 225
*** FLOP *** [5c 3s 2c]
*** TURN *** [5c 3s 2c][Kd]
*** RIVER *** [5c 3s 2c Kd][2h]
*** SHOW DOWN ***
fier-4648214 shows [5d 9d] (Two pairs : 5 and 2)
MathisKcr shows [8h 8c] (Two pairs : 8 and 2)
MathisKcr collected 525 from pot
*** SUMMARY ***
Total pot 525 | No rake
Board: [5c 3s 2c Kd 2h]
Seat 1: fier-4648214 (button) showed [5d 9d] and lost with Two pairs : 5 and 2
Seat 3: MathisKcr (big blind) showed [8h 8c] and won 525 with Two pairs : 8 and 2


Winamax Poker - Tournament "Expresso Nitro" buyIn: 0.93€ + 0.07€ level: 2 - HandId: #4669155983677718529-5-1774816117 - Holdem no limit (15/30) - 2026/03/29 20:28:37 UTC
Table: 'Expresso Nitro(1087122593)#0' 3-max (real money) Seat #3 is the button
Seat 2: Sankou92 (315)
Seat 3: MathisKcr (585)
*** ANTE/BLINDS ***
MathisKcr posts small blind 15
Sankou92 posts big blind 30
Dealt to MathisKcr [Kc Kh]
*** PRE-FLOP *** 
MathisKcr calls 15
Sankou92 checks
*** FLOP *** [9c Js 7h]
Sankou92 checks
MathisKcr bets 39
Sankou92 calls 39
*** TURN *** [9c Js 7h][6c]
Sankou92 checks
MathisKcr bets 90
Sankou92 calls 90
*** RIVER *** [9c Js 7h 6c][2d]
Sankou92 checks
MathisKcr bets 426 and is all-in
Sankou92 calls 156 and is all-in
*** SHOW DOWN ***
Sankou92 shows [Jc Qh] (One pair : Jacks)
MathisKcr shows [Kc Kh] (One pair : Kings)
MathisKcr collected 900 from pot
*** SUMMARY ***
Total pot 900 | No rake
Board: [9c Js 7h 6c 2d]
Seat 2: Sankou92 (big blind) showed [Jc Qh] and lost with One pair : Jacks
Seat 3: MathisKcr (small blind) (button) showed [Kc Kh] and won 900 with One pair : Kings


