Winamax Poker - Tournament "Expresso Nitro" buyIn: 0.93€ + 0.07€ level: 1 - HandId: #4573293464682233857-1-1771244870 - Holdem no limit (10/20) - 2026/02/16 12:27:50 UTC
Table: 'Expresso Nitro(1064802861)#0' 3-max (real money) Seat #3 is the button
Seat 1: MathisKcr (300)
Seat 2: Pampers2Lux (300)
Seat 3: Dstyl31 (300)
*** ANTE/BLINDS ***
MathisKcr posts small blind 10
Pampers2Lux posts big blind 20
Dealt to MathisKcr [4s Kd]
*** PRE-FLOP *** 
Dstyl31 calls 20
MathisKcr raises 30 to 50
Pampers2Lux folds
Dstyl31 calls 30
*** FLOP *** [2h 6c 7d]
MathisKcr checks
Dstyl31 checks
*** TURN *** [2h 6c 7d][9c]
MathisKcr checks
Dstyl31 checks
*** RIVER *** [2h 6c 7d 9c][6d]
MathisKcr checks
Dstyl31 bets 120
MathisKcr calls 120
*** SHOW DOWN ***
MathisKcr shows [4s Kd] (One pair : 6)
Dstyl31 shows [Td Tc] (Two pairs : Tens and 6)
Dstyl31 collected 360 from pot
*** SUMMARY ***
Total pot 360 | No rake
Board: [2h 6c 7d 9c 6d]
Seat 1: MathisKcr (small blind) showed [4s Kd] and lost with One pair : 6
Seat 3: Dstyl31 (button) showed [Td Tc] and won 360 with Two pairs : Tens and 6


Winamax Poker - Tournament "Expresso Nitro" buyIn: 0.93€ + 0.07€ level: 1 - HandId: #4573293464682233857-2-1771244902 - Holdem no limit (10/20) - 2026/02/16 12:28:22 UTC
Table: 'Expresso Nitro(1064802861)#0' 3-max (real money) Seat #1 is the button
Seat 1: MathisKcr (130)
Seat 2: Pampers2Lux (280)
Seat 3: Dstyl31 (490)
*** ANTE/BLINDS ***
Pampers2Lux posts small blind 10
Dstyl31 posts big blind 20
Dealt to MathisKcr [3h 7c]
*** PRE-FLOP *** 
MathisKcr folds
Pampers2Lux calls 10
Dstyl31 checks
*** FLOP *** [9h Td 9s]
Pampers2Lux bets 260 and is all-in
Dstyl31 folds
Pampers2Lux collected 300 from pot
*** SUMMARY ***
Total pot 300 | No rake
Board: [9h Td 9s]
Seat 2: Pampers2Lux (small blind) won 300


Winamax Poker - Tournament "Expresso Nitro" buyIn: 0.93€ + 0.07€ level: 2 - HandId: #4573293464682233857-3-1771244931 - Holdem no limit (15/30) - 2026/02/16 12:28:51 UTC
Table: 'Expresso Nitro(1064802861)#0' 3-max (real money) Seat #2 is the button
Seat 1: MathisKcr (130)
Seat 2: Pampers2Lux (300)
Seat 3: Dstyl31 (470)
*** ANTE/BLINDS ***
Dstyl31 posts small blind 15
MathisKcr posts big blind 30
Dealt to MathisKcr [Jd 5c]
*** PRE-FLOP *** 
Pampers2Lux folds
Dstyl31 calls 15
MathisKcr checks
*** FLOP *** [6c 3h 9d]
Dstyl31 checks
MathisKcr checks
*** TURN *** [6c 3h 9d][2d]
Dstyl31 checks
MathisKcr bets 100 and is all-in
Dstyl31 folds
MathisKcr collected 160 from pot
*** SUMMARY ***
Total pot 160 | No rake
Board: [6c 3h 9d 2d]
Seat 1: MathisKcr (big blind) won 160


Winamax Poker - Tournament "Expresso Nitro" buyIn: 0.93€ + 0.07€ level: 2 - HandId: #4573293464682233857-4-1771244966 - Holdem no limit (15/30) - 2026/02/16 12:29:26 UTC
Table: 'Expresso Nitro(1064802861)#0' 3-max (real money) Seat #3 is the button
Seat 1: MathisKcr (160)
Seat 2: Pampers2Lux (300)
Seat 3: Dstyl31 (440)
*** ANTE/BLINDS ***
MathisKcr posts small blind 15
Pampers2Lux posts big blind 30
Dealt to MathisKcr [Ad 3c]
*** PRE-FLOP *** 
Dstyl31 calls 30
MathisKcr raises 45 to 75
Pampers2Lux calls 45
Dstyl31 folds
*** FLOP *** [6s As 9c]
MathisKcr checks
Pampers2Lux checks
*** TURN *** [6s As 9c][9d]
MathisKcr bets 60
Pampers2Lux raises 165 to 225 and is all-in
MathisKcr calls 25 and is all-in
*** RIVER *** [6s As 9c 9d][Ah]
*** SHOW DOWN ***
MathisKcr shows [Ad 3c] (Full of Aces and 9)
Pampers2Lux shows [8h Js] (Two pairs : Aces and 9)
Pampers2Lux collected 140 from side pot 1
MathisKcr collected 350 from main pot
*** SUMMARY ***
Total pot 490 | No rake
Board: [6s As 9c 9d Ah]
Seat 1: MathisKcr (small blind) showed [Ad 3c] and won 350 with Full of Aces and 9
Seat 2: Pampers2Lux (big blind) showed [8h Js] and won 140 with Two pairs : Aces and 9


Winamax Poker - Tournament "Expresso Nitro" buyIn: 0.93€ + 0.07€ level: 3 - HandId: #4573293464682233857-5-1771244994 - Holdem no limit (20/40) - 2026/02/16 12:29:54 UTC
Table: 'Expresso Nitro(1064802861)#0' 3-max (real money) Seat #1 is the button
Seat 1: MathisKcr (350)
Seat 2: Pampers2Lux (140)
Seat 3: Dstyl31 (410)
*** ANTE/BLINDS ***
Pampers2Lux posts small blind 20
Dstyl31 posts big blind 40
Dealt to MathisKcr [6s 4s]
*** PRE-FLOP *** 
MathisKcr folds
Pampers2Lux raises 100 to 140 and is all-in
Dstyl31 folds
Pampers2Lux collected 180 from pot
*** SUMMARY ***
Total pot 180 | No rake
Seat 2: Pampers2Lux (small blind) won 180


Winamax Poker - Tournament "Expresso Nitro" buyIn: 0.93€ + 0.07€ level: 3 - HandId: #4573293464682233857-6-1771245003 - Holdem no limit (20/40) - 2026/02/16 12:30:03 UTC
Table: 'Expresso Nitro(1064802861)#0' 3-max (real money) Seat #2 is the button
Seat 1: MathisKcr (350)
Seat 2: Pampers2Lux (180)
Seat 3: Dstyl31 (370)
*** ANTE/BLINDS ***
Dstyl31 posts small blind 20
MathisKcr posts big blind 40
Dealt to MathisKcr [3s 9s]
*** PRE-FLOP *** 
Pampers2Lux folds
Dstyl31 calls 20
MathisKcr checks
*** FLOP *** [9h 6c Jc]
Dstyl31 checks
MathisKcr bets 60
Dstyl31 calls 60
*** TURN *** [9h 6c Jc][5c]
Dstyl31 checks
MathisKcr bets 70
Dstyl31 calls 70
*** RIVER *** [9h 6c Jc 5c][4d]
Dstyl31 bets 200 and is all-in
MathisKcr folds
Dstyl31 collected 540 from pot
*** SUMMARY ***
Total pot 540 | No rake
Board: [9h 6c Jc 5c 4d]
Seat 3: Dstyl31 (small blind) won 540


Winamax Poker - Tournament "Expresso Nitro" buyIn: 0.93€ + 0.07€ level: 3 - HandId: #4573293464682233857-7-1771245030 - Holdem no limit (20/40) - 2026/02/16 12:30:30 UTC
Table: 'Expresso Nitro(1064802861)#0' 3-max (real money) Seat #3 is the button
Seat 1: MathisKcr (180)
Seat 2: Pampers2Lux (180)
Seat 3: Dstyl31 (540)
*** ANTE/BLINDS ***
MathisKcr posts small blind 20
Pampers2Lux posts big blind 40
Dealt to MathisKcr [Th 8s]
*** PRE-FLOP *** 
Dstyl31 calls 40
MathisKcr calls 20
Pampers2Lux checks
*** FLOP *** [Ac 8h 5s]
MathisKcr bets 140 and is all-in
Pampers2Lux folds
Dstyl31 folds
MathisKcr collected 260 from pot
*** SUMMARY ***
Total pot 260 | No rake
Board: [Ac 8h 5s]
Seat 1: MathisKcr (small blind) won 260


Winamax Poker - Tournament "Expresso Nitro" buyIn: 0.93€ + 0.07€ level: 4 - HandId: #4573293464682233857-8-1771245057 - Holdem no limit (30/60) - 2026/02/16 12:30:57 UTC
Table: 'Expresso Nitro(1064802861)#0' 3-max (real money) Seat #1 is the button
Seat 1: MathisKcr (260)
Seat 2: Pampers2Lux (140)
Seat 3: Dstyl31 (500)
*** ANTE/BLINDS ***
Pampers2Lux posts small blind 30
Dstyl31 posts big blind 60
Dealt to MathisKcr [5s 6s]
*** PRE-FLOP *** 
MathisKcr folds
Pampers2Lux raises 80 to 140 and is all-in
Dstyl31 calls 80
*** FLOP *** [9d Kh 6c]
*** TURN *** [9d Kh 6c][Jh]
*** RIVER *** [9d Kh 6c Jh][8h]
*** SHOW DOWN ***
Dstyl31 shows [Ah 8d] (One pair : 8)
Pampers2Lux shows [9h 4h] (Flush King high)
Pampers2Lux collected 280 from pot
*** SUMMARY ***
Total pot 280 | No rake
Board: [9d Kh 6c Jh 8h]
Seat 2: Pampers2Lux (small blind) showed [9h 4h] and won 280 with Flush King high
Seat 3: Dstyl31 (big blind) showed [Ah 8d] and lost with One pair : 8


Winamax Poker - Tournament "Expresso Nitro" buyIn: 0.93€ + 0.07€ level: 4 - HandId: #4573293464682233857-9-1771245073 - Holdem no limit (30/60) - 2026/02/16 12:31:13 UTC
Table: 'Expresso Nitro(1064802861)#0' 3-max (real money) Seat #2 is the button
Seat 1: MathisKcr (260)
Seat 2: Pampers2Lux (280)
Seat 3: Dstyl31 (360)
*** ANTE/BLINDS ***
Dstyl31 posts small blind 30
MathisKcr posts big blind 60
Dealt to MathisKcr [2c 7h]
*** PRE-FLOP *** 
Pampers2Lux folds
Dstyl31 raises 300 to 360 and is all-in
MathisKcr folds
Dstyl31 collected 420 from pot
*** SUMMARY ***
Total pot 420 | No rake
Seat 3: Dstyl31 (small blind) won 420


Winamax Poker - Tournament "Expresso Nitro" buyIn: 0.93€ + 0.07€ level: 4 - HandId: #4573293464682233857-10-1771245080 - Holdem no limit (30/60) - 2026/02/16 12:31:20 UTC
Table: 'Expresso Nitro(1064802861)#0' 3-max (real money) Seat #3 is the button
Seat 1: MathisKcr (200)
Seat 2: Pampers2Lux (280)
Seat 3: Dstyl31 (420)
*** ANTE/BLINDS ***
MathisKcr posts small blind 30
Pampers2Lux posts big blind 60
Dealt to MathisKcr [3s 3d]
*** PRE-FLOP *** 
Dstyl31 folds
MathisKcr raises 140 to 200 and is all-in
Pampers2Lux folds
MathisKcr collected 260 from pot
*** SUMMARY ***
Total pot 260 | No rake
Seat 1: MathisKcr (small blind) won 260


Winamax Poker - Tournament "Expresso Nitro" buyIn: 0.93€ + 0.07€ level: 4 - HandId: #4573293464682233857-11-1771245092 - Holdem no limit (30/60) - 2026/02/16 12:31:32 UTC
Table: 'Expresso Nitro(1064802861)#0' 3-max (real money) Seat #1 is the button
Seat 1: MathisKcr (260)
Seat 2: Pampers2Lux (220)
Seat 3: Dstyl31 (420)
*** ANTE/BLINDS ***
Pampers2Lux posts small blind 30
Dstyl31 posts big blind 60
Dealt to MathisKcr [6c 7h]
*** PRE-FLOP *** 
MathisKcr raises 60 to 120
Pampers2Lux raises 100 to 220 and is all-in
Dstyl31 calls 160
MathisKcr folds
*** FLOP *** [Ah Js 2s]
*** TURN *** [Ah Js 2s][As]
*** RIVER *** [Ah Js 2s As][Qh]
*** SHOW DOWN ***
Pampers2Lux shows [5d 5c] (Two pairs : Aces and 5)
Dstyl31 shows [Ac Jh] (Full of Aces and Jacks)
Dstyl31 collected 560 from pot
*** SUMMARY ***
Total pot 560 | No rake
Board: [Ah Js 2s As Qh]
Seat 2: Pampers2Lux (small blind) showed [5d 5c] and lost with Two pairs : Aces and 5
Seat 3: Dstyl31 (big blind) showed [Ac Jh] and won 560 with Full of Aces and Jacks


Winamax Poker - Tournament "Expresso Nitro" buyIn: 0.93€ + 0.07€ level: 5 - HandId: #4573293464682233857-12-1771245115 - Holdem no limit (40/80) - 2026/02/16 12:31:55 UTC
Table: 'Expresso Nitro(1064802861)#0' 3-max (real money) Seat #3 is the button
Seat 1: MathisKcr (140)
Seat 3: Dstyl31 (760)
*** ANTE/BLINDS ***
Dstyl31 posts small blind 40
MathisKcr posts big blind 80
Dealt to MathisKcr [Ah Qh]
*** PRE-FLOP *** 
Dstyl31 calls 40
MathisKcr raises 60 to 140 and is all-in
Dstyl31 calls 60
*** FLOP *** [Qc 3c Ad]
*** TURN *** [Qc 3c Ad][2c]
*** RIVER *** [Qc 3c Ad 2c][4h]
*** SHOW DOWN ***
Dstyl31 shows [6c Td] (High card : Ace)
MathisKcr shows [Ah Qh] (Two pairs : Aces and Queens)
MathisKcr collected 280 from pot
*** SUMMARY ***
Total pot 280 | No rake
Board: [Qc 3c Ad 2c 4h]
Seat 1: MathisKcr (big blind) showed [Ah Qh] and won 280 with Two pairs : Aces and Queens
Seat 3: Dstyl31 (small blind) (button) showed [6c Td] and lost with High card : Ace


Winamax Poker - Tournament "Expresso Nitro" buyIn: 0.93€ + 0.07€ level: 5 - HandId: #4573293464682233857-13-1771245127 - Holdem no limit (40/80) - 2026/02/16 12:32:07 UTC
Table: 'Expresso Nitro(1064802861)#0' 3-max (real money) Seat #1 is the button
Seat 1: MathisKcr (280)
Seat 3: Dstyl31 (620)
*** ANTE/BLINDS ***
MathisKcr posts small blind 40
Dstyl31 posts big blind 80
Dealt to MathisKcr [Ac 4c]
*** PRE-FLOP *** 
MathisKcr raises 200 to 280 and is all-in
Dstyl31 calls 200
*** FLOP *** [2h Ad Ks]
*** TURN *** [2h Ad Ks][3h]
*** RIVER *** [2h Ad Ks 3h][6d]
*** SHOW DOWN ***
MathisKcr shows [Ac 4c] (One pair : Aces)
Dstyl31 shows [Ah 7s] (One pair : Aces)
Dstyl31 collected 560 from pot
*** SUMMARY ***
Total pot 560 | No rake
Board: [2h Ad Ks 3h 6d]
Seat 1: MathisKcr (small blind) (button) showed [Ac 4c] and lost with One pair : Aces
Seat 3: Dstyl31 (big blind) showed [Ah 7s] and won 560 with One pair : Aces


