Winamax Poker - Tournament "Expresso Nitro" buyIn: 0.93€ + 0.07€ level: 1 - HandId: #4668013848794497025-1-1774776830 - Holdem no limit (10/20) - 2026/03/29 09:33:50 UTC
Table: 'Expresso Nitro(1086856669)#0' 3-max (real money) Seat #3 is the button
Seat 1: CoCoNuts999 (300)
Seat 2: MathisKcr (300)
Seat 3: fabienshady (300)
*** ANTE/BLINDS ***
CoCoNuts999 posts small blind 10
MathisKcr posts big blind 20
Dealt to MathisKcr [8h Ah]
*** PRE-FLOP *** 
fabienshady calls 20
CoCoNuts999 raises 280 to 300 and is all-in
MathisKcr calls 280 and is all-in
fabienshady folds
*** FLOP *** [Qd Td Ac]
*** TURN *** [Qd Td Ac][9d]
*** RIVER *** [Qd Td Ac 9d][5s]
*** SHOW DOWN ***
MathisKcr shows [8h Ah] (One pair : Aces)
CoCoNuts999 shows [Jc Kh] (Straight Ace high)
CoCoNuts999 collected 620 from pot
*** SUMMARY ***
Total pot 620 | No rake
Board: [Qd Td Ac 9d 5s]
Seat 1: CoCoNuts999 (small blind) showed [Jc Kh] and won 620 with Straight Ace high
Seat 2: MathisKcr (big blind) showed [8h Ah] and lost with One pair : Aces


