Winamax Poker - Tournament "Expresso Nitro" buyIn: 0.93€ + 0.07€ level: 1 - HandId: #4707004558339997697-1-1776242885 - Holdem no limit (10/20) - 2026/04/15 08:48:05 UTC
Table: 'Expresso Nitro(1095934901)#0' 3-max (real money) Seat #3 is the button
Seat 1: AnnaPoker66 (300)
Seat 2: MathisKcr (300)
Seat 3: Gest (300)
*** ANTE/BLINDS ***
AnnaPoker66 posts small blind 10
MathisKcr posts big blind 20
Dealt to MathisKcr [5h Js]
*** PRE-FLOP *** 
Gest folds
AnnaPoker66 calls 10
MathisKcr checks
*** FLOP *** [Qs 2h 8h]
AnnaPoker66 checks
MathisKcr checks
*** TURN *** [Qs 2h 8h][2c]
AnnaPoker66 bets 26
MathisKcr folds
AnnaPoker66 collected 66 from pot
*** SUMMARY ***
Total pot 66 | No rake
Board: [Qs 2h 8h 2c]
Seat 1: AnnaPoker66 (small blind) won 66


Winamax Poker - Tournament "Expresso Nitro" buyIn: 0.93€ + 0.07€ level: 1 - HandId: #4707004558339997697-2-1776242901 - Holdem no limit (10/20) - 2026/04/15 08:48:21 UTC
Table: 'Expresso Nitro(1095934901)#0' 3-max (real money) Seat #1 is the button
Seat 1: AnnaPoker66 (320)
Seat 2: MathisKcr (280)
Seat 3: Gest (300)
*** ANTE/BLINDS ***
MathisKcr posts small blind 10
Gest posts big blind 20
Dealt to MathisKcr [7h 2h]
*** PRE-FLOP *** 
AnnaPoker66 folds
MathisKcr folds
Gest collected 30 from pot
*** SUMMARY ***
Total pot 30 | No rake
Seat 3: Gest (big blind) won 30


Winamax Poker - Tournament "Expresso Nitro" buyIn: 0.93€ + 0.07€ level: 1 - HandId: #4707004558339997697-3-1776242907 - Holdem no limit (10/20) - 2026/04/15 08:48:27 UTC
Table: 'Expresso Nitro(1095934901)#0' 3-max (real money) Seat #2 is the button
Seat 1: AnnaPoker66 (320)
Seat 2: MathisKcr (270)
Seat 3: Gest (310)
*** ANTE/BLINDS ***
Gest posts small blind 10
AnnaPoker66 posts big blind 20
Dealt to MathisKcr [7d As]
*** PRE-FLOP *** 
MathisKcr raises 20 to 40
Gest folds
AnnaPoker66 folds
MathisKcr collected 70 from pot
*** SUMMARY ***
Total pot 70 | No rake
Seat 2: MathisKcr (button) won 70


Winamax Poker - Tournament "Expresso Nitro" buyIn: 0.93€ + 0.07€ level: 1 - HandId: #4707004558339997697-4-1776242914 - Holdem no limit (10/20) - 2026/04/15 08:48:34 UTC
Table: 'Expresso Nitro(1095934901)#0' 3-max (real money) Seat #3 is the button
Seat 1: AnnaPoker66 (300)
Seat 2: MathisKcr (300)
Seat 3: Gest (300)
*** ANTE/BLINDS ***
AnnaPoker66 posts small blind 10
MathisKcr posts big blind 20
Dealt to MathisKcr [Kh 7d]
*** PRE-FLOP *** 
Gest folds
AnnaPoker66 folds
MathisKcr collected 30 from pot
*** SUMMARY ***
Total pot 30 | No rake
Seat 2: MathisKcr (big blind) won 30


Winamax Poker - Tournament "Expresso Nitro" buyIn: 0.93€ + 0.07€ level: 1 - HandId: #4707004558339997697-5-1776242918 - Holdem no limit (10/20) - 2026/04/15 08:48:38 UTC
Table: 'Expresso Nitro(1095934901)#0' 3-max (real money) Seat #1 is the button
Seat 1: AnnaPoker66 (290)
Seat 2: MathisKcr (310)
Seat 3: Gest (300)
*** ANTE/BLINDS ***
MathisKcr posts small blind 10
Gest posts big blind 20
Dealt to MathisKcr [Td Ah]
*** PRE-FLOP *** 
AnnaPoker66 raises 30 to 50
MathisKcr raises 260 to 310 and is all-in
Gest folds
AnnaPoker66 folds
MathisKcr collected 380 from pot
*** SUMMARY ***
Total pot 380 | No rake
Seat 2: MathisKcr (small blind) won 380


Winamax Poker - Tournament "Expresso Nitro" buyIn: 0.93€ + 0.07€ level: 1 - HandId: #4707004558339997697-6-1776242930 - Holdem no limit (10/20) - 2026/04/15 08:48:50 UTC
Table: 'Expresso Nitro(1095934901)#0' 3-max (real money) Seat #2 is the button
Seat 1: AnnaPoker66 (240)
Seat 2: MathisKcr (380)
Seat 3: Gest (280)
*** ANTE/BLINDS ***
Gest posts small blind 10
AnnaPoker66 posts big blind 20
Dealt to MathisKcr [2s 8c]
*** PRE-FLOP *** 
MathisKcr folds
Gest folds
AnnaPoker66 collected 30 from pot
*** SUMMARY ***
Total pot 30 | No rake
Seat 1: AnnaPoker66 (big blind) won 30


Winamax Poker - Tournament "Expresso Nitro" buyIn: 0.93€ + 0.07€ level: 1 - HandId: #4707004558339997697-7-1776242934 - Holdem no limit (10/20) - 2026/04/15 08:48:54 UTC
Table: 'Expresso Nitro(1095934901)#0' 3-max (real money) Seat #3 is the button
Seat 1: AnnaPoker66 (250)
Seat 2: MathisKcr (380)
Seat 3: Gest (270)
*** ANTE/BLINDS ***
AnnaPoker66 posts small blind 10
MathisKcr posts big blind 20
Dealt to MathisKcr [Th 3d]
*** PRE-FLOP *** 
Gest folds
AnnaPoker66 folds
MathisKcr collected 30 from pot
*** SUMMARY ***
Total pot 30 | No rake
Seat 2: MathisKcr (big blind) won 30


Winamax Poker - Tournament "Expresso Nitro" buyIn: 0.93€ + 0.07€ level: 1 - HandId: #4707004558339997697-8-1776242939 - Holdem no limit (10/20) - 2026/04/15 08:48:59 UTC
Table: 'Expresso Nitro(1095934901)#0' 3-max (real money) Seat #1 is the button
Seat 1: AnnaPoker66 (240)
Seat 2: MathisKcr (390)
Seat 3: Gest (270)
*** ANTE/BLINDS ***
MathisKcr posts small blind 10
Gest posts big blind 20
Dealt to MathisKcr [Ts 9h]
*** PRE-FLOP *** 
AnnaPoker66 raises 40 to 60
MathisKcr folds
Gest raises 210 to 270 and is all-in
AnnaPoker66 calls 180 and is all-in
*** FLOP *** [3h 3c 9c]
*** TURN *** [3h 3c 9c][4d]
*** RIVER *** [3h 3c 9c 4d][8s]
*** SHOW DOWN ***
AnnaPoker66 shows [Jc Qc] (One pair : 3)
Gest shows [Ah 8h] (Two pairs : 8 and 3)
Gest collected 520 from pot
*** SUMMARY ***
Total pot 520 | No rake
Board: [3h 3c 9c 4d 8s]
Seat 1: AnnaPoker66 (button) showed [Jc Qc] and lost with One pair : 3
Seat 3: Gest (big blind) showed [Ah 8h] and won 520 with Two pairs : 8 and 3


Winamax Poker - Tournament "Expresso Nitro" buyIn: 0.93€ + 0.07€ level: 2 - HandId: #4707004558339997697-9-1776242962 - Holdem no limit (15/30) - 2026/04/15 08:49:22 UTC
Table: 'Expresso Nitro(1095934901)#0' 3-max (real money) Seat #3 is the button
Seat 2: MathisKcr (380)
Seat 3: Gest (520)
*** ANTE/BLINDS ***
Gest posts small blind 15
MathisKcr posts big blind 30
Dealt to MathisKcr [5c 4c]
*** PRE-FLOP *** 
Gest folds
MathisKcr collected 45 from pot
*** SUMMARY ***
Total pot 45 | No rake
Seat 2: MathisKcr (big blind) won 45


Winamax Poker - Tournament "Expresso Nitro" buyIn: 0.93€ + 0.07€ level: 2 - HandId: #4707004558339997697-10-1776242967 - Holdem no limit (15/30) - 2026/04/15 08:49:27 UTC
Table: 'Expresso Nitro(1095934901)#0' 3-max (real money) Seat #2 is the button
Seat 2: MathisKcr (395)
Seat 3: Gest (505)
*** ANTE/BLINDS ***
MathisKcr posts small blind 15
Gest posts big blind 30
Dealt to MathisKcr [6h Qh]
*** PRE-FLOP *** 
MathisKcr raises 365 to 395 and is all-in
Gest folds
MathisKcr collected 425 from pot
*** SUMMARY ***
Total pot 425 | No rake
Seat 2: MathisKcr (small blind) (button) won 425


Winamax Poker - Tournament "Expresso Nitro" buyIn: 0.93€ + 0.07€ level: 2 - HandId: #4707004558339997697-11-1776242975 - Holdem no limit (15/30) - 2026/04/15 08:49:35 UTC
Table: 'Expresso Nitro(1095934901)#0' 3-max (real money) Seat #3 is the button
Seat 2: MathisKcr (425)
Seat 3: Gest (475)
*** ANTE/BLINDS ***
Gest posts small blind 15
MathisKcr posts big blind 30
Dealt to MathisKcr [8s 4c]
*** PRE-FLOP *** 
Gest calls 15
MathisKcr checks
*** FLOP *** [Ks Qd 9c]
MathisKcr checks
Gest checks
*** TURN *** [Ks Qd 9c][7c]
MathisKcr checks
Gest checks
*** RIVER *** [Ks Qd 9c 7c][Ac]
MathisKcr checks
Gest checks
*** SHOW DOWN ***
MathisKcr shows [8s 4c] (High card : Ace)
Gest shows [Ts 9d] (One pair : 9)
Gest collected 60 from pot
*** SUMMARY ***
Total pot 60 | No rake
Board: [Ks Qd 9c 7c Ac]
Seat 2: MathisKcr (big blind) showed [8s 4c] and lost with High card : Ace
Seat 3: Gest (small blind) (button) showed [Ts 9d] and won 60 with One pair : 9


Winamax Poker - Tournament "Expresso Nitro" buyIn: 0.93€ + 0.07€ level: 2 - HandId: #4707004558339997697-12-1776242995 - Holdem no limit (15/30) - 2026/04/15 08:49:55 UTC
Table: 'Expresso Nitro(1095934901)#0' 3-max (real money) Seat #2 is the button
Seat 2: MathisKcr (395)
Seat 3: Gest (505)
*** ANTE/BLINDS ***
MathisKcr posts small blind 15
Gest posts big blind 30
Dealt to MathisKcr [Jd 4c]
*** PRE-FLOP *** 
MathisKcr raises 365 to 395 and is all-in
Gest folds
MathisKcr collected 425 from pot
*** SUMMARY ***
Total pot 425 | No rake
Seat 2: MathisKcr (small blind) (button) won 425


Winamax Poker - Tournament "Expresso Nitro" buyIn: 0.93€ + 0.07€ level: 2 - HandId: #4707004558339997697-13-1776243002 - Holdem no limit (15/30) - 2026/04/15 08:50:02 UTC
Table: 'Expresso Nitro(1095934901)#0' 3-max (real money) Seat #3 is the button
Seat 2: MathisKcr (425)
Seat 3: Gest (475)
*** ANTE/BLINDS ***
Gest posts small blind 15
MathisKcr posts big blind 30
Dealt to MathisKcr [Qd 9d]
*** PRE-FLOP *** 
Gest folds
MathisKcr collected 45 from pot
*** SUMMARY ***
Total pot 45 | No rake
Seat 2: MathisKcr (big blind) won 45


Winamax Poker - Tournament "Expresso Nitro" buyIn: 0.93€ + 0.07€ level: 3 - HandId: #4707004558339997697-14-1776243006 - Holdem no limit (20/40) - 2026/04/15 08:50:06 UTC
Table: 'Expresso Nitro(1095934901)#0' 3-max (real money) Seat #2 is the button
Seat 2: MathisKcr (440)
Seat 3: Gest (460)
*** ANTE/BLINDS ***
MathisKcr posts small blind 20
Gest posts big blind 40
Dealt to MathisKcr [Th As]
*** PRE-FLOP *** 
MathisKcr raises 400 to 440 and is all-in
Gest folds
MathisKcr collected 480 from pot
*** SUMMARY ***
Total pot 480 | No rake
Seat 2: MathisKcr (small blind) (button) won 480


Winamax Poker - Tournament "Expresso Nitro" buyIn: 0.93€ + 0.07€ level: 3 - HandId: #4707004558339997697-15-1776243012 - Holdem no limit (20/40) - 2026/04/15 08:50:12 UTC
Table: 'Expresso Nitro(1095934901)#0' 3-max (real money) Seat #3 is the button
Seat 2: MathisKcr (480)
Seat 3: Gest (420)
*** ANTE/BLINDS ***
Gest posts small blind 20
MathisKcr posts big blind 40
Dealt to MathisKcr [2c Td]
*** PRE-FLOP *** 
Gest raises 380 to 420 and is all-in
MathisKcr folds
Gest collected 460 from pot
*** SUMMARY ***
Total pot 460 | No rake
Seat 3: Gest (small blind) (button) won 460


Winamax Poker - Tournament "Expresso Nitro" buyIn: 0.93€ + 0.07€ level: 3 - HandId: #4707004558339997697-16-1776243017 - Holdem no limit (20/40) - 2026/04/15 08:50:17 UTC
Table: 'Expresso Nitro(1095934901)#0' 3-max (real money) Seat #2 is the button
Seat 2: MathisKcr (440)
Seat 3: Gest (460)
*** ANTE/BLINDS ***
MathisKcr posts small blind 20
Gest posts big blind 40
Dealt to MathisKcr [Js Ks]
*** PRE-FLOP *** 
MathisKcr raises 400 to 440 and is all-in
Gest folds
MathisKcr collected 480 from pot
*** SUMMARY ***
Total pot 480 | No rake
Seat 2: MathisKcr (small blind) (button) won 480


Winamax Poker - Tournament "Expresso Nitro" buyIn: 0.93€ + 0.07€ level: 3 - HandId: #4707004558339997697-17-1776243022 - Holdem no limit (20/40) - 2026/04/15 08:50:22 UTC
Table: 'Expresso Nitro(1095934901)#0' 3-max (real money) Seat #3 is the button
Seat 2: MathisKcr (480)
Seat 3: Gest (420)
*** ANTE/BLINDS ***
Gest posts small blind 20
MathisKcr posts big blind 40
Dealt to MathisKcr [7c 8c]
*** PRE-FLOP *** 
Gest folds
MathisKcr collected 60 from pot
*** SUMMARY ***
Total pot 60 | No rake
Seat 2: MathisKcr (big blind) won 60


Winamax Poker - Tournament "Expresso Nitro" buyIn: 0.93€ + 0.07€ level: 3 - HandId: #4707004558339997697-18-1776243026 - Holdem no limit (20/40) - 2026/04/15 08:50:26 UTC
Table: 'Expresso Nitro(1095934901)#0' 3-max (real money) Seat #2 is the button
Seat 2: MathisKcr (500)
Seat 3: Gest (400)
*** ANTE/BLINDS ***
MathisKcr posts small blind 20
Gest posts big blind 40
Dealt to MathisKcr [Kd 4c]
*** PRE-FLOP *** 
MathisKcr raises 460 to 500 and is all-in
Gest calls 360 and is all-in
*** FLOP *** [Qd 3d 7c]
*** TURN *** [Qd 3d 7c][Jd]
*** RIVER *** [Qd 3d 7c Jd][Ac]
*** SHOW DOWN ***
MathisKcr shows [Kd 4c] (High card : Ace)
Gest shows [Kc 5d] (High card : Ace)
Gest collected 400 from main pot
MathisKcr collected 500 from side pot 1
*** SUMMARY ***
Total pot 900 | No rake
Board: [Qd 3d 7c Jd Ac]
Seat 2: MathisKcr (small blind) (button) showed [Kd 4c] and won 500 with High card : Ace
Seat 3: Gest (big blind) showed [Kc 5d] and won 400 with High card : Ace


Winamax Poker - Tournament "Expresso Nitro" buyIn: 0.93€ + 0.07€ level: 3 - HandId: #4707004558339997697-19-1776243038 - Holdem no limit (20/40) - 2026/04/15 08:50:38 UTC
Table: 'Expresso Nitro(1095934901)#0' 3-max (real money) Seat #3 is the button
Seat 2: MathisKcr (500)
Seat 3: Gest (400)
*** ANTE/BLINDS ***
Gest posts small blind 20
MathisKcr posts big blind 40
Dealt to MathisKcr [8s Ac]
*** PRE-FLOP *** 
Gest raises 360 to 400 and is all-in
MathisKcr calls 360
*** FLOP *** [Jh Jd 4s]
*** TURN *** [Jh Jd 4s][Qc]
*** RIVER *** [Jh Jd 4s Qc][3s]
*** SHOW DOWN ***
MathisKcr shows [8s Ac] (One pair : Jacks)
Gest shows [Kc 4h] (Two pairs : Jacks and 4)
Gest collected 800 from pot
*** SUMMARY ***
Total pot 800 | No rake
Board: [Jh Jd 4s Qc 3s]
Seat 2: MathisKcr (big blind) showed [8s Ac] and lost with One pair : Jacks
Seat 3: Gest (small blind) (button) showed [Kc 4h] and won 800 with Two pairs : Jacks and 4


Winamax Poker - Tournament "Expresso Nitro" buyIn: 0.93€ + 0.07€ level: 3 - HandId: #4707004558339997697-20-1776243050 - Holdem no limit (20/40) - 2026/04/15 08:50:50 UTC
Table: 'Expresso Nitro(1095934901)#0' 3-max (real money) Seat #2 is the button
Seat 2: MathisKcr (100)
Seat 3: Gest (800)
*** ANTE/BLINDS ***
MathisKcr posts small blind 20
Gest posts big blind 40
Dealt to MathisKcr [4s Qc]
*** PRE-FLOP *** 
MathisKcr raises 60 to 100 and is all-in
Gest calls 60
*** FLOP *** [3s 9d 6d]
*** TURN *** [3s 9d 6d][Kh]
*** RIVER *** [3s 9d 6d Kh][Kc]
*** SHOW DOWN ***
MathisKcr shows [4s Qc] (One pair : Kings)
Gest shows [7c 9s] (Two pairs : Kings and 9)
Gest collected 200 from pot
*** SUMMARY ***
Total pot 200 | No rake
Board: [3s 9d 6d Kh Kc]
Seat 2: MathisKcr (small blind) (button) showed [4s Qc] and lost with One pair : Kings
Seat 3: Gest (big blind) showed [7c 9s] and won 200 with Two pairs : Kings and 9


