Winamax Poker - Tournament "Expresso Nitro" buyIn: 0.93€ + 0.07€ level: 1 - HandId: #4657453907193102337-1-1774346297 - Holdem no limit (10/20) - 2026/03/24 09:58:17 UTC
Table: 'Expresso Nitro(1084397991)#0' 3-max (real money) Seat #1 is the button
Seat 1: ternascoarag (300)
Seat 2: KyoppUX (300)
Seat 3: MathisKcr (300)
*** ANTE/BLINDS ***
KyoppUX posts small blind 10
MathisKcr posts big blind 20
Dealt to MathisKcr [Qh 7h]
*** PRE-FLOP *** 
ternascoarag folds
KyoppUX folds
MathisKcr collected 30 from pot
*** SUMMARY ***
Total pot 30 | No rake
Seat 3: MathisKcr (big blind) won 30


Winamax Poker - Tournament "Expresso Nitro" buyIn: 0.93€ + 0.07€ level: 1 - HandId: #4657453907193102337-2-1774346302 - Holdem no limit (10/20) - 2026/03/24 09:58:22 UTC
Table: 'Expresso Nitro(1084397991)#0' 3-max (real money) Seat #2 is the button
Seat 1: ternascoarag (300)
Seat 2: KyoppUX (290)
Seat 3: MathisKcr (310)
*** ANTE/BLINDS ***
MathisKcr posts small blind 10
ternascoarag posts big blind 20
Dealt to MathisKcr [Jh Th]
*** PRE-FLOP *** 
KyoppUX folds
MathisKcr raises 40 to 60
ternascoarag raises 240 to 300 and is all-in
MathisKcr calls 240
*** FLOP *** [9s 8h 4h]
*** TURN *** [9s 8h 4h][7c]
*** RIVER *** [9s 8h 4h 7c][3d]
*** SHOW DOWN ***
ternascoarag shows [2h 2d] (One pair : 2)
MathisKcr shows [Jh Th] (Straight Jack high)
MathisKcr collected 600 from pot
*** SUMMARY ***
Total pot 600 | No rake
Board: [9s 8h 4h 7c 3d]
Seat 1: ternascoarag (big blind) showed [2h 2d] and lost with One pair : 2
Seat 3: MathisKcr (small blind) showed [Jh Th] and won 600 with Straight Jack high


Winamax Poker - Tournament "Expresso Nitro" buyIn: 0.93€ + 0.07€ level: 1 - HandId: #4657453907193102337-3-1774346329 - Holdem no limit (10/20) - 2026/03/24 09:58:49 UTC
Table: 'Expresso Nitro(1084397991)#0' 3-max (real money) Seat #2 is the button
Seat 2: KyoppUX (290)
Seat 3: MathisKcr (610)
*** ANTE/BLINDS ***
KyoppUX posts small blind 10
MathisKcr posts big blind 20
Dealt to MathisKcr [2s 4h]
*** PRE-FLOP *** 
KyoppUX folds
MathisKcr collected 30 from pot
*** SUMMARY ***
Total pot 30 | No rake
Seat 3: MathisKcr (big blind) won 30


Winamax Poker - Tournament "Expresso Nitro" buyIn: 0.93€ + 0.07€ level: 1 - HandId: #4657453907193102337-4-1774346334 - Holdem no limit (10/20) - 2026/03/24 09:58:54 UTC
Table: 'Expresso Nitro(1084397991)#0' 3-max (real money) Seat #3 is the button
Seat 2: KyoppUX (280)
Seat 3: MathisKcr (620)
*** ANTE/BLINDS ***
MathisKcr posts small blind 10
KyoppUX posts big blind 20
Dealt to MathisKcr [Qs Ah]
*** PRE-FLOP *** 
MathisKcr raises 40 to 60
KyoppUX folds
MathisKcr collected 80 from pot
*** SUMMARY ***
Total pot 80 | No rake
Seat 3: MathisKcr (small blind) (button) won 80


Winamax Poker - Tournament "Expresso Nitro" buyIn: 0.93€ + 0.07€ level: 1 - HandId: #4657453907193102337-5-1774346342 - Holdem no limit (10/20) - 2026/03/24 09:59:02 UTC
Table: 'Expresso Nitro(1084397991)#0' 3-max (real money) Seat #2 is the button
Seat 2: KyoppUX (260)
Seat 3: MathisKcr (640)
*** ANTE/BLINDS ***
KyoppUX posts small blind 10
MathisKcr posts big blind 20
Dealt to MathisKcr [2d Kh]
*** PRE-FLOP *** 
KyoppUX folds
MathisKcr collected 30 from pot
*** SUMMARY ***
Total pot 30 | No rake
Seat 3: MathisKcr (big blind) won 30


Winamax Poker - Tournament "Expresso Nitro" buyIn: 0.93€ + 0.07€ level: 1 - HandId: #4657453907193102337-6-1774346347 - Holdem no limit (10/20) - 2026/03/24 09:59:07 UTC
Table: 'Expresso Nitro(1084397991)#0' 3-max (real money) Seat #3 is the button
Seat 2: KyoppUX (250)
Seat 3: MathisKcr (650)
*** ANTE/BLINDS ***
MathisKcr posts small blind 10
KyoppUX posts big blind 20
Dealt to MathisKcr [3s 6h]
*** PRE-FLOP *** 
MathisKcr calls 10
KyoppUX checks
*** FLOP *** [2d 4h 9h]
KyoppUX checks
MathisKcr checks
*** TURN *** [2d 4h 9h][Qd]
KyoppUX checks
MathisKcr checks
*** RIVER *** [2d 4h 9h Qd][6s]
KyoppUX bets 30
MathisKcr calls 30
*** SHOW DOWN ***
MathisKcr shows [3s 6h] (One pair : 6)
KyoppUX shows [Qc 2c] (Two pairs : Queens and 2)
KyoppUX collected 100 from pot
*** SUMMARY ***
Total pot 100 | No rake
Board: [2d 4h 9h Qd 6s]
Seat 2: KyoppUX (big blind) showed [Qc 2c] and won 100 with Two pairs : Queens and 2
Seat 3: MathisKcr (small blind) (button) showed [3s 6h] and lost with One pair : 6


Winamax Poker - Tournament "Expresso Nitro" buyIn: 0.93€ + 0.07€ level: 2 - HandId: #4657453907193102337-7-1774346380 - Holdem no limit (15/30) - 2026/03/24 09:59:40 UTC
Table: 'Expresso Nitro(1084397991)#0' 3-max (real money) Seat #2 is the button
Seat 2: KyoppUX (300)
Seat 3: MathisKcr (600)
*** ANTE/BLINDS ***
KyoppUX posts small blind 15
MathisKcr posts big blind 30
Dealt to MathisKcr [4d 6c]
*** PRE-FLOP *** 
KyoppUX calls 15
MathisKcr checks
*** FLOP *** [3d 3s Qd]
MathisKcr checks
KyoppUX bets 30
MathisKcr folds
KyoppUX collected 90 from pot
*** SUMMARY ***
Total pot 90 | No rake
Board: [3d 3s Qd]
Seat 2: KyoppUX (small blind) (button) won 90


Winamax Poker - Tournament "Expresso Nitro" buyIn: 0.93€ + 0.07€ level: 2 - HandId: #4657453907193102337-8-1774346402 - Holdem no limit (15/30) - 2026/03/24 10:00:02 UTC
Table: 'Expresso Nitro(1084397991)#0' 3-max (real money) Seat #3 is the button
Seat 2: KyoppUX (330)
Seat 3: MathisKcr (570)
*** ANTE/BLINDS ***
MathisKcr posts small blind 15
KyoppUX posts big blind 30
Dealt to MathisKcr [Kd 7c]
*** PRE-FLOP *** 
MathisKcr raises 30 to 60
KyoppUX folds
MathisKcr collected 90 from pot
*** SUMMARY ***
Total pot 90 | No rake
Seat 3: MathisKcr (small blind) (button) won 90


Winamax Poker - Tournament "Expresso Nitro" buyIn: 0.93€ + 0.07€ level: 2 - HandId: #4657453907193102337-9-1774346413 - Holdem no limit (15/30) - 2026/03/24 10:00:13 UTC
Table: 'Expresso Nitro(1084397991)#0' 3-max (real money) Seat #2 is the button
Seat 2: KyoppUX (300)
Seat 3: MathisKcr (600)
*** ANTE/BLINDS ***
KyoppUX posts small blind 15
MathisKcr posts big blind 30
Dealt to MathisKcr [7c Jh]
*** PRE-FLOP *** 
KyoppUX folds
MathisKcr collected 45 from pot
*** SUMMARY ***
Total pot 45 | No rake
Seat 3: MathisKcr (big blind) won 45


Winamax Poker - Tournament "Expresso Nitro" buyIn: 0.93€ + 0.07€ level: 3 - HandId: #4657453907193102337-10-1774346417 - Holdem no limit (20/40) - 2026/03/24 10:00:17 UTC
Table: 'Expresso Nitro(1084397991)#0' 3-max (real money) Seat #3 is the button
Seat 2: KyoppUX (285)
Seat 3: MathisKcr (615)
*** ANTE/BLINDS ***
MathisKcr posts small blind 20
KyoppUX posts big blind 40
Dealt to MathisKcr [Qd Jc]
*** PRE-FLOP *** 
MathisKcr raises 40 to 80
KyoppUX raises 205 to 285 and is all-in
MathisKcr calls 205
*** FLOP *** [2h 8c Th]
*** TURN *** [2h 8c Th][Js]
*** RIVER *** [2h 8c Th Js][Tc]
*** SHOW DOWN ***
KyoppUX shows [6h 6s] (Two pairs : Tens and 6)
MathisKcr shows [Qd Jc] (Two pairs : Jacks and Tens)
MathisKcr collected 570 from pot
*** SUMMARY ***
Total pot 570 | No rake
Board: [2h 8c Th Js Tc]
Seat 2: KyoppUX (big blind) showed [6h 6s] and lost with Two pairs : Tens and 6
Seat 3: MathisKcr (small blind) (button) showed [Qd Jc] and won 570 with Two pairs : Jacks and Tens


