Winamax Poker - Tournament "Expresso Nitro" buyIn: 0.93€ + 0.07€ level: 1 - HandId: #4611772879845982209-1-1772795614 - Holdem no limit (10/20) - 2026/03/06 11:13:34 UTC
Table: 'Expresso Nitro(1073762048)#0' 3-max (real money) Seat #3 is the button
Seat 1: MathisKcr (300)
Seat 2: Guendou (300)
Seat 3: cocoboys (300)
*** ANTE/BLINDS ***
MathisKcr posts small blind 10
Guendou posts big blind 20
Dealt to MathisKcr [Jd Qd]
*** PRE-FLOP *** 
cocoboys folds
MathisKcr raises 40 to 60
Guendou calls 40
*** FLOP *** [2c 7d 2h]
MathisKcr checks
Guendou bets 240 and is all-in
MathisKcr folds
Guendou collected 360 from pot
*** SUMMARY ***
Total pot 360 | No rake
Board: [2c 7d 2h]
Seat 2: Guendou (big blind) won 360


Winamax Poker - Tournament "Expresso Nitro" buyIn: 0.93€ + 0.07€ level: 1 - HandId: #4611772879845982209-2-1772795631 - Holdem no limit (10/20) - 2026/03/06 11:13:51 UTC
Table: 'Expresso Nitro(1073762048)#0' 3-max (real money) Seat #1 is the button
Seat 1: MathisKcr (240)
Seat 2: Guendou (360)
Seat 3: cocoboys (300)
*** ANTE/BLINDS ***
Guendou posts small blind 10
cocoboys posts big blind 20
Dealt to MathisKcr [8d 2c]
*** PRE-FLOP *** 
MathisKcr folds
Guendou calls 10
cocoboys raises 30 to 50
Guendou calls 30
*** FLOP *** [7d 5c Tc]
Guendou checks
cocoboys bets 250 and is all-in
Guendou calls 250
*** TURN *** [7d 5c Tc][Qd]
*** RIVER *** [7d 5c Tc Qd][9c]
*** SHOW DOWN ***
cocoboys shows [7s Ah] (One pair : 7)
Guendou shows [7h Td] (Two pairs : Tens and 7)
Guendou collected 600 from pot
*** SUMMARY ***
Total pot 600 | No rake
Board: [7d 5c Tc Qd 9c]
Seat 2: Guendou (small blind) showed [7h Td] and won 600 with Two pairs : Tens and 7
Seat 3: cocoboys (big blind) showed [7s Ah] and lost with One pair : 7


Winamax Poker - Tournament "Expresso Nitro" buyIn: 0.93€ + 0.07€ level: 1 - HandId: #4611772879845982209-3-1772795652 - Holdem no limit (10/20) - 2026/03/06 11:14:12 UTC
Table: 'Expresso Nitro(1073762048)#0' 3-max (real money) Seat #1 is the button
Seat 1: MathisKcr (240)
Seat 2: Guendou (660)
*** ANTE/BLINDS ***
MathisKcr posts small blind 10
Guendou posts big blind 20
Dealt to MathisKcr [9s 4h]
*** PRE-FLOP *** 
MathisKcr folds
Guendou collected 30 from pot
*** SUMMARY ***
Total pot 30 | No rake
Seat 2: Guendou (big blind) won 30


Winamax Poker - Tournament "Expresso Nitro" buyIn: 0.93€ + 0.07€ level: 1 - HandId: #4611772879845982209-4-1772795657 - Holdem no limit (10/20) - 2026/03/06 11:14:17 UTC
Table: 'Expresso Nitro(1073762048)#0' 3-max (real money) Seat #2 is the button
Seat 1: MathisKcr (230)
Seat 2: Guendou (670)
*** ANTE/BLINDS ***
Guendou posts small blind 10
MathisKcr posts big blind 20
Dealt to MathisKcr [9d Kc]
*** PRE-FLOP *** 
Guendou calls 10
MathisKcr raises 210 to 230 and is all-in
Guendou folds
MathisKcr collected 250 from pot
*** SUMMARY ***
Total pot 250 | No rake
Seat 1: MathisKcr (big blind) won 250


Winamax Poker - Tournament "Expresso Nitro" buyIn: 0.93€ + 0.07€ level: 1 - HandId: #4611772879845982209-5-1772795666 - Holdem no limit (10/20) - 2026/03/06 11:14:26 UTC
Table: 'Expresso Nitro(1073762048)#0' 3-max (real money) Seat #1 is the button
Seat 1: MathisKcr (250)
Seat 2: Guendou (650)
*** ANTE/BLINDS ***
MathisKcr posts small blind 10
Guendou posts big blind 20
Dealt to MathisKcr [Kc 8s]
*** PRE-FLOP *** 
MathisKcr raises 230 to 250 and is all-in
Guendou folds
MathisKcr collected 270 from pot
*** SUMMARY ***
Total pot 270 | No rake
Seat 1: MathisKcr (small blind) (button) won 270


Winamax Poker - Tournament "Expresso Nitro" buyIn: 0.93€ + 0.07€ level: 2 - HandId: #4611772879845982209-6-1772795673 - Holdem no limit (15/30) - 2026/03/06 11:14:33 UTC
Table: 'Expresso Nitro(1073762048)#0' 3-max (real money) Seat #2 is the button
Seat 1: MathisKcr (270)
Seat 2: Guendou (630)
*** ANTE/BLINDS ***
Guendou posts small blind 15
MathisKcr posts big blind 30
Dealt to MathisKcr [Ah Th]
*** PRE-FLOP *** 
Guendou calls 15
MathisKcr raises 240 to 270 and is all-in
Guendou folds
MathisKcr collected 300 from pot
*** SUMMARY ***
Total pot 300 | No rake
Seat 1: MathisKcr (big blind) won 300


Winamax Poker - Tournament "Expresso Nitro" buyIn: 0.93€ + 0.07€ level: 2 - HandId: #4611772879845982209-7-1772795682 - Holdem no limit (15/30) - 2026/03/06 11:14:42 UTC
Table: 'Expresso Nitro(1073762048)#0' 3-max (real money) Seat #1 is the button
Seat 1: MathisKcr (300)
Seat 2: Guendou (600)
*** ANTE/BLINDS ***
MathisKcr posts small blind 15
Guendou posts big blind 30
Dealt to MathisKcr [8s 8c]
*** PRE-FLOP *** 
MathisKcr raises 270 to 300 and is all-in
Guendou folds
MathisKcr collected 330 from pot
*** SUMMARY ***
Total pot 330 | No rake
Seat 1: MathisKcr (small blind) (button) won 330


Winamax Poker - Tournament "Expresso Nitro" buyIn: 0.93€ + 0.07€ level: 2 - HandId: #4611772879845982209-8-1772795689 - Holdem no limit (15/30) - 2026/03/06 11:14:49 UTC
Table: 'Expresso Nitro(1073762048)#0' 3-max (real money) Seat #2 is the button
Seat 1: MathisKcr (330)
Seat 2: Guendou (570)
*** ANTE/BLINDS ***
Guendou posts small blind 15
MathisKcr posts big blind 30
Dealt to MathisKcr [Qs 2s]
*** PRE-FLOP *** 
Guendou calls 15
MathisKcr checks
*** FLOP *** [7h Js Qc]
MathisKcr bets 30
Guendou calls 30
*** TURN *** [7h Js Qc][Ah]
MathisKcr bets 96
Guendou folds
MathisKcr collected 216 from pot
*** SUMMARY ***
Total pot 216 | No rake
Board: [7h Js Qc Ah]
Seat 1: MathisKcr (big blind) won 216


Winamax Poker - Tournament "Expresso Nitro" buyIn: 0.93€ + 0.07€ level: 2 - HandId: #4611772879845982209-9-1772795704 - Holdem no limit (15/30) - 2026/03/06 11:15:04 UTC
Table: 'Expresso Nitro(1073762048)#0' 3-max (real money) Seat #1 is the button
Seat 1: MathisKcr (390)
Seat 2: Guendou (510)
*** ANTE/BLINDS ***
MathisKcr posts small blind 15
Guendou posts big blind 30
Dealt to MathisKcr [Kc 3h]
*** PRE-FLOP *** 
MathisKcr raises 30 to 60
Guendou raises 450 to 510 and is all-in
MathisKcr folds
Guendou collected 570 from pot
*** SUMMARY ***
Total pot 570 | No rake
Seat 2: Guendou (big blind) won 570


Winamax Poker - Tournament "Expresso Nitro" buyIn: 0.93€ + 0.07€ level: 2 - HandId: #4611772879845982209-10-1772795714 - Holdem no limit (15/30) - 2026/03/06 11:15:14 UTC
Table: 'Expresso Nitro(1073762048)#0' 3-max (real money) Seat #2 is the button
Seat 1: MathisKcr (330)
Seat 2: Guendou (570)
*** ANTE/BLINDS ***
Guendou posts small blind 15
MathisKcr posts big blind 30
Dealt to MathisKcr [5c Qs]
*** PRE-FLOP *** 
Guendou calls 15
MathisKcr checks
*** FLOP *** [3s 2c 3h]
MathisKcr checks
Guendou checks
*** TURN *** [3s 2c 3h][8s]
MathisKcr bets 39
Guendou calls 39
*** RIVER *** [3s 2c 3h 8s][7h]
MathisKcr bets 110
Guendou calls 110
*** SHOW DOWN ***
MathisKcr shows [5c Qs] (One pair : 3)
Guendou shows [Ks 6s] (One pair : 3)
Guendou collected 358 from pot
*** SUMMARY ***
Total pot 358 | No rake
Board: [3s 2c 3h 8s 7h]
Seat 1: MathisKcr (big blind) showed [5c Qs] and lost with One pair : 3
Seat 2: Guendou (small blind) (button) showed [Ks 6s] and won 358 with One pair : 3


Winamax Poker - Tournament "Expresso Nitro" buyIn: 0.93€ + 0.07€ level: 3 - HandId: #4611772879845982209-11-1772795732 - Holdem no limit (20/40) - 2026/03/06 11:15:32 UTC
Table: 'Expresso Nitro(1073762048)#0' 3-max (real money) Seat #1 is the button
Seat 1: MathisKcr (151)
Seat 2: Guendou (749)
*** ANTE/BLINDS ***
MathisKcr posts small blind 20
Guendou posts big blind 40
Dealt to MathisKcr [2h As]
*** PRE-FLOP *** 
MathisKcr raises 111 to 151 and is all-in
Guendou calls 111
*** FLOP *** [Kc 5s Qc]
*** TURN *** [Kc 5s Qc][7c]
*** RIVER *** [Kc 5s Qc 7c][8d]
*** SHOW DOWN ***
Guendou shows [9s 3s] (High card : King)
MathisKcr shows [2h As] (High card : Ace)
MathisKcr collected 302 from pot
*** SUMMARY ***
Total pot 302 | No rake
Board: [Kc 5s Qc 7c 8d]
Seat 1: MathisKcr (small blind) (button) showed [2h As] and won 302 with High card : Ace
Seat 2: Guendou (big blind) showed [9s 3s] and lost with High card : King


Winamax Poker - Tournament "Expresso Nitro" buyIn: 0.93€ + 0.07€ level: 3 - HandId: #4611772879845982209-12-1772795745 - Holdem no limit (20/40) - 2026/03/06 11:15:45 UTC
Table: 'Expresso Nitro(1073762048)#0' 3-max (real money) Seat #2 is the button
Seat 1: MathisKcr (302)
Seat 2: Guendou (598)
*** ANTE/BLINDS ***
Guendou posts small blind 20
MathisKcr posts big blind 40
Dealt to MathisKcr [7s Ad]
*** PRE-FLOP *** 
Guendou folds
MathisKcr collected 60 from pot
*** SUMMARY ***
Total pot 60 | No rake
Seat 1: MathisKcr (big blind) won 60


Winamax Poker - Tournament "Expresso Nitro" buyIn: 0.93€ + 0.07€ level: 3 - HandId: #4611772879845982209-13-1772795750 - Holdem no limit (20/40) - 2026/03/06 11:15:50 UTC
Table: 'Expresso Nitro(1073762048)#0' 3-max (real money) Seat #1 is the button
Seat 1: MathisKcr (322)
Seat 2: Guendou (578)
*** ANTE/BLINDS ***
MathisKcr posts small blind 20
Guendou posts big blind 40
Dealt to MathisKcr [5h 4c]
*** PRE-FLOP *** 
MathisKcr calls 20
Guendou checks
*** FLOP *** [Qc Ks Jd]
Guendou checks
MathisKcr bets 40
Guendou calls 40
*** TURN *** [Qc Ks Jd][2h]
Guendou checks
MathisKcr checks
*** RIVER *** [Qc Ks Jd 2h][9h]
Guendou bets 104
MathisKcr folds
Guendou collected 264 from pot
*** SUMMARY ***
Total pot 264 | No rake
Board: [Qc Ks Jd 2h 9h]
Seat 2: Guendou (big blind) won 264


Winamax Poker - Tournament "Expresso Nitro" buyIn: 0.93€ + 0.07€ level: 3 - HandId: #4611772879845982209-14-1772795765 - Holdem no limit (20/40) - 2026/03/06 11:16:05 UTC
Table: 'Expresso Nitro(1073762048)#0' 3-max (real money) Seat #2 is the button
Seat 1: MathisKcr (242)
Seat 2: Guendou (658)
*** ANTE/BLINDS ***
Guendou posts small blind 20
MathisKcr posts big blind 40
Dealt to MathisKcr [Tc 4c]
*** PRE-FLOP *** 
Guendou raises 60 to 100
MathisKcr folds
Guendou collected 140 from pot
*** SUMMARY ***
Total pot 140 | No rake
Seat 2: Guendou (small blind) (button) won 140


Winamax Poker - Tournament "Expresso Nitro" buyIn: 0.93€ + 0.07€ level: 3 - HandId: #4611772879845982209-15-1772795772 - Holdem no limit (20/40) - 2026/03/06 11:16:12 UTC
Table: 'Expresso Nitro(1073762048)#0' 3-max (real money) Seat #1 is the button
Seat 1: MathisKcr (202)
Seat 2: Guendou (698)
*** ANTE/BLINDS ***
MathisKcr posts small blind 20
Guendou posts big blind 40
Dealt to MathisKcr [Tc Kd]
*** PRE-FLOP *** 
MathisKcr raises 162 to 202 and is all-in
Guendou calls 162
*** FLOP *** [Ks Jd 9c]
*** TURN *** [Ks Jd 9c][Ac]
*** RIVER *** [Ks Jd 9c Ac][6s]
*** SHOW DOWN ***
Guendou shows [Jh 7s] (One pair : Jacks)
MathisKcr shows [Tc Kd] (One pair : Kings)
MathisKcr collected 404 from pot
*** SUMMARY ***
Total pot 404 | No rake
Board: [Ks Jd 9c Ac 6s]
Seat 1: MathisKcr (small blind) (button) showed [Tc Kd] and won 404 with One pair : Kings
Seat 2: Guendou (big blind) showed [Jh 7s] and lost with One pair : Jacks


Winamax Poker - Tournament "Expresso Nitro" buyIn: 0.93€ + 0.07€ level: 3 - HandId: #4611772879845982209-16-1772795786 - Holdem no limit (20/40) - 2026/03/06 11:16:26 UTC
Table: 'Expresso Nitro(1073762048)#0' 3-max (real money) Seat #2 is the button
Seat 1: MathisKcr (404)
Seat 2: Guendou (496)
*** ANTE/BLINDS ***
Guendou posts small blind 20
MathisKcr posts big blind 40
Dealt to MathisKcr [Ks Qc]
*** PRE-FLOP *** 
Guendou raises 40 to 80
MathisKcr raises 324 to 404 and is all-in
Guendou calls 324
*** FLOP *** [Js 3h 4d]
*** TURN *** [Js 3h 4d][8c]
*** RIVER *** [Js 3h 4d 8c][Jh]
*** SHOW DOWN ***
MathisKcr shows [Ks Qc] (One pair : Jacks)
Guendou shows [8s 9d] (Two pairs : Jacks and 8)
Guendou collected 808 from pot
*** SUMMARY ***
Total pot 808 | No rake
Board: [Js 3h 4d 8c Jh]
Seat 1: MathisKcr (big blind) showed [Ks Qc] and lost with One pair : Jacks
Seat 2: Guendou (small blind) (button) showed [8s 9d] and won 808 with Two pairs : Jacks and 8


