Winamax Poker - Tournament "Expresso Nitro" buyIn: 0.93€ + 0.07€ level: 1 - HandId: #4668206271919292417-1-1774784604 - Holdem no limit (10/20) - 2026/03/29 11:43:24 UTC
Table: 'Expresso Nitro(1086901471)#0' 3-max (real money) Seat #1 is the button
Seat 1: jocos76 (300)
Seat 2: ismail34 (300)
Seat 3: MathisKcr (300)
*** ANTE/BLINDS ***
ismail34 posts small blind 10
MathisKcr posts big blind 20
Dealt to MathisKcr [5d 5c]
*** PRE-FLOP *** 
jocos76 raises 30 to 50
ismail34 folds
MathisKcr raises 250 to 300 and is all-in
jocos76 calls 250 and is all-in
*** FLOP *** [Qh 2h Jc]
*** TURN *** [Qh 2h Jc][6h]
*** RIVER *** [Qh 2h Jc 6h][Jd]
*** SHOW DOWN ***
MathisKcr shows [5d 5c] (Two pairs : Jacks and 5)
jocos76 shows [Ks Qd] (Two pairs : Queens and Jacks)
jocos76 collected 610 from pot
*** SUMMARY ***
Total pot 610 | No rake
Board: [Qh 2h Jc 6h Jd]
Seat 1: jocos76 (button) showed [Ks Qd] and won 610 with Two pairs : Queens and Jacks
Seat 3: MathisKcr (big blind) showed [5d 5c] and lost with Two pairs : Jacks and 5


