Winamax Poker - Tournament "Expresso Nitro" buyIn: 0.93€ + 0.07€ level: 1 - HandId: #4675025924071096321-1-1775048899 - Holdem no limit (10/20) - 2026/04/01 13:08:19 UTC
Table: 'Expresso Nitro(1088489295)#0' 3-max (real money) Seat #3 is the button
Seat 1: Chiru11 (300)
Seat 2: PAUL King696 (300)
Seat 3: MathisKcr (300)
*** ANTE/BLINDS ***
Chiru11 posts small blind 10
PAUL King696 posts big blind 20
Dealt to MathisKcr [Kc 9c]
*** PRE-FLOP *** 
MathisKcr raises 20 to 40
Chiru11 folds
PAUL King696 folds
MathisKcr collected 70 from pot
*** SUMMARY ***
Total pot 70 | No rake
Seat 3: MathisKcr (button) won 70


Winamax Poker - Tournament "Expresso Nitro" buyIn: 0.93€ + 0.07€ level: 1 - HandId: #4675025924071096321-2-1775048908 - Holdem no limit (10/20) - 2026/04/01 13:08:28 UTC
Table: 'Expresso Nitro(1088489295)#0' 3-max (real money) Seat #1 is the button
Seat 1: Chiru11 (290)
Seat 2: PAUL King696 (280)
Seat 3: MathisKcr (330)
*** ANTE/BLINDS ***
PAUL King696 posts small blind 10
MathisKcr posts big blind 20
Dealt to MathisKcr [2d 9c]
*** PRE-FLOP *** 
Chiru11 folds
PAUL King696 calls 10
MathisKcr checks
*** FLOP *** [8c 4s 5s]
PAUL King696 checks
MathisKcr bets 20
PAUL King696 calls 20
*** TURN *** [8c 4s 5s][Jc]
PAUL King696 checks
MathisKcr bets 52
PAUL King696 folds
MathisKcr collected 132 from pot
*** SUMMARY ***
Total pot 132 | No rake
Board: [8c 4s 5s Jc]
Seat 3: MathisKcr (big blind) won 132


Winamax Poker - Tournament "Expresso Nitro" buyIn: 0.93€ + 0.07€ level: 1 - HandId: #4675025924071096321-3-1775048935 - Holdem no limit (10/20) - 2026/04/01 13:08:55 UTC
Table: 'Expresso Nitro(1088489295)#0' 3-max (real money) Seat #2 is the button
Seat 1: Chiru11 (290)
Seat 2: PAUL King696 (240)
Seat 3: MathisKcr (370)
*** ANTE/BLINDS ***
MathisKcr posts small blind 10
Chiru11 posts big blind 20
Dealt to MathisKcr [6d Kc]
*** PRE-FLOP *** 
PAUL King696 folds
MathisKcr raises 350 to 370 and is all-in
Chiru11 folds
MathisKcr collected 390 from pot
*** SUMMARY ***
Total pot 390 | No rake
Seat 3: MathisKcr (small blind) won 390


Winamax Poker - Tournament "Expresso Nitro" buyIn: 0.93€ + 0.07€ level: 1 - HandId: #4675025924071096321-4-1775048942 - Holdem no limit (10/20) - 2026/04/01 13:09:02 UTC
Table: 'Expresso Nitro(1088489295)#0' 3-max (real money) Seat #3 is the button
Seat 1: Chiru11 (270)
Seat 2: PAUL King696 (240)
Seat 3: MathisKcr (390)
*** ANTE/BLINDS ***
Chiru11 posts small blind 10
PAUL King696 posts big blind 20
Dealt to MathisKcr [2h 5h]
*** PRE-FLOP *** 
MathisKcr folds
Chiru11 folds
PAUL King696 collected 30 from pot
*** SUMMARY ***
Total pot 30 | No rake
Seat 2: PAUL King696 (big blind) won 30


Winamax Poker - Tournament "Expresso Nitro" buyIn: 0.93€ + 0.07€ level: 1 - HandId: #4675025924071096321-5-1775048951 - Holdem no limit (10/20) - 2026/04/01 13:09:11 UTC
Table: 'Expresso Nitro(1088489295)#0' 3-max (real money) Seat #1 is the button
Seat 1: Chiru11 (260)
Seat 2: PAUL King696 (250)
Seat 3: MathisKcr (390)
*** ANTE/BLINDS ***
PAUL King696 posts small blind 10
MathisKcr posts big blind 20
Dealt to MathisKcr [8c 6s]
*** PRE-FLOP *** 
Chiru11 folds
PAUL King696 raises 230 to 250 and is all-in
MathisKcr folds
PAUL King696 collected 270 from pot
*** SUMMARY ***
Total pot 270 | No rake
Seat 2: PAUL King696 (small blind) won 270


Winamax Poker - Tournament "Expresso Nitro" buyIn: 0.93€ + 0.07€ level: 2 - HandId: #4675025924071096321-6-1775048963 - Holdem no limit (15/30) - 2026/04/01 13:09:23 UTC
Table: 'Expresso Nitro(1088489295)#0' 3-max (real money) Seat #2 is the button
Seat 1: Chiru11 (260)
Seat 2: PAUL King696 (270)
Seat 3: MathisKcr (370)
*** ANTE/BLINDS ***
MathisKcr posts small blind 15
Chiru11 posts big blind 30
Dealt to MathisKcr [7h 6c]
*** PRE-FLOP *** 
PAUL King696 calls 30
MathisKcr folds
Chiru11 raises 230 to 260 and is all-in
PAUL King696 calls 230
*** FLOP *** [9s 9h 5d]
*** TURN *** [9s 9h 5d][5h]
*** RIVER *** [9s 9h 5d 5h][9c]
*** SHOW DOWN ***
PAUL King696 shows [As 4c] (Full of 9 and 5)
Chiru11 shows [9d Ah] (Quads of 9)
Chiru11 collected 535 from pot
*** SUMMARY ***
Total pot 535 | No rake
Board: [9s 9h 5d 5h 9c]
Seat 1: Chiru11 (big blind) showed [9d Ah] and won 535 with Quads of 9
Seat 2: PAUL King696 (button) showed [As 4c] and lost with Full of 9 and 5


Winamax Poker - Tournament "Expresso Nitro" buyIn: 0.93€ + 0.07€ level: 2 - HandId: #4675025924071096321-7-1775048982 - Holdem no limit (15/30) - 2026/04/01 13:09:42 UTC
Table: 'Expresso Nitro(1088489295)#0' 3-max (real money) Seat #3 is the button
Seat 1: Chiru11 (535)
Seat 2: PAUL King696 (10)
Seat 3: MathisKcr (355)
*** ANTE/BLINDS ***
Chiru11 posts small blind 15
PAUL King696 posts big blind 10 and is all-in
Dealt to MathisKcr [5s Js]
*** PRE-FLOP *** 
MathisKcr folds
*** FLOP *** [4h Qs As]
*** TURN *** [4h Qs As][2h]
*** RIVER *** [4h Qs As 2h][Ks]
*** SHOW DOWN ***
Chiru11 shows [Jh 9c] (High card : Ace)
PAUL King696 shows [5c Ad] (One pair : Aces)
PAUL King696 collected 20 from main pot
Chiru11 collected 5 from side pot 1
*** SUMMARY ***
Total pot 25 | No rake
Board: [4h Qs As 2h Ks]
Seat 1: Chiru11 (small blind) showed [Jh 9c] and won 5 with High card : Ace
Seat 2: PAUL King696 (big blind) showed [5c Ad] and won 20 with One pair : Aces


Winamax Poker - Tournament "Expresso Nitro" buyIn: 0.93€ + 0.07€ level: 2 - HandId: #4675025924071096321-8-1775049002 - Holdem no limit (15/30) - 2026/04/01 13:10:02 UTC
Table: 'Expresso Nitro(1088489295)#0' 3-max (real money) Seat #1 is the button
Seat 1: Chiru11 (525)
Seat 2: PAUL King696 (20)
Seat 3: MathisKcr (355)
*** ANTE/BLINDS ***
PAUL King696 posts small blind 15
MathisKcr posts big blind 30
Dealt to MathisKcr [9s Jh]
*** PRE-FLOP *** 
Chiru11 raises 45 to 75
PAUL King696 calls 5 and is all-in
MathisKcr calls 45
*** FLOP *** [Qh 6h 3d]
MathisKcr checks
Chiru11 bets 59
MathisKcr folds
*** TURN *** [Qh 6h 3d][5h]
*** RIVER *** [Qh 6h 3d 5h][3s]
*** SHOW DOWN ***
Chiru11 shows [Th 9d] (One pair : 3)
PAUL King696 shows [6c Kh] (Two pairs : 6 and 3)
PAUL King696 collected 60 from main pot
Chiru11 collected 169 from side pot 1
*** SUMMARY ***
Total pot 229 | No rake
Board: [Qh 6h 3d 5h 3s]
Seat 1: Chiru11 (button) showed [Th 9d] and won 169 with One pair : 3
Seat 2: PAUL King696 (small blind) showed [6c Kh] and won 60 with Two pairs : 6 and 3


Winamax Poker - Tournament "Expresso Nitro" buyIn: 0.93€ + 0.07€ level: 3 - HandId: #4675025924071096321-9-1775049026 - Holdem no limit (20/40) - 2026/04/01 13:10:26 UTC
Table: 'Expresso Nitro(1088489295)#0' 3-max (real money) Seat #2 is the button
Seat 1: Chiru11 (560)
Seat 2: PAUL King696 (60)
Seat 3: MathisKcr (280)
*** ANTE/BLINDS ***
MathisKcr posts small blind 20
Chiru11 posts big blind 40
Dealt to MathisKcr [6h Ks]
*** PRE-FLOP *** 
PAUL King696 raises 20 to 60 and is all-in
MathisKcr raises 220 to 280 and is all-in
Chiru11 calls 240
*** FLOP *** [7s 2s 6d]
*** TURN *** [7s 2s 6d][2d]
*** RIVER *** [7s 2s 6d 2d][2c]
*** SHOW DOWN ***
Chiru11 shows [4s Kh] (Trips of 2)
PAUL King696 shows [8d 5d] (Trips of 2)
MathisKcr shows [6h Ks] (Full of 2 and 6)
MathisKcr collected 620 from pot
*** SUMMARY ***
Total pot 620 | No rake
Board: [7s 2s 6d 2d 2c]
Seat 1: Chiru11 (big blind) showed [4s Kh] and lost with Trips of 2
Seat 2: PAUL King696 (button) showed [8d 5d] and lost with Trips of 2
Seat 3: MathisKcr (small blind) showed [6h Ks] and won 620 with Full of 2 and 6


Winamax Poker - Tournament "Expresso Nitro" buyIn: 0.93€ + 0.07€ level: 3 - HandId: #4675025924071096321-10-1775049044 - Holdem no limit (20/40) - 2026/04/01 13:10:44 UTC
Table: 'Expresso Nitro(1088489295)#0' 3-max (real money) Seat #1 is the button
Seat 1: Chiru11 (280)
Seat 3: MathisKcr (620)
*** ANTE/BLINDS ***
Chiru11 posts small blind 20
MathisKcr posts big blind 40
Dealt to MathisKcr [8h 9h]
*** PRE-FLOP *** 
Chiru11 folds
MathisKcr collected 60 from pot
*** SUMMARY ***
Total pot 60 | No rake
Seat 3: MathisKcr (big blind) won 60


Winamax Poker - Tournament "Expresso Nitro" buyIn: 0.93€ + 0.07€ level: 3 - HandId: #4675025924071096321-11-1775049048 - Holdem no limit (20/40) - 2026/04/01 13:10:48 UTC
Table: 'Expresso Nitro(1088489295)#0' 3-max (real money) Seat #3 is the button
Seat 1: Chiru11 (260)
Seat 3: MathisKcr (640)
*** ANTE/BLINDS ***
MathisKcr posts small blind 20
Chiru11 posts big blind 40
Dealt to MathisKcr [Ks Ac]
*** PRE-FLOP *** 
MathisKcr raises 600 to 640 and is all-in
Chiru11 calls 220 and is all-in
*** FLOP *** [7d 3s 7s]
*** TURN *** [7d 3s 7s][5c]
*** RIVER *** [7d 3s 7s 5c][Jc]
*** SHOW DOWN ***
Chiru11 shows [Kc 6s] (One pair : 7)
MathisKcr shows [Ks Ac] (One pair : 7)
MathisKcr collected 900 from pot
*** SUMMARY ***
Total pot 900 | No rake
Board: [7d 3s 7s 5c Jc]
Seat 1: Chiru11 (big blind) showed [Kc 6s] and lost with One pair : 7
Seat 3: MathisKcr (small blind) (button) showed [Ks Ac] and won 900 with One pair : 7


