Winamax Poker - Tournament "TRIDENT SPACE KO" buyIn: 1.80€ + 0.20€ level: 1 - HandId: #4528002239976964130-1-1772316931 - Holdem no limit (3/10/20) - 2026/02/28 22:15:31 UTC
Table: 'TRIDENT SPACE KO(1054257676)#0033' 3-max (real money) Seat #1 is the button
Seat 1: TwinMind (500, 1€ bounty)
Seat 2: panaerox (500, 1€ bounty)
Seat 3: MathisKcr (500, 1€ bounty)
*** ANTE/BLINDS ***
panaerox posts ante 3
MathisKcr posts ante 3
TwinMind posts ante 3
panaerox posts small blind 10
MathisKcr posts big blind 20
Dealt to MathisKcr [3d 3h]
*** PRE-FLOP *** 
TwinMind raises 20 to 40
panaerox raises 457 to 497 and is all-in
MathisKcr calls 477 and is all-in
TwinMind folds
*** FLOP *** [8h 5c Jh]
*** TURN *** [8h 5c Jh][Jd]
*** RIVER *** [8h 5c Jh Jd][9c]
*** SHOW DOWN ***
panaerox shows [6s As] (One pair : Jacks)
MathisKcr shows [3d 3h] (Two pairs : Jacks and 3)
MathisKcr collected 1043 from pot
*** SUMMARY ***
Total pot 1043 | No rake
Board: [8h 5c Jh Jd 9c]
Seat 2: panaerox (small blind) showed [6s As] and lost with One pair : Jacks
Seat 3: MathisKcr (big blind) showed [3d 3h] and won 1043 with Two pairs : Jacks and 3


Winamax Poker - Tournament "TRIDENT SPACE KO" buyIn: 1.80€ + 0.20€ level: 1 - HandId: #4528002239976964130-2-1772316971 - Holdem no limit (3/10/20) - 2026/02/28 22:16:11 UTC
Table: 'TRIDENT SPACE KO(1054257676)#0033' 3-max (real money) Seat #3 is the button
Seat 1: TwinMind (457, 1€ bounty)
Seat 3: MathisKcr (1043, 1.20€ bounty)
*** ANTE/BLINDS ***
MathisKcr posts ante 3
TwinMind posts ante 3
MathisKcr posts small blind 10
TwinMind posts big blind 20
Dealt to MathisKcr [3d Qh]
*** PRE-FLOP *** 
MathisKcr raises 20 to 40
TwinMind folds
MathisKcr collected 66 from pot
*** SUMMARY ***
Total pot 66 | No rake
Seat 3: MathisKcr (small blind) (button) won 66


Winamax Poker - Tournament "TRIDENT SPACE KO" buyIn: 1.80€ + 0.20€ level: 1 - HandId: #4528002239976964130-3-1772316983 - Holdem no limit (3/10/20) - 2026/02/28 22:16:23 UTC
Table: 'TRIDENT SPACE KO(1054257676)#0033' 3-max (real money) Seat #3 is the button
Seat 1: TwinMind (434, 1€ bounty)
Seat 2: Zid.zid.zido (500, 1€ bounty)
Seat 3: MathisKcr (1066, 1.20€ bounty)
*** ANTE/BLINDS ***
TwinMind posts ante 3
Zid.zid.zido posts ante 3
MathisKcr posts ante 3
TwinMind posts small blind 10
Zid.zid.zido posts big blind 20
Dealt to MathisKcr [Jd 8h]
*** PRE-FLOP *** 
MathisKcr raises 20 to 40
TwinMind folds
Zid.zid.zido calls 20
*** FLOP *** [Tc 2s 8d]
Zid.zid.zido checks
MathisKcr bets 50
Zid.zid.zido folds
MathisKcr collected 149 from pot
*** SUMMARY ***
Total pot 149 | No rake
Board: [Tc 2s 8d]
Seat 3: MathisKcr (button) won 149


Winamax Poker - Tournament "TRIDENT SPACE KO" buyIn: 1.80€ + 0.20€ level: 1 - HandId: #4528002239976964130-4-1772317002 - Holdem no limit (3/10/20) - 2026/02/28 22:16:42 UTC
Table: 'TRIDENT SPACE KO(1054257676)#0033' 3-max (real money) Seat #1 is the button
Seat 1: TwinMind (421, 1€ bounty)
Seat 2: Zid.zid.zido (457, 1€ bounty)
Seat 3: MathisKcr (1122, 1.20€ bounty)
*** ANTE/BLINDS ***
Zid.zid.zido posts ante 3
MathisKcr posts ante 3
TwinMind posts ante 3
Zid.zid.zido posts small blind 10
MathisKcr posts big blind 20
Dealt to MathisKcr [4d Jc]
*** PRE-FLOP *** 
TwinMind folds
Zid.zid.zido folds
MathisKcr collected 39 from pot
*** SUMMARY ***
Total pot 39 | No rake
Seat 3: MathisKcr (big blind) won 39


Winamax Poker - Tournament "TRIDENT SPACE KO" buyIn: 1.80€ + 0.20€ level: 1 - HandId: #4528002239976964130-5-1772317012 - Holdem no limit (3/10/20) - 2026/02/28 22:16:52 UTC
Table: 'TRIDENT SPACE KO(1054257676)#0033' 3-max (real money) Seat #2 is the button
Seat 1: TwinMind (418, 1€ bounty)
Seat 2: Zid.zid.zido (444, 1€ bounty)
Seat 3: MathisKcr (1138, 1.20€ bounty)
*** ANTE/BLINDS ***
MathisKcr posts ante 3
TwinMind posts ante 3
Zid.zid.zido posts ante 3
MathisKcr posts small blind 10
TwinMind posts big blind 20
Dealt to MathisKcr [8h 3h]
*** PRE-FLOP *** 
Zid.zid.zido folds
MathisKcr calls 10
TwinMind checks
*** FLOP *** [Kd 9c 5s]
MathisKcr checks
TwinMind bets 32
MathisKcr folds
TwinMind collected 81 from pot
*** SUMMARY ***
Total pot 81 | No rake
Board: [Kd 9c 5s]
Seat 1: TwinMind (big blind) won 81


Winamax Poker - Tournament "TRIDENT SPACE KO" buyIn: 1.80€ + 0.20€ level: 1 - HandId: #4528002239976964130-6-1772317027 - Holdem no limit (3/10/20) - 2026/02/28 22:17:07 UTC
Table: 'TRIDENT SPACE KO(1054257676)#0033' 3-max (real money) Seat #3 is the button
Seat 1: TwinMind (444, 1€ bounty)
Seat 2: Zid.zid.zido (441, 1€ bounty)
Seat 3: MathisKcr (1115, 1.20€ bounty)
*** ANTE/BLINDS ***
TwinMind posts ante 3
Zid.zid.zido posts ante 3
MathisKcr posts ante 3
TwinMind posts small blind 10
Zid.zid.zido posts big blind 20
Dealt to MathisKcr [As Qc]
*** PRE-FLOP *** 
MathisKcr raises 20 to 40
TwinMind folds
Zid.zid.zido folds
MathisKcr collected 79 from pot
*** SUMMARY ***
Total pot 79 | No rake
Seat 3: MathisKcr (button) won 79


Winamax Poker - Tournament "TRIDENT SPACE KO" buyIn: 1.80€ + 0.20€ level: 1 - HandId: #4528002239976964130-7-1772317036 - Holdem no limit (3/10/20) - 2026/02/28 22:17:16 UTC
Table: 'TRIDENT SPACE KO(1054257676)#0033' 3-max (real money) Seat #1 is the button
Seat 1: TwinMind (431, 1€ bounty)
Seat 2: Zid.zid.zido (418, 1€ bounty)
Seat 3: MathisKcr (1151, 1.20€ bounty)
*** ANTE/BLINDS ***
Zid.zid.zido posts ante 3
MathisKcr posts ante 3
TwinMind posts ante 3
Zid.zid.zido posts small blind 10
MathisKcr posts big blind 20
Dealt to MathisKcr [Js 6d]
*** PRE-FLOP *** 
TwinMind folds
Zid.zid.zido folds
MathisKcr collected 39 from pot
*** SUMMARY ***
Total pot 39 | No rake
Seat 3: MathisKcr (big blind) won 39


Winamax Poker - Tournament "TRIDENT SPACE KO" buyIn: 1.80€ + 0.20€ level: 1 - HandId: #4528002239976964130-8-1772317043 - Holdem no limit (3/10/20) - 2026/02/28 22:17:23 UTC
Table: 'TRIDENT SPACE KO(1054257676)#0033' 3-max (real money) Seat #3 is the button
Seat 2: Zid.zid.zido (405, 1€ bounty)
Seat 3: MathisKcr (1167, 1.20€ bounty)
*** ANTE/BLINDS ***
MathisKcr posts ante 3
Zid.zid.zido posts ante 3
MathisKcr posts small blind 10
Zid.zid.zido posts big blind 20
Dealt to MathisKcr [Ah 7d]
*** PRE-FLOP *** 
MathisKcr raises 20 to 40
Zid.zid.zido folds
MathisKcr collected 66 from pot
*** SUMMARY ***
Total pot 66 | No rake
Seat 3: MathisKcr (small blind) (button) won 66


Winamax Poker - Tournament "TRIDENT SPACE KO" buyIn: 1.80€ + 0.20€ level: 1 - HandId: #4528002239976964130-9-1772317052 - Holdem no limit (3/10/20) - 2026/02/28 22:17:32 UTC
Table: 'TRIDENT SPACE KO(1054257676)#0033' 3-max (real money) Seat #2 is the button
Seat 1: Smurf06 (500, 1€ bounty)
Seat 2: Zid.zid.zido (382, 1€ bounty)
Seat 3: MathisKcr (1190, 1.20€ bounty)
*** ANTE/BLINDS ***
Zid.zid.zido posts ante 3
MathisKcr posts ante 3
Zid.zid.zido posts small blind 10
MathisKcr posts big blind 20
Dealt to MathisKcr [Kd 4d]
*** PRE-FLOP *** 
Zid.zid.zido folds
MathisKcr collected 36 from pot
*** SUMMARY ***
Total pot 36 | No rake
Seat 3: MathisKcr (big blind) won 36


Winamax Poker - Tournament "TRIDENT SPACE KO" buyIn: 1.80€ + 0.20€ level: 1 - HandId: #4528002239976964130-10-1772317057 - Holdem no limit (3/10/20) - 2026/02/28 22:17:37 UTC
Table: 'TRIDENT SPACE KO(1054257676)#0033' 3-max (real money) Seat #2 is the button
Seat 1: Smurf06 (500, 1€ bounty)
Seat 2: Zid.zid.zido (369, 1€ bounty)
Seat 3: MathisKcr (1203, 1.20€ bounty)
*** ANTE/BLINDS ***
MathisKcr posts ante 3
Smurf06 posts ante 3
Zid.zid.zido posts ante 3
MathisKcr posts small blind 10
Smurf06 posts big blind 20
Dealt to MathisKcr [8c Ah]
*** PRE-FLOP *** 
Zid.zid.zido folds
MathisKcr raises 20 to 40
Smurf06 calls 20
*** FLOP *** [9d Td 8d]
MathisKcr bets 31
Smurf06 calls 31
*** TURN *** [9d Td 8d][6c]
MathisKcr bets 76
Smurf06 calls 76
*** RIVER *** [9d Td 8d 6c][3c]
MathisKcr checks
Smurf06 checks
*** SHOW DOWN ***
Smurf06 shows [5h Js] (High card : Jack)
MathisKcr shows [8c Ah] (One pair : 8)
MathisKcr collected 303 from pot
*** SUMMARY ***
Total pot 303 | No rake
Board: [9d Td 8d 6c 3c]
Seat 1: Smurf06 (big blind) showed [5h Js] and lost with High card : Jack
Seat 3: MathisKcr (small blind) showed [8c Ah] and won 303 with One pair : 8


Winamax Poker - Tournament "TRIDENT SPACE KO" buyIn: 1.80€ + 0.20€ level: 1 - HandId: #4528002239976964130-11-1772317092 - Holdem no limit (3/10/20) - 2026/02/28 22:18:12 UTC
Table: 'TRIDENT SPACE KO(1054257676)#0033' 3-max (real money) Seat #3 is the button
Seat 1: Smurf06 (350, 1€ bounty)
Seat 2: Zid.zid.zido (366, 1€ bounty)
Seat 3: MathisKcr (1356, 1.20€ bounty)
*** ANTE/BLINDS ***
Smurf06 posts ante 3
Zid.zid.zido posts ante 3
MathisKcr posts ante 3
Smurf06 posts small blind 10
Zid.zid.zido posts big blind 20
Dealt to MathisKcr [Td Ts]
*** PRE-FLOP *** 
MathisKcr raises 20 to 40
Smurf06 raises 60 to 100
Zid.zid.zido folds
MathisKcr raises 1253 to 1353 and is all-in
Smurf06 calls 247 and is all-in
*** FLOP *** [5s 4c 8c]
*** TURN *** [5s 4c 8c][3h]
*** RIVER *** [5s 4c 8c 3h][Jc]
*** SHOW DOWN ***
Smurf06 shows [9s 8d] (One pair : 8)
MathisKcr shows [Td Ts] (One pair : Tens)
MathisKcr collected 1729 from pot
*** SUMMARY ***
Total pot 1729 | No rake
Board: [5s 4c 8c 3h Jc]
Seat 1: Smurf06 (small blind) showed [9s 8d] and lost with One pair : 8
Seat 3: MathisKcr (button) showed [Td Ts] and won 1729 with One pair : Tens


Winamax Poker - Tournament "TRIDENT SPACE KO" buyIn: 1.80€ + 0.20€ level: 1 - HandId: #4528002239976964130-12-1772317121 - Holdem no limit (3/10/20) - 2026/02/28 22:18:41 UTC
Table: 'TRIDENT SPACE KO(1054257676)#0033' 3-max (real money) Seat #2 is the button
Seat 2: Zid.zid.zido (343, 1€ bounty)
Seat 3: MathisKcr (1729, 2.20€ bounty)
*** ANTE/BLINDS ***
Zid.zid.zido posts ante 3
MathisKcr posts ante 3
Zid.zid.zido posts small blind 10
MathisKcr posts big blind 20
Dealt to MathisKcr [Js 4h]
*** PRE-FLOP *** 
Zid.zid.zido raises 320 to 340 and is all-in
MathisKcr calls 320
*** FLOP *** [5d Ts 5c]
*** TURN *** [5d Ts 5c][5h]
*** RIVER *** [5d Ts 5c 5h][6c]
*** SHOW DOWN ***
Zid.zid.zido shows [8c 7c] (Trips of 5)
MathisKcr shows [Js 4h] (Trips of 5)
MathisKcr collected 686 from pot
*** SUMMARY ***
Total pot 686 | No rake
Board: [5d Ts 5c 5h 6c]
Seat 2: Zid.zid.zido (small blind) (button) showed [8c 7c] and lost with Trips of 5
Seat 3: MathisKcr (big blind) showed [Js 4h] and won 686 with Trips of 5


Winamax Poker - Tournament "TRIDENT SPACE KO" buyIn: 1.80€ + 0.20€ level: 1 - HandId: #4528002239976964130-13-1772317145 - Holdem no limit (3/10/20) - 2026/02/28 22:19:05 UTC
Table: 'TRIDENT SPACE KO(1054257676)#0033' 3-max (real money) Seat #3 is the button
Seat 1: PushTheoryEV (500, 1€ bounty)
Seat 3: MathisKcr (2072, 2.40€ bounty)
*** ANTE/BLINDS ***
MathisKcr posts ante 3
PushTheoryEV posts ante 3
MathisKcr posts small blind 10
PushTheoryEV posts big blind 20
Dealt to MathisKcr [6c Kh]
*** PRE-FLOP *** 
MathisKcr raises 20 to 40
PushTheoryEV raises 457 to 497 and is all-in
MathisKcr calls 457
*** FLOP *** [5s 3c Kc]
*** TURN *** [5s 3c Kc][7c]
*** RIVER *** [5s 3c Kc 7c][Qc]
*** SHOW DOWN ***
MathisKcr shows [6c Kh] (Flush King high)
PushTheoryEV shows [Ks Ac] (Flush Ace high)
PushTheoryEV collected 1000 from pot
*** SUMMARY ***
Total pot 1000 | No rake
Board: [5s 3c Kc 7c Qc]
Seat 1: PushTheoryEV (big blind) showed [Ks Ac] and won 1000 with Flush Ace high
Seat 3: MathisKcr (small blind) (button) showed [6c Kh] and lost with Flush King high


Winamax Poker - Tournament "TRIDENT SPACE KO" buyIn: 1.80€ + 0.20€ level: 1 - HandId: #4528002239976964130-14-1772317171 - Holdem no limit (3/10/20) - 2026/02/28 22:19:31 UTC
Table: 'TRIDENT SPACE KO(1054257676)#0033' 3-max (real money) Seat #3 is the button
Seat 1: PushTheoryEV (1000, 1€ bounty)
Seat 2: Troopac (500, 1€ bounty)
Seat 3: MathisKcr (1572, 2.40€ bounty)
*** ANTE/BLINDS ***
PushTheoryEV posts ante 3
Troopac posts ante 3
MathisKcr posts ante 3
PushTheoryEV posts small blind 10
Troopac posts big blind 20
Dealt to MathisKcr [4s 4d]
*** PRE-FLOP *** 
MathisKcr raises 1549 to 1569 and is all-in
PushTheoryEV folds
Troopac calls 477 and is all-in
*** FLOP *** [6c 8c 8s]
*** TURN *** [6c 8c 8s][5s]
*** RIVER *** [6c 8c 8s 5s][Ah]
*** SHOW DOWN ***
Troopac shows [7d 9s] (Straight 9 high)
MathisKcr shows [4s 4d] (Two pairs : 8 and 4)
MathisKcr collected 1072 from side pot 1
Troopac collected 1013 from main pot
*** SUMMARY ***
Total pot 2085 | No rake
Board: [6c 8c 8s 5s Ah]
Seat 2: Troopac (big blind) showed [7d 9s] and won 1013 with Straight 9 high
Seat 3: MathisKcr (button) showed [4s 4d] and won 1072 with Two pairs : 8 and 4


Winamax Poker - Tournament "TRIDENT SPACE KO" buyIn: 1.80€ + 0.20€ level: 1 - HandId: #4528002239976964130-15-1772317197 - Holdem no limit (3/10/20) - 2026/02/28 22:19:57 UTC
Table: 'TRIDENT SPACE KO(1054257676)#0033' 3-max (real money) Seat #1 is the button
Seat 1: PushTheoryEV (987, 1€ bounty)
Seat 2: Troopac (1013, 1€ bounty)
Seat 3: MathisKcr (1072, 2.40€ bounty)
*** ANTE/BLINDS ***
Troopac posts ante 3
MathisKcr posts ante 3
PushTheoryEV posts ante 3
Troopac posts small blind 10
MathisKcr posts big blind 20
Dealt to MathisKcr [8c 5h]
*** PRE-FLOP *** 
PushTheoryEV raises 20 to 40
Troopac raises 970 to 1010 and is all-in
MathisKcr folds
PushTheoryEV folds
Troopac collected 1079 from pot
*** SUMMARY ***
Total pot 1079 | No rake
Seat 2: Troopac (small blind) won 1079


Winamax Poker - Tournament "TRIDENT SPACE KO" buyIn: 1.80€ + 0.20€ level: 1 - HandId: #4528002239976964130-16-1772317210 - Holdem no limit (3/10/20) - 2026/02/28 22:20:10 UTC
Table: 'TRIDENT SPACE KO(1054257676)#0033' 3-max (real money) Seat #2 is the button
Seat 1: PushTheoryEV (944, 1€ bounty)
Seat 2: Troopac (1079, 1€ bounty)
Seat 3: MathisKcr (1049, 2.40€ bounty)
*** ANTE/BLINDS ***
MathisKcr posts ante 3
PushTheoryEV posts ante 3
Troopac posts ante 3
MathisKcr posts small blind 10
PushTheoryEV posts big blind 20
Dealt to MathisKcr [Ad 3s]
*** PRE-FLOP *** 
Troopac calls 20
MathisKcr calls 10
PushTheoryEV checks
*** FLOP *** [7h Qc 6d]
MathisKcr checks
PushTheoryEV checks
Troopac checks
*** TURN *** [7h Qc 6d][5h]
MathisKcr checks
PushTheoryEV checks
Troopac bets 45
MathisKcr calls 45
PushTheoryEV folds
*** RIVER *** [7h Qc 6d 5h][Kc]
MathisKcr checks
Troopac checks
*** SHOW DOWN ***
MathisKcr shows [Ad 3s] (High card : Ace)
Troopac shows [As 7s] (One pair : 7)
Troopac collected 159 from pot
*** SUMMARY ***
Total pot 159 | No rake
Board: [7h Qc 6d 5h Kc]
Seat 2: Troopac (button) showed [As 7s] and won 159 with One pair : 7
Seat 3: MathisKcr (small blind) showed [Ad 3s] and lost with High card : Ace


Winamax Poker - Tournament "TRIDENT SPACE KO" buyIn: 1.80€ + 0.20€ level: 1 - HandId: #4528002239976964130-17-1772317247 - Holdem no limit (3/10/20) - 2026/02/28 22:20:47 UTC
Table: 'TRIDENT SPACE KO(1054257676)#0033' 3-max (real money) Seat #3 is the button
Seat 1: PushTheoryEV (921, 1€ bounty)
Seat 2: Troopac (1170, 1€ bounty)
Seat 3: MathisKcr (981, 2.40€ bounty)
*** ANTE/BLINDS ***
PushTheoryEV posts ante 3
Troopac posts ante 3
MathisKcr posts ante 3
PushTheoryEV posts small blind 10
Troopac posts big blind 20
Dealt to MathisKcr [Ah Jh]
*** PRE-FLOP *** 
MathisKcr raises 20 to 40
PushTheoryEV folds
Troopac calls 20
*** FLOP *** [As 4s 5d]
Troopac checks
MathisKcr bets 50
Troopac folds
MathisKcr collected 149 from pot
*** SUMMARY ***
Total pot 149 | No rake
Board: [As 4s 5d]
Seat 3: MathisKcr (button) won 149


Winamax Poker - Tournament "TRIDENT SPACE KO" buyIn: 1.80€ + 0.20€ level: 1 - HandId: #4528002239976964130-18-1772317266 - Holdem no limit (3/10/20) - 2026/02/28 22:21:06 UTC
Table: 'TRIDENT SPACE KO(1054257676)#0033' 3-max (real money) Seat #1 is the button
Seat 1: PushTheoryEV (908, 1€ bounty)
Seat 2: Troopac (1127, 1€ bounty)
Seat 3: MathisKcr (1037, 2.40€ bounty)
*** ANTE/BLINDS ***
Troopac posts ante 3
MathisKcr posts ante 3
PushTheoryEV posts ante 3
Troopac posts small blind 10
MathisKcr posts big blind 20
Dealt to MathisKcr [6d As]
*** PRE-FLOP *** 
PushTheoryEV folds
Troopac calls 10
MathisKcr raises 20 to 40
Troopac calls 20
*** FLOP *** [7h Qh Qs]
Troopac checks
MathisKcr bets 45
Troopac folds
MathisKcr collected 134 from pot
*** SUMMARY ***
Total pot 134 | No rake
Board: [7h Qh Qs]
Seat 3: MathisKcr (big blind) won 134


Winamax Poker - Tournament "TRIDENT SPACE KO" buyIn: 1.80€ + 0.20€ level: 1 - HandId: #4528002239976964130-19-1772317305 - Holdem no limit (3/10/20) - 2026/02/28 22:21:45 UTC
Table: 'TRIDENT SPACE KO(1054257676)#0033' 3-max (real money) Seat #2 is the button
Seat 1: PushTheoryEV (905, 1€ bounty)
Seat 2: Troopac (1084, 1€ bounty)
Seat 3: MathisKcr (1083, 2.40€ bounty)
*** ANTE/BLINDS ***
MathisKcr posts ante 3
PushTheoryEV posts ante 3
Troopac posts ante 3
MathisKcr posts small blind 10
PushTheoryEV posts big blind 20
Dealt to MathisKcr [9d 8h]
*** PRE-FLOP *** 
Troopac folds
MathisKcr raises 20 to 40
PushTheoryEV calls 20
*** FLOP *** [3d 9s 6s]
MathisKcr bets 40
PushTheoryEV calls 40
*** TURN *** [3d 9s 6s][As]
MathisKcr checks
PushTheoryEV checks
*** RIVER *** [3d 9s 6s As][Ks]
MathisKcr bets 85
PushTheoryEV calls 85
*** SHOW DOWN ***
MathisKcr shows [9d 8h] (One pair : 9)
PushTheoryEV shows [2d 5s] (Flush Ace high)
PushTheoryEV collected 339 from pot
*** SUMMARY ***
Total pot 339 | No rake
Board: [3d 9s 6s As Ks]
Seat 1: PushTheoryEV (big blind) showed [2d 5s] and won 339 with Flush Ace high
Seat 3: MathisKcr (small blind) showed [9d 8h] and lost with One pair : 9


Winamax Poker - Tournament "TRIDENT SPACE KO" buyIn: 1.80€ + 0.20€ level: 1 - HandId: #4528002239976964130-20-1772317341 - Holdem no limit (3/10/20) - 2026/02/28 22:22:21 UTC
Table: 'TRIDENT SPACE KO(1054257676)#0033' 3-max (real money) Seat #3 is the button
Seat 1: PushTheoryEV (1076, 1€ bounty)
Seat 2: Troopac (1081, 1€ bounty)
Seat 3: MathisKcr (915, 2.40€ bounty)
*** ANTE/BLINDS ***
PushTheoryEV posts ante 3
Troopac posts ante 3
MathisKcr posts ante 3
PushTheoryEV posts small blind 10
Troopac posts big blind 20
Dealt to MathisKcr [Kc 5d]
*** PRE-FLOP *** 
MathisKcr raises 20 to 40
PushTheoryEV calls 30
Troopac calls 20
*** FLOP *** [3d 4d 4c]
PushTheoryEV checks
Troopac checks
MathisKcr checks
*** TURN *** [3d 4d 4c][Tc]
PushTheoryEV checks
Troopac checks
MathisKcr checks
*** RIVER *** [3d 4d 4c Tc][7s]
PushTheoryEV checks
Troopac checks
MathisKcr checks
*** SHOW DOWN ***
PushTheoryEV shows [6h Qh] (One pair : 4)
Troopac shows [Qc 8d] (One pair : 4)
MathisKcr shows [Kc 5d] (One pair : 4)
MathisKcr collected 129 from pot
*** SUMMARY ***
Total pot 129 | No rake
Board: [3d 4d 4c Tc 7s]
Seat 1: PushTheoryEV (small blind) showed [6h Qh] and lost with One pair : 4
Seat 2: Troopac (big blind) showed [Qc 8d] and lost with One pair : 4
Seat 3: MathisKcr (button) showed [Kc 5d] and won 129 with One pair : 4


Winamax Poker - Tournament "TRIDENT SPACE KO" buyIn: 1.80€ + 0.20€ level: 1 - HandId: #4528002239976964130-21-1772317391 - Holdem no limit (3/10/20) - 2026/02/28 22:23:11 UTC
Table: 'TRIDENT SPACE KO(1054257676)#0033' 3-max (real money) Seat #1 is the button
Seat 1: PushTheoryEV (1033, 1€ bounty)
Seat 2: Troopac (1038, 1€ bounty)
Seat 3: MathisKcr (1001, 2.40€ bounty)
*** ANTE/BLINDS ***
Troopac posts ante 3
MathisKcr posts ante 3
PushTheoryEV posts ante 3
Troopac posts small blind 10
MathisKcr posts big blind 20
Dealt to MathisKcr [8s 4c]
*** PRE-FLOP *** 
PushTheoryEV raises 20 to 40
Troopac calls 30
MathisKcr calls 20
*** FLOP *** [Ad 9d 5d]
Troopac checks
MathisKcr checks
PushTheoryEV checks
*** TURN *** [Ad 9d 5d][4h]
Troopac checks
MathisKcr bets 84
PushTheoryEV calls 84
Troopac folds
*** RIVER *** [Ad 9d 5d 4h][Td]
MathisKcr checks
PushTheoryEV checks
*** SHOW DOWN ***
MathisKcr shows [8s 4c] (One pair : 4)
PushTheoryEV shows [Ks Ah] (One pair : Aces)
PushTheoryEV collected 297 from pot
*** SUMMARY ***
Total pot 297 | No rake
Board: [Ad 9d 5d 4h Td]
Seat 1: PushTheoryEV (button) showed [Ks Ah] and won 297 with One pair : Aces
Seat 3: MathisKcr (big blind) showed [8s 4c] and lost with One pair : 4


Winamax Poker - Tournament "TRIDENT SPACE KO" buyIn: 1.80€ + 0.20€ level: 1 - HandId: #4528002239976964130-22-1772317431 - Holdem no limit (3/10/20) - 2026/02/28 22:23:51 UTC
Table: 'TRIDENT SPACE KO(1054257676)#0033' 3-max (real money) Seat #2 is the button
Seat 1: PushTheoryEV (1203, 1€ bounty)
Seat 2: Troopac (995, 1€ bounty)
Seat 3: MathisKcr (874, 2.40€ bounty)
*** ANTE/BLINDS ***
MathisKcr posts ante 3
PushTheoryEV posts ante 3
Troopac posts ante 3
MathisKcr posts small blind 10
PushTheoryEV posts big blind 20
Dealt to MathisKcr [8s 5d]
*** PRE-FLOP *** 
Troopac folds
MathisKcr folds
PushTheoryEV collected 39 from pot
*** SUMMARY ***
Total pot 39 | No rake
Seat 1: PushTheoryEV (big blind) won 39


Winamax Poker - Tournament "TRIDENT SPACE KO" buyIn: 1.80€ + 0.20€ level: 1 - HandId: #4528002239976964130-23-1772317437 - Holdem no limit (3/10/20) - 2026/02/28 22:23:57 UTC
Table: 'TRIDENT SPACE KO(1054257676)#0033' 3-max (real money) Seat #3 is the button
Seat 1: PushTheoryEV (1219, 1€ bounty)
Seat 2: Troopac (992, 1€ bounty)
Seat 3: MathisKcr (861, 2.40€ bounty)
*** ANTE/BLINDS ***
PushTheoryEV posts ante 3
Troopac posts ante 3
MathisKcr posts ante 3
PushTheoryEV posts small blind 10
Troopac posts big blind 20
Dealt to MathisKcr [Ts 6c]
*** PRE-FLOP *** 
MathisKcr folds
PushTheoryEV folds
Troopac collected 39 from pot
*** SUMMARY ***
Total pot 39 | No rake
Seat 2: Troopac (big blind) won 39


Winamax Poker - Tournament "TRIDENT SPACE KO" buyIn: 1.80€ + 0.20€ level: 1 - HandId: #4528002239976964130-24-1772317451 - Holdem no limit (3/10/20) - 2026/02/28 22:24:11 UTC
Table: 'TRIDENT SPACE KO(1054257676)#0033' 3-max (real money) Seat #1 is the button
Seat 1: PushTheoryEV (1206, 1€ bounty)
Seat 2: Troopac (1008, 1€ bounty)
Seat 3: MathisKcr (858, 2.40€ bounty)
*** ANTE/BLINDS ***
Troopac posts ante 3
MathisKcr posts ante 3
PushTheoryEV posts ante 3
Troopac posts small blind 10
MathisKcr posts big blind 20
Dealt to MathisKcr [4c 4s]
*** PRE-FLOP *** 
PushTheoryEV raises 20 to 40
Troopac calls 30
MathisKcr raises 815 to 855 and is all-in
PushTheoryEV folds
Troopac folds
MathisKcr collected 944 from pot
*** SUMMARY ***
Total pot 944 | No rake
Seat 3: MathisKcr (big blind) won 944


Winamax Poker - Tournament "TRIDENT SPACE KO" buyIn: 1.80€ + 0.20€ level: 1 - HandId: #4528002239976964130-25-1772317475 - Holdem no limit (3/10/20) - 2026/02/28 22:24:35 UTC
Table: 'TRIDENT SPACE KO(1054257676)#0033' 3-max (real money) Seat #2 is the button
Seat 1: PushTheoryEV (1163, 1€ bounty)
Seat 2: Troopac (965, 1€ bounty)
Seat 3: MathisKcr (944, 2.40€ bounty)
*** ANTE/BLINDS ***
MathisKcr posts ante 3
PushTheoryEV posts ante 3
Troopac posts ante 3
MathisKcr posts small blind 10
PushTheoryEV posts big blind 20
Dealt to MathisKcr [Th Qs]
*** PRE-FLOP *** 
Troopac folds
MathisKcr raises 20 to 40
PushTheoryEV calls 20
*** FLOP *** [Kc Qh 6d]
MathisKcr bets 31
PushTheoryEV calls 31
*** TURN *** [Kc Qh 6d][7c]
MathisKcr checks
PushTheoryEV checks
*** RIVER *** [Kc Qh 6d 7c][6c]
MathisKcr checks
PushTheoryEV bets 121
MathisKcr calls 121
*** SHOW DOWN ***
PushTheoryEV shows [As 3h] (One pair : 6)
MathisKcr shows [Th Qs] (Two pairs : Queens and 6)
MathisKcr collected 393 from pot
*** SUMMARY ***
Total pot 393 | No rake
Board: [Kc Qh 6d 7c 6c]
Seat 1: PushTheoryEV (big blind) showed [As 3h] and lost with One pair : 6
Seat 3: MathisKcr (small blind) showed [Th Qs] and won 393 with Two pairs : Queens and 6


Winamax Poker - Tournament "TRIDENT SPACE KO" buyIn: 1.80€ + 0.20€ level: 1 - HandId: #4528002239976964130-26-1772317506 - Holdem no limit (3/10/20) - 2026/02/28 22:25:06 UTC
Table: 'TRIDENT SPACE KO(1054257676)#0033' 3-max (real money) Seat #3 is the button
Seat 1: PushTheoryEV (968, 1€ bounty)
Seat 2: Troopac (962, 1€ bounty)
Seat 3: MathisKcr (1142, 2.40€ bounty)
*** ANTE/BLINDS ***
PushTheoryEV posts ante 3
Troopac posts ante 3
MathisKcr posts ante 3
PushTheoryEV posts small blind 10
Troopac posts big blind 20
Dealt to MathisKcr [Jd 3d]
*** PRE-FLOP *** 
MathisKcr raises 20 to 40
PushTheoryEV calls 30
Troopac calls 20
*** FLOP *** [4s 3s 7h]
PushTheoryEV checks
Troopac checks
MathisKcr bets 50
PushTheoryEV calls 50
Troopac calls 50
*** TURN *** [4s 3s 7h][5d]
PushTheoryEV checks
Troopac checks
MathisKcr checks
*** RIVER *** [4s 3s 7h 5d][Tc]
PushTheoryEV bets 279
Troopac raises 590 to 869 and is all-in
MathisKcr folds
PushTheoryEV raises 6 to 875 and is all-in
*** SHOW DOWN ***
PushTheoryEV shows [6h Ad] (Straight 7 high)
Troopac shows [6c 4h] (Straight 7 high)
Troopac collected 1009 from main pot
PushTheoryEV collected 1014 from side pot 1
*** SUMMARY ***
Total pot 2023 | No rake
Board: [4s 3s 7h 5d Tc]
Seat 1: PushTheoryEV (small blind) showed [6h Ad] and won 1014 with Straight 7 high
Seat 2: Troopac (big blind) showed [6c 4h] and won 1009 with Straight 7 high


Winamax Poker - Tournament "TRIDENT SPACE KO" buyIn: 1.80€ + 0.20€ level: 2 - HandId: #4528002239976964130-27-1772317559 - Holdem no limit (3/12/25) - 2026/02/28 22:25:59 UTC
Table: 'TRIDENT SPACE KO(1054257676)#0033' 3-max (real money) Seat #1 is the button
Seat 1: PushTheoryEV (1014, 1€ bounty)
Seat 2: Troopac (1009, 1€ bounty)
Seat 3: MathisKcr (1049, 2.40€ bounty)
*** ANTE/BLINDS ***
Troopac posts ante 3
MathisKcr posts ante 3
PushTheoryEV posts ante 3
Troopac posts small blind 12
MathisKcr posts big blind 25
Dealt to MathisKcr [Kd 6c]
*** PRE-FLOP *** 
PushTheoryEV raises 986 to 1011 and is all-in
Troopac calls 994 and is all-in
MathisKcr folds
*** FLOP *** [As 8s 3h]
*** TURN *** [As 8s 3h][Js]
*** RIVER *** [As 8s 3h Js][Ac]
*** SHOW DOWN ***
PushTheoryEV shows [Qd Kc] (One pair : Aces)
Troopac shows [Jd 7d] (Two pairs : Aces and Jacks)
Troopac collected 2046 from main pot
PushTheoryEV collected 5 from side pot 1
*** SUMMARY ***
Total pot 2051 | No rake
Board: [As 8s 3h Js Ac]
Seat 1: PushTheoryEV (button) showed [Qd Kc] and won 5 with One pair : Aces
Seat 2: Troopac (small blind) showed [Jd 7d] and won 2046 with Two pairs : Aces and Jacks


Winamax Poker - Tournament "TRIDENT SPACE KO" buyIn: 1.80€ + 0.20€ level: 2 - HandId: #4528002239976964130-28-1772317588 - Holdem no limit (3/12/25) - 2026/02/28 22:26:28 UTC
Table: 'TRIDENT SPACE KO(1054257676)#0033' 3-max (real money) Seat #2 is the button
Seat 1: PushTheoryEV (5, 1€ bounty)
Seat 2: Troopac (2046, 1€ bounty)
Seat 3: MathisKcr (1021, 2.40€ bounty)
*** ANTE/BLINDS ***
MathisKcr posts ante 3
PushTheoryEV posts ante 3
Troopac posts ante 3
MathisKcr posts small blind 12
PushTheoryEV posts big blind 2 and is all-in
Dealt to MathisKcr [Ts 2c]
*** PRE-FLOP *** 
Troopac raises 2031 to 2043 and is all-in
MathisKcr folds
*** FLOP *** [3d 4d 9d]
*** TURN *** [3d 4d 9d][4h]
*** RIVER *** [3d 4d 9d 4h][5h]
*** SHOW DOWN ***
PushTheoryEV shows [Jc 7s] (One pair : 4)
Troopac shows [Ad 8s] (One pair : 4)
Troopac collected 2066 from pot
*** SUMMARY ***
Total pot 2066 | No rake
Board: [3d 4d 9d 4h 5h]
Seat 1: PushTheoryEV (big blind) showed [Jc 7s] and lost with One pair : 4
Seat 2: Troopac (button) showed [Ad 8s] and won 2066 with One pair : 4


Winamax Poker - Tournament "TRIDENT SPACE KO" buyIn: 1.80€ + 0.20€ level: 2 - HandId: #4528002239976964130-29-1772317613 - Holdem no limit (3/12/25) - 2026/02/28 22:26:53 UTC
Table: 'TRIDENT SPACE KO(1054257676)#0033' 3-max (real money) Seat #2 is the button
Seat 2: Troopac (2066, 1.50€ bounty)
Seat 3: MathisKcr (1006, 2.40€ bounty)
*** ANTE/BLINDS ***
Troopac posts ante 3
MathisKcr posts ante 3
Troopac posts small blind 12
MathisKcr posts big blind 25
Dealt to MathisKcr [Kd Th]
*** PRE-FLOP *** 
Troopac calls 13
MathisKcr raises 25 to 50
Troopac calls 25
*** FLOP *** [4c 8s Qd]
MathisKcr bets 37
Troopac folds
MathisKcr collected 143 from pot
*** SUMMARY ***
Total pot 143 | No rake
Board: [4c 8s Qd]
Seat 3: MathisKcr (big blind) won 143


Winamax Poker - Tournament "TRIDENT SPACE KO" buyIn: 1.80€ + 0.20€ level: 2 - HandId: #4528002239976964130-30-1772317633 - Holdem no limit (3/12/25) - 2026/02/28 22:27:13 UTC
Table: 'TRIDENT SPACE KO(1054257676)#0033' 3-max (real money) Seat #2 is the button
Seat 1: Morejey (500, 1€ bounty)
Seat 2: Troopac (2013, 1.50€ bounty)
Seat 3: MathisKcr (1059, 2.40€ bounty)
*** ANTE/BLINDS ***
MathisKcr posts ante 3
Morejey posts ante 3
Troopac posts ante 3
MathisKcr posts small blind 12
Morejey posts big blind 25
Dealt to MathisKcr [5h Kc]
*** PRE-FLOP *** 
Troopac folds
MathisKcr raises 25 to 50
Morejey raises 447 to 497 and is all-in
MathisKcr folds
Morejey collected 556 from pot
*** SUMMARY ***
Total pot 556 | No rake
Seat 1: Morejey (big blind) won 556


Winamax Poker - Tournament "TRIDENT SPACE KO" buyIn: 1.80€ + 0.20€ level: 2 - HandId: #4528002239976964130-31-1772317653 - Holdem no limit (3/12/25) - 2026/02/28 22:27:33 UTC
Table: 'TRIDENT SPACE KO(1054257676)#0033' 3-max (real money) Seat #3 is the button
Seat 1: Morejey (556, 1€ bounty)
Seat 2: Troopac (2010, 1.50€ bounty)
Seat 3: MathisKcr (1006, 2.40€ bounty)
*** ANTE/BLINDS ***
Morejey posts ante 3
Troopac posts ante 3
MathisKcr posts ante 3
Morejey posts small blind 12
Troopac posts big blind 25
Dealt to MathisKcr [Ac 6d]
*** PRE-FLOP *** 
MathisKcr raises 25 to 50
Morejey folds
Troopac calls 25
*** FLOP *** [2d 2s Kd]
Troopac checks
MathisKcr bets 61
Troopac calls 61
*** TURN *** [2d 2s Kd][4h]
Troopac checks
MathisKcr checks
*** RIVER *** [2d 2s Kd 4h][Tc]
Troopac bets 1896 and is all-in
MathisKcr folds
Troopac collected 2139 from pot
*** SUMMARY ***
Total pot 2139 | No rake
Board: [2d 2s Kd 4h Tc]
Seat 2: Troopac (big blind) won 2139


Winamax Poker - Tournament "TRIDENT SPACE KO" buyIn: 1.80€ + 0.20€ level: 3 - HandId: #4528002239976964130-32-1772317687 - Holdem no limit (4/15/30) - 2026/02/28 22:28:07 UTC
Table: 'TRIDENT SPACE KO(1054257676)#0033' 3-max (real money) Seat #1 is the button
Seat 1: Morejey (541, 1€ bounty)
Seat 2: Troopac (2139, 1.50€ bounty)
Seat 3: MathisKcr (892, 2.40€ bounty)
*** ANTE/BLINDS ***
Troopac posts ante 4
MathisKcr posts ante 4
Morejey posts ante 4
Troopac posts small blind 15
MathisKcr posts big blind 30
Dealt to MathisKcr [Kc 5d]
*** PRE-FLOP *** 
Morejey raises 30 to 60
Troopac calls 45
MathisKcr calls 30
*** FLOP *** [Js 7c 3s]
Troopac checks
MathisKcr checks
Morejey checks
*** TURN *** [Js 7c 3s][8d]
Troopac bets 192
MathisKcr folds
Morejey folds
Troopac collected 384 from pot
*** SUMMARY ***
Total pot 384 | No rake
Board: [Js 7c 3s 8d]
Seat 2: Troopac (small blind) won 384


Winamax Poker - Tournament "TRIDENT SPACE KO" buyIn: 1.80€ + 0.20€ level: 3 - HandId: #4528002239976964130-33-1772317709 - Holdem no limit (4/15/30) - 2026/02/28 22:28:29 UTC
Table: 'TRIDENT SPACE KO(1054257676)#0033' 3-max (real money) Seat #2 is the button
Seat 1: Morejey (477, 1€ bounty)
Seat 2: Troopac (2267, 1.50€ bounty)
Seat 3: MathisKcr (828, 2.40€ bounty)
*** ANTE/BLINDS ***
MathisKcr posts ante 4
Morejey posts ante 4
Troopac posts ante 4
MathisKcr posts small blind 15
Morejey posts big blind 30
Dealt to MathisKcr [Tc Qc]
*** PRE-FLOP *** 
Troopac folds
MathisKcr raises 30 to 60
Morejey raises 413 to 473 and is all-in
MathisKcr calls 413
*** FLOP *** [6d 9d 5c]
*** TURN *** [6d 9d 5c][2h]
*** RIVER *** [6d 9d 5c 2h][Ts]
*** SHOW DOWN ***
Morejey shows [4d Ah] (High card : Ace)
MathisKcr shows [Tc Qc] (One pair : Tens)
MathisKcr collected 958 from pot
*** SUMMARY ***
Total pot 958 | No rake
Board: [6d 9d 5c 2h Ts]
Seat 1: Morejey (big blind) showed [4d Ah] and lost with High card : Ace
Seat 3: MathisKcr (small blind) showed [Tc Qc] and won 958 with One pair : Tens


Winamax Poker - Tournament "TRIDENT SPACE KO" buyIn: 1.80€ + 0.20€ level: 3 - HandId: #4528002239976964130-34-1772317736 - Holdem no limit (4/15/30) - 2026/02/28 22:28:56 UTC
Table: 'TRIDENT SPACE KO(1054257676)#0033' 3-max (real money) Seat #2 is the button
Seat 2: Troopac (2263, 1.50€ bounty)
Seat 3: MathisKcr (1309, 2.60€ bounty)
*** ANTE/BLINDS ***
Troopac posts ante 4
MathisKcr posts ante 4
Troopac posts small blind 15
MathisKcr posts big blind 30
Dealt to MathisKcr [2h Kc]
*** PRE-FLOP *** 
Troopac calls 15
MathisKcr checks
*** FLOP *** [4d As 5d]
MathisKcr bets 30
Troopac calls 30
*** TURN *** [4d As 5d][8h]
MathisKcr checks
Troopac bets 83
MathisKcr folds
Troopac collected 211 from pot
*** SUMMARY ***
Total pot 211 | No rake
Board: [4d As 5d 8h]
Seat 2: Troopac (small blind) (button) won 211


Winamax Poker - Tournament "TRIDENT SPACE KO" buyIn: 1.80€ + 0.20€ level: 3 - HandId: #4528002239976964130-35-1772317758 - Holdem no limit (4/15/30) - 2026/02/28 22:29:18 UTC
Table: 'TRIDENT SPACE KO(1054257676)#0033' 3-max (real money) Seat #3 is the button
Seat 2: Troopac (2327, 1.50€ bounty)
Seat 3: MathisKcr (1245, 2.60€ bounty)
*** ANTE/BLINDS ***
MathisKcr posts ante 4
Troopac posts ante 4
MathisKcr posts small blind 15
Troopac posts big blind 30
Dealt to MathisKcr [Ts 7c]
*** PRE-FLOP *** 
MathisKcr raises 30 to 60
Troopac calls 30
*** FLOP *** [Qc 6h 5s]
Troopac checks
MathisKcr checks
*** TURN *** [Qc 6h 5s][4s]
Troopac checks
MathisKcr checks
*** RIVER *** [Qc 6h 5s 4s][8h]
Troopac checks
MathisKcr bets 83
Troopac folds
MathisKcr collected 211 from pot
*** SUMMARY ***
Total pot 211 | No rake
Board: [Qc 6h 5s 4s 8h]
Seat 3: MathisKcr (small blind) (button) won 211


Winamax Poker - Tournament "TRIDENT SPACE KO" buyIn: 1.80€ + 0.20€ level: 3 - HandId: #4528002239976964130-36-1772317808 - Holdem no limit (4/15/30) - 2026/02/28 22:30:08 UTC
Table: 'TRIDENT SPACE KO(1054257676)#0033' 3-max (real money) Seat #2 is the button
Seat 1: Spacca79 (500, 1€ bounty)
Seat 2: Troopac (2263, 1.50€ bounty)
Seat 3: MathisKcr (1309, 2.60€ bounty)
*** ANTE/BLINDS ***
Troopac posts ante 4
MathisKcr posts ante 4
Troopac posts small blind 15
MathisKcr posts big blind 30
Dealt to MathisKcr [6d Ad]
*** PRE-FLOP *** 
Troopac folds
MathisKcr collected 53 from pot
*** SUMMARY ***
Total pot 53 | No rake
Seat 3: MathisKcr (big blind) won 53


Winamax Poker - Tournament "TRIDENT SPACE KO" buyIn: 1.80€ + 0.20€ level: 3 - HandId: #4528002239976964130-37-1772317817 - Holdem no limit (4/15/30) - 2026/02/28 22:30:17 UTC
Table: 'TRIDENT SPACE KO(1054257676)#0033' 3-max (real money) Seat #2 is the button
Seat 1: Spacca79 (500, 1€ bounty)
Seat 2: Troopac (2244, 1.50€ bounty)
Seat 3: MathisKcr (1328, 2.60€ bounty)
*** ANTE/BLINDS ***
MathisKcr posts ante 4
Spacca79 posts ante 4
Troopac posts ante 4
MathisKcr posts small blind 15
Spacca79 posts big blind 30
Dealt to MathisKcr [5d 2d]
*** PRE-FLOP *** 
Troopac calls 30
MathisKcr folds
Spacca79 checks
*** FLOP *** [Ts Ac 3h]
Spacca79 checks
Troopac bets 57
Spacca79 folds
Troopac collected 144 from pot
*** SUMMARY ***
Total pot 144 | No rake
Board: [Ts Ac 3h]
Seat 2: Troopac (button) won 144


Winamax Poker - Tournament "TRIDENT SPACE KO" buyIn: 1.80€ + 0.20€ level: 4 - HandId: #4528002239976964130-38-1772317833 - Holdem no limit (4/17/35) - 2026/02/28 22:30:33 UTC
Table: 'TRIDENT SPACE KO(1054257676)#0033' 3-max (real money) Seat #3 is the button
Seat 1: Spacca79 (466, 1€ bounty)
Seat 2: Troopac (2297, 1.50€ bounty)
Seat 3: MathisKcr (1309, 2.60€ bounty)
*** ANTE/BLINDS ***
Spacca79 posts ante 4
Troopac posts ante 4
MathisKcr posts ante 4
Spacca79 posts small blind 17
Troopac posts big blind 35
Dealt to MathisKcr [Jd 5s]
*** PRE-FLOP *** 
MathisKcr raises 35 to 70
Spacca79 folds
Troopac calls 35
*** FLOP *** [5d Ts Qs]
Troopac checks
MathisKcr bets 85
Troopac folds
MathisKcr collected 254 from pot
*** SUMMARY ***
Total pot 254 | No rake
Board: [5d Ts Qs]
Seat 3: MathisKcr (button) won 254


Winamax Poker - Tournament "TRIDENT SPACE KO" buyIn: 1.80€ + 0.20€ level: 4 - HandId: #4528002239976964130-39-1772317859 - Holdem no limit (4/17/35) - 2026/02/28 22:30:59 UTC
Table: 'TRIDENT SPACE KO(1054257676)#0033' 3-max (real money) Seat #1 is the button
Seat 1: Spacca79 (445, 1€ bounty)
Seat 2: Troopac (2223, 1.50€ bounty)
Seat 3: MathisKcr (1404, 2.60€ bounty)
*** ANTE/BLINDS ***
Troopac posts ante 4
MathisKcr posts ante 4
Spacca79 posts ante 4
Troopac posts small blind 17
MathisKcr posts big blind 35
Dealt to MathisKcr [Kh 9c]
*** PRE-FLOP *** 
Spacca79 folds
Troopac calls 18
MathisKcr raises 35 to 70
Troopac calls 35
*** FLOP *** [5d 7d 9s]
Troopac bets 99
MathisKcr calls 99
*** TURN *** [5d 7d 9s][Jd]
Troopac bets 228
MathisKcr calls 228
*** RIVER *** [5d 7d 9s Jd][Jc]
Troopac bets 1822 and is all-in
MathisKcr folds
Troopac collected 2628 from pot
*** SUMMARY ***
Total pot 2628 | No rake
Board: [5d 7d 9s Jd Jc]
Seat 2: Troopac (small blind) won 2628


Winamax Poker - Tournament "TRIDENT SPACE KO" buyIn: 1.80€ + 0.20€ level: 4 - HandId: #4528002239976964130-40-1772317896 - Holdem no limit (4/17/35) - 2026/02/28 22:31:36 UTC
Table: 'TRIDENT SPACE KO(1054257676)#0033' 3-max (real money) Seat #2 is the button
Seat 1: Spacca79 (441, 1€ bounty)
Seat 2: Troopac (2628, 1.50€ bounty)
Seat 3: MathisKcr (1003, 2.60€ bounty)
*** ANTE/BLINDS ***
MathisKcr posts ante 4
Spacca79 posts ante 4
Troopac posts ante 4
MathisKcr posts small blind 17
Spacca79 posts big blind 35
Dealt to MathisKcr [Tc 2h]
*** PRE-FLOP *** 
Troopac folds
MathisKcr folds
Spacca79 collected 64 from pot
*** SUMMARY ***
Total pot 64 | No rake
Seat 1: Spacca79 (big blind) won 64


Winamax Poker - Tournament "TRIDENT SPACE KO" buyIn: 1.80€ + 0.20€ level: 4 - HandId: #4528002239976964130-41-1772317905 - Holdem no limit (4/17/35) - 2026/02/28 22:31:45 UTC
Table: 'TRIDENT SPACE KO(1054257676)#0033' 3-max (real money) Seat #3 is the button
Seat 1: Spacca79 (466, 1€ bounty)
Seat 2: Troopac (2624, 1.50€ bounty)
Seat 3: MathisKcr (982, 2.60€ bounty)
*** ANTE/BLINDS ***
Spacca79 posts ante 4
Troopac posts ante 4
MathisKcr posts ante 4
Spacca79 posts small blind 17
Troopac posts big blind 35
Dealt to MathisKcr [Jd Ks]
*** PRE-FLOP *** 
MathisKcr raises 35 to 70
Spacca79 folds
Troopac calls 35
*** FLOP *** [Ad 3c 7h]
Troopac checks
MathisKcr checks
*** TURN *** [Ad 3c 7h][2d]
Troopac checks
MathisKcr checks
*** RIVER *** [Ad 3c 7h 2d][5d]
Troopac checks
MathisKcr checks
*** SHOW DOWN ***
Troopac shows [Jh 8s] (High card : Ace)
MathisKcr shows [Jd Ks] (High card : Ace)
MathisKcr collected 169 from pot
*** SUMMARY ***
Total pot 169 | No rake
Board: [Ad 3c 7h 2d 5d]
Seat 2: Troopac (big blind) showed [Jh 8s] and lost with High card : Ace
Seat 3: MathisKcr (button) showed [Jd Ks] and won 169 with High card : Ace


Winamax Poker - Tournament "TRIDENT SPACE KO" buyIn: 1.80€ + 0.20€ level: 4 - HandId: #4528002239976964130-42-1772317929 - Holdem no limit (4/17/35) - 2026/02/28 22:32:09 UTC
Table: 'TRIDENT SPACE KO(1054257676)#0033' 3-max (real money) Seat #1 is the button
Seat 1: Spacca79 (445, 1€ bounty)
Seat 2: Troopac (2550, 1.50€ bounty)
Seat 3: MathisKcr (1077, 2.60€ bounty)
*** ANTE/BLINDS ***
Troopac posts ante 4
MathisKcr posts ante 4
Spacca79 posts ante 4
Troopac posts small blind 17
MathisKcr posts big blind 35
Dealt to MathisKcr [3h 7s]
*** PRE-FLOP *** 
Spacca79 folds
Troopac folds
MathisKcr collected 64 from pot
*** SUMMARY ***
Total pot 64 | No rake
Seat 3: MathisKcr (big blind) won 64


Winamax Poker - Tournament "TRIDENT SPACE KO" buyIn: 1.80€ + 0.20€ level: 4 - HandId: #4528002239976964130-43-1772317939 - Holdem no limit (4/17/35) - 2026/02/28 22:32:19 UTC
Table: 'TRIDENT SPACE KO(1054257676)#0033' 3-max (real money) Seat #2 is the button
Seat 1: Spacca79 (441, 1€ bounty)
Seat 2: Troopac (2529, 1.50€ bounty)
Seat 3: MathisKcr (1102, 2.60€ bounty)
*** ANTE/BLINDS ***
MathisKcr posts ante 4
Spacca79 posts ante 4
Troopac posts ante 4
MathisKcr posts small blind 17
Spacca79 posts big blind 35
Dealt to MathisKcr [9s Ah]
*** PRE-FLOP *** 
Troopac folds
MathisKcr raises 35 to 70
Spacca79 raises 367 to 437 and is all-in
MathisKcr calls 367
*** FLOP *** [2h 3s 5h]
*** TURN *** [2h 3s 5h][8d]
*** RIVER *** [2h 3s 5h 8d][7h]
*** SHOW DOWN ***
MathisKcr shows [9s Ah] (High card : Ace)
Spacca79 shows [2s Kd] (One pair : 2)
Spacca79 collected 886 from pot
*** SUMMARY ***
Total pot 886 | No rake
Board: [2h 3s 5h 8d 7h]
Seat 1: Spacca79 (big blind) showed [2s Kd] and won 886 with One pair : 2
Seat 3: MathisKcr (small blind) showed [9s Ah] and lost with High card : Ace


Winamax Poker - Tournament "TRIDENT SPACE KO" buyIn: 1.80€ + 0.20€ level: 4 - HandId: #4528002239976964130-44-1772317957 - Holdem no limit (4/17/35) - 2026/02/28 22:32:37 UTC
Table: 'TRIDENT SPACE KO(1054257676)#0033' 3-max (real money) Seat #3 is the button
Seat 1: Spacca79 (886, 1€ bounty)
Seat 2: Troopac (2525, 1.50€ bounty)
Seat 3: MathisKcr (661, 2.60€ bounty)
*** ANTE/BLINDS ***
Spacca79 posts ante 4
Troopac posts ante 4
MathisKcr posts ante 4
Spacca79 posts small blind 17
Troopac posts big blind 35
Dealt to MathisKcr [9h 7d]
*** PRE-FLOP *** 
MathisKcr folds
Spacca79 calls 18
Troopac checks
*** FLOP *** [Kc Ah Jd]
Spacca79 checks
Troopac bets 53
Spacca79 calls 53
*** TURN *** [Kc Ah Jd][6c]
Spacca79 checks
Troopac checks
*** RIVER *** [Kc Ah Jd 6c][5c]
Spacca79 checks
Troopac bets 188
Spacca79 raises 606 to 794 and is all-in
Troopac calls 606
*** SHOW DOWN ***
Spacca79 shows [Jc Qs] (One pair : Jacks)
Troopac shows [7c 2c] (Flush King high)
Troopac collected 1776 from pot
*** SUMMARY ***
Total pot 1776 | No rake
Board: [Kc Ah Jd 6c 5c]
Seat 1: Spacca79 (small blind) showed [Jc Qs] and lost with One pair : Jacks
Seat 2: Troopac (big blind) showed [7c 2c] and won 1776 with Flush King high


Winamax Poker - Tournament "TRIDENT SPACE KO" buyIn: 1.80€ + 0.20€ level: 5 - HandId: #4528002239976964130-45-1772317996 - Holdem no limit (5/20/40) - 2026/02/28 22:33:16 UTC
Table: 'TRIDENT SPACE KO(1054257676)#0033' 3-max (real money) Seat #2 is the button
Seat 2: Troopac (3415, 3€ bounty)
Seat 3: MathisKcr (657, 2.60€ bounty)
*** ANTE/BLINDS ***
Troopac posts ante 5
MathisKcr posts ante 5
Troopac posts small blind 20
MathisKcr posts big blind 40
Dealt to MathisKcr [4c 3d]
*** PRE-FLOP *** 
Troopac calls 20
MathisKcr checks
*** FLOP *** [2c 9d Jd]
MathisKcr checks
Troopac bets 59
MathisKcr folds
Troopac collected 149 from pot
*** SUMMARY ***
Total pot 149 | No rake
Board: [2c 9d Jd]
Seat 2: Troopac (small blind) (button) won 149


Winamax Poker - Tournament "TRIDENT SPACE KO" buyIn: 1.80€ + 0.20€ level: 5 - HandId: #4528002239976964130-46-1772318021 - Holdem no limit (5/20/40) - 2026/02/28 22:33:41 UTC
Table: 'TRIDENT SPACE KO(1054257676)#0033' 3-max (real money) Seat #3 is the button
Seat 2: Troopac (3460, 3€ bounty)
Seat 3: MathisKcr (612, 2.60€ bounty)
*** ANTE/BLINDS ***
MathisKcr posts ante 5
Troopac posts ante 5
MathisKcr posts small blind 20
Troopac posts big blind 40
Dealt to MathisKcr [2c 7d]
*** PRE-FLOP *** 
MathisKcr folds
Troopac collected 70 from pot
*** SUMMARY ***
Total pot 70 | No rake
Seat 2: Troopac (big blind) won 70


Winamax Poker - Tournament "TRIDENT SPACE KO" buyIn: 1.80€ + 0.20€ level: 5 - HandId: #4528002239976964130-47-1772318026 - Holdem no limit (5/20/40) - 2026/02/28 22:33:46 UTC
Table: 'TRIDENT SPACE KO(1054257676)#0033' 3-max (real money) Seat #2 is the button
Seat 2: Troopac (3485, 3€ bounty)
Seat 3: MathisKcr (587, 2.60€ bounty)
*** ANTE/BLINDS ***
Troopac posts ante 5
MathisKcr posts ante 5
Troopac posts small blind 20
MathisKcr posts big blind 40
Dealt to MathisKcr [Qd Jd]
*** PRE-FLOP *** 
Troopac calls 20
MathisKcr raises 40 to 80
Troopac calls 40
*** FLOP *** [9s 9c 5s]
MathisKcr bets 111
Troopac folds
MathisKcr collected 281 from pot
*** SUMMARY ***
Total pot 281 | No rake
Board: [9s 9c 5s]
Seat 3: MathisKcr (big blind) won 281


Winamax Poker - Tournament "TRIDENT SPACE KO" buyIn: 1.80€ + 0.20€ level: 5 - HandId: #4528002239976964130-48-1772318056 - Holdem no limit (5/20/40) - 2026/02/28 22:34:16 UTC
Table: 'TRIDENT SPACE KO(1054257676)#0033' 3-max (real money) Seat #2 is the button
Seat 1: Jimmy446 (500, 1€ bounty)
Seat 2: Troopac (3400, 3€ bounty)
Seat 3: MathisKcr (672, 2.60€ bounty)
*** ANTE/BLINDS ***
MathisKcr posts ante 5
Jimmy446 posts ante 5
Troopac posts ante 5
MathisKcr posts small blind 20
Jimmy446 posts big blind 40
Dealt to MathisKcr [6h 5d]
*** PRE-FLOP *** 
Troopac calls 40
MathisKcr calls 20
Jimmy446 raises 455 to 495 and is all-in
Troopac folds
MathisKcr folds
Jimmy446 collected 590 from pot
*** SUMMARY ***
Total pot 590 | No rake
Seat 1: Jimmy446 (big blind) won 590


Winamax Poker - Tournament "TRIDENT SPACE KO" buyIn: 1.80€ + 0.20€ level: 5 - HandId: #4528002239976964130-49-1772318081 - Holdem no limit (5/20/40) - 2026/02/28 22:34:41 UTC
Table: 'TRIDENT SPACE KO(1054257676)#0033' 3-max (real money) Seat #3 is the button
Seat 1: Jimmy446 (590, 1€ bounty)
Seat 2: Troopac (3355, 3€ bounty)
Seat 3: MathisKcr (627, 2.60€ bounty)
*** ANTE/BLINDS ***
Jimmy446 posts ante 5
Troopac posts ante 5
MathisKcr posts ante 5
Jimmy446 posts small blind 20
Troopac posts big blind 40
Dealt to MathisKcr [Qc Ah]
*** PRE-FLOP *** 
MathisKcr raises 40 to 80
Jimmy446 folds
Troopac calls 40
*** FLOP *** [Ad 9s 7s]
Troopac checks
MathisKcr bets 68
Troopac folds
MathisKcr collected 263 from pot
*** SUMMARY ***
Total pot 263 | No rake
Board: [Ad 9s 7s]
Seat 3: MathisKcr (button) won 263


Winamax Poker - Tournament "TRIDENT SPACE KO" buyIn: 1.80€ + 0.20€ level: 6 - HandId: #4528002239976964130-50-1772318123 - Holdem no limit (6/25/50) - 2026/02/28 22:35:23 UTC
Table: 'TRIDENT SPACE KO(1054257676)#0033' 3-max (real money) Seat #1 is the button
Seat 1: Jimmy446 (565, 1€ bounty)
Seat 2: Troopac (3270, 3€ bounty)
Seat 3: MathisKcr (737, 2.60€ bounty)
*** ANTE/BLINDS ***
Troopac posts ante 6
MathisKcr posts ante 6
Jimmy446 posts ante 6
Troopac posts small blind 25
MathisKcr posts big blind 50
Dealt to MathisKcr [5h 2d]
*** PRE-FLOP *** 
Jimmy446 raises 143 to 193
Troopac folds
MathisKcr folds
Jimmy446 collected 286 from pot
*** SUMMARY ***
Total pot 286 | No rake
Seat 1: Jimmy446 (button) won 286


Winamax Poker - Tournament "TRIDENT SPACE KO" buyIn: 1.80€ + 0.20€ level: 6 - HandId: #4528002239976964130-51-1772318130 - Holdem no limit (6/25/50) - 2026/02/28 22:35:30 UTC
Table: 'TRIDENT SPACE KO(1054257676)#0033' 3-max (real money) Seat #2 is the button
Seat 1: Jimmy446 (652, 1€ bounty)
Seat 2: Troopac (3239, 3€ bounty)
Seat 3: MathisKcr (681, 2.60€ bounty)
*** ANTE/BLINDS ***
MathisKcr posts ante 6
Jimmy446 posts ante 6
Troopac posts ante 6
MathisKcr posts small blind 25
Jimmy446 posts big blind 50
Dealt to MathisKcr [Tc Jc]
*** PRE-FLOP *** 
Troopac raises 75 to 125
MathisKcr calls 100
Jimmy446 raises 521 to 646 and is all-in
Troopac calls 521
MathisKcr folds
*** FLOP *** [6d 7c Td]
*** TURN *** [6d 7c Td][2s]
*** RIVER *** [6d 7c Td 2s][Kd]
*** SHOW DOWN ***
Troopac shows [Qc 9h] (High card : King)
Jimmy446 shows [4s As] (High card : Ace)
Jimmy446 collected 1435 from pot
*** SUMMARY ***
Total pot 1435 | No rake
Board: [6d 7c Td 2s Kd]
Seat 1: Jimmy446 (big blind) showed [4s As] and won 1435 with High card : Ace
Seat 2: Troopac (button) showed [Qc 9h] and lost with High card : King


Winamax Poker - Tournament "TRIDENT SPACE KO" buyIn: 1.80€ + 0.20€ level: 6 - HandId: #4528002239976964130-52-1772318152 - Holdem no limit (6/25/50) - 2026/02/28 22:35:52 UTC
Table: 'TRIDENT SPACE KO(1054257676)#0033' 3-max (real money) Seat #3 is the button
Seat 1: Jimmy446 (1435, 1€ bounty)
Seat 2: Troopac (2587, 3€ bounty)
Seat 3: MathisKcr (550, 2.60€ bounty)
*** ANTE/BLINDS ***
Jimmy446 posts ante 6
Troopac posts ante 6
MathisKcr posts ante 6
Jimmy446 posts small blind 25
Troopac posts big blind 50
Dealt to MathisKcr [7d Qd]
*** PRE-FLOP *** 
MathisKcr raises 494 to 544 and is all-in
Jimmy446 folds
Troopac folds
MathisKcr collected 637 from pot
*** SUMMARY ***
Total pot 637 | No rake
Seat 3: MathisKcr (button) won 637


Winamax Poker - Tournament "TRIDENT SPACE KO" buyIn: 1.80€ + 0.20€ level: 6 - HandId: #4528002239976964130-53-1772318162 - Holdem no limit (6/25/50) - 2026/02/28 22:36:02 UTC
Table: 'TRIDENT SPACE KO(1054257676)#0033' 3-max (real money) Seat #1 is the button
Seat 1: Jimmy446 (1404, 1€ bounty)
Seat 2: Troopac (2531, 3€ bounty)
Seat 3: MathisKcr (637, 2.60€ bounty)
*** ANTE/BLINDS ***
Troopac posts ante 6
MathisKcr posts ante 6
Jimmy446 posts ante 6
Troopac posts small blind 25
MathisKcr posts big blind 50
Dealt to MathisKcr [As 9d]
*** PRE-FLOP *** 
Jimmy446 folds
Troopac folds
MathisKcr collected 93 from pot
*** SUMMARY ***
Total pot 93 | No rake
Seat 3: MathisKcr (big blind) won 93


Winamax Poker - Tournament "TRIDENT SPACE KO" buyIn: 1.80€ + 0.20€ level: 6 - HandId: #4528002239976964130-54-1772318174 - Holdem no limit (6/25/50) - 2026/02/28 22:36:14 UTC
Table: 'TRIDENT SPACE KO(1054257676)#0033' 3-max (real money) Seat #2 is the button
Seat 1: Jimmy446 (1398, 1€ bounty)
Seat 2: Troopac (2500, 3€ bounty)
Seat 3: MathisKcr (674, 2.60€ bounty)
*** ANTE/BLINDS ***
MathisKcr posts ante 6
Jimmy446 posts ante 6
Troopac posts ante 6
MathisKcr posts small blind 25
Jimmy446 posts big blind 50
Dealt to MathisKcr [Jh 6h]
*** PRE-FLOP *** 
Troopac calls 50
MathisKcr calls 25
Jimmy446 checks
*** FLOP *** [6c 7h 6d]
MathisKcr bets 150
Jimmy446 folds
Troopac calls 150
*** TURN *** [6c 7h 6d][Ts]
MathisKcr bets 164
Troopac calls 164
*** RIVER *** [6c 7h 6d Ts][Kd]
MathisKcr bets 304 and is all-in
Troopac calls 304
*** SHOW DOWN ***
MathisKcr shows [Jh 6h] (Trips of 6)
Troopac shows [Kc 6s] (Full of 6 and Kings)
Troopac collected 1404 from pot
*** SUMMARY ***
Total pot 1404 | No rake
Board: [6c 7h 6d Ts Kd]
Seat 2: Troopac (button) showed [Kc 6s] and won 1404 with Full of 6 and Kings
Seat 3: MathisKcr (small blind) showed [Jh 6h] and lost with Trips of 6


