Winamax Poker - Tournament "Expresso Nitro" buyIn: 0.93€ + 0.07€ level: 1 - HandId: #4618118595241574401-1-1773061720 - Holdem no limit (10/20) - 2026/03/09 13:08:40 UTC
Table: 'Expresso Nitro(1075239525)#0' 3-max (real money) Seat #3 is the button
Seat 1: Enzo 2022 (300)
Seat 2: jooaaoo05 (300)
Seat 3: MathisKcr (300)
*** ANTE/BLINDS ***
Enzo 2022 posts small blind 10
jooaaoo05 posts big blind 20
Dealt to MathisKcr [8d 4c]
*** PRE-FLOP *** 
MathisKcr folds
Enzo 2022 calls 10
jooaaoo05 checks
*** FLOP *** [9s Qc 8h]
Enzo 2022 checks
jooaaoo05 checks
*** TURN *** [9s Qc 8h][Kh]
Enzo 2022 bets 20
jooaaoo05 calls 20
*** RIVER *** [9s Qc 8h Kh][8c]
Enzo 2022 bets 20
jooaaoo05 raises 120 to 140
Enzo 2022 folds
jooaaoo05 collected 240 from pot
*** SUMMARY ***
Total pot 240 | No rake
Board: [9s Qc 8h Kh 8c]
Seat 2: jooaaoo05 (big blind) won 240


Winamax Poker - Tournament "Expresso Nitro" buyIn: 0.93€ + 0.07€ level: 1 - HandId: #4618118595241574401-2-1773061749 - Holdem no limit (10/20) - 2026/03/09 13:09:09 UTC
Table: 'Expresso Nitro(1075239525)#0' 3-max (real money) Seat #1 is the button
Seat 1: Enzo 2022 (240)
Seat 2: jooaaoo05 (360)
Seat 3: MathisKcr (300)
*** ANTE/BLINDS ***
jooaaoo05 posts small blind 10
MathisKcr posts big blind 20
Dealt to MathisKcr [9d 4h]
*** PRE-FLOP *** 
Enzo 2022 calls 20
jooaaoo05 calls 10
MathisKcr checks
*** FLOP *** [8d Qd 7s]
jooaaoo05 checks
MathisKcr checks
Enzo 2022 checks
*** TURN *** [8d Qd 7s][9c]
jooaaoo05 bets 20
MathisKcr raises 40 to 60
Enzo 2022 folds
jooaaoo05 calls 40
*** RIVER *** [8d Qd 7s 9c][Jh]
jooaaoo05 checks
MathisKcr bets 90
jooaaoo05 calls 90
*** SHOW DOWN ***
jooaaoo05 shows [5h 9h] (One pair : 9)
MathisKcr shows [9d 4h] (One pair : 9)
MathisKcr collected 180 from pot
jooaaoo05 collected 180 from pot
*** SUMMARY ***
Total pot 360 | No rake
Board: [8d Qd 7s 9c Jh]
Seat 2: jooaaoo05 (small blind) showed [5h 9h] and won 180 with One pair : 9
Seat 3: MathisKcr (big blind) showed [9d 4h] and won 180 with One pair : 9


Winamax Poker - Tournament "Expresso Nitro" buyIn: 0.93€ + 0.07€ level: 2 - HandId: #4618118595241574401-3-1773061789 - Holdem no limit (15/30) - 2026/03/09 13:09:49 UTC
Table: 'Expresso Nitro(1075239525)#0' 3-max (real money) Seat #2 is the button
Seat 1: Enzo 2022 (220)
Seat 2: jooaaoo05 (370)
Seat 3: MathisKcr (310)
*** ANTE/BLINDS ***
MathisKcr posts small blind 15
Enzo 2022 posts big blind 30
Dealt to MathisKcr [7d 5c]
*** PRE-FLOP *** 
jooaaoo05 folds
MathisKcr calls 15
Enzo 2022 checks
*** FLOP *** [Ts Qh 3d]
MathisKcr checks
Enzo 2022 checks
*** TURN *** [Ts Qh 3d][2d]
MathisKcr checks
Enzo 2022 bets 30
MathisKcr folds
Enzo 2022 collected 90 from pot
*** SUMMARY ***
Total pot 90 | No rake
Board: [Ts Qh 3d 2d]
Seat 1: Enzo 2022 (big blind) won 90


Winamax Poker - Tournament "Expresso Nitro" buyIn: 0.93€ + 0.07€ level: 2 - HandId: #4618118595241574401-4-1773061818 - Holdem no limit (15/30) - 2026/03/09 13:10:18 UTC
Table: 'Expresso Nitro(1075239525)#0' 3-max (real money) Seat #3 is the button
Seat 1: Enzo 2022 (250)
Seat 2: jooaaoo05 (370)
Seat 3: MathisKcr (280)
*** ANTE/BLINDS ***
Enzo 2022 posts small blind 15
jooaaoo05 posts big blind 30
Dealt to MathisKcr [7d Js]
*** PRE-FLOP *** 
MathisKcr folds
Enzo 2022 raises 60 to 90
jooaaoo05 folds
Enzo 2022 collected 120 from pot
*** SUMMARY ***
Total pot 120 | No rake
Seat 1: Enzo 2022 (small blind) won 120


Winamax Poker - Tournament "Expresso Nitro" buyIn: 0.93€ + 0.07€ level: 2 - HandId: #4618118595241574401-5-1773061827 - Holdem no limit (15/30) - 2026/03/09 13:10:27 UTC
Table: 'Expresso Nitro(1075239525)#0' 3-max (real money) Seat #1 is the button
Seat 1: Enzo 2022 (280)
Seat 2: jooaaoo05 (340)
Seat 3: MathisKcr (280)
*** ANTE/BLINDS ***
jooaaoo05 posts small blind 15
MathisKcr posts big blind 30
Dealt to MathisKcr [Qs Jd]
*** PRE-FLOP *** 
Enzo 2022 calls 30
jooaaoo05 calls 15
MathisKcr raises 250 to 280 and is all-in
Enzo 2022 calls 250 and is all-in
jooaaoo05 folds
*** FLOP *** [8d Th 5c]
*** TURN *** [8d Th 5c][Tc]
*** RIVER *** [8d Th 5c Tc][Td]
*** SHOW DOWN ***
Enzo 2022 shows [Qh Jh] (Trips of Tens)
MathisKcr shows [Qs Jd] (Trips of Tens)
MathisKcr collected 295 from pot
Enzo 2022 collected 295 from pot
*** SUMMARY ***
Total pot 590 | No rake
Board: [8d Th 5c Tc Td]
Seat 1: Enzo 2022 (button) showed [Qh Jh] and won 295 with Trips of Tens
Seat 3: MathisKcr (big blind) showed [Qs Jd] and won 295 with Trips of Tens


Winamax Poker - Tournament "Expresso Nitro" buyIn: 0.93€ + 0.07€ level: 3 - HandId: #4618118595241574401-6-1773061850 - Holdem no limit (20/40) - 2026/03/09 13:10:50 UTC
Table: 'Expresso Nitro(1075239525)#0' 3-max (real money) Seat #2 is the button
Seat 1: Enzo 2022 (295)
Seat 2: jooaaoo05 (310)
Seat 3: MathisKcr (295)
*** ANTE/BLINDS ***
MathisKcr posts small blind 20
Enzo 2022 posts big blind 40
Dealt to MathisKcr [8s 5d]
*** PRE-FLOP *** 
jooaaoo05 folds
MathisKcr calls 20
Enzo 2022 checks
*** FLOP *** [4d 5s Qs]
MathisKcr bets 52
Enzo 2022 raises 203 to 255 and is all-in
MathisKcr calls 203 and is all-in
*** TURN *** [4d 5s Qs][9c]
*** RIVER *** [4d 5s Qs 9c][6s]
*** SHOW DOWN ***
MathisKcr shows [8s 5d] (One pair : 5)
Enzo 2022 shows [Qd 7s] (One pair : Queens)
Enzo 2022 collected 590 from pot
*** SUMMARY ***
Total pot 590 | No rake
Board: [4d 5s Qs 9c 6s]
Seat 1: Enzo 2022 (big blind) showed [Qd 7s] and won 590 with One pair : Queens
Seat 3: MathisKcr (small blind) showed [8s 5d] and lost with One pair : 5


