Winamax Poker - Tournament "Expresso Nitro" buyIn: 0.93€ + 0.07€ level: 1 - HandId: #4662079492481613825-1-1774537797 - Holdem no limit (10/20) - 2026/03/26 15:09:57 UTC
Table: 'Expresso Nitro(1085474969)#0' 3-max (real money) Seat #3 is the button
Seat 1: MathisKcr (300)
Seat 2: Dycarlo (300)
Seat 3: Ahmedou34 (300)
*** ANTE/BLINDS ***
MathisKcr posts small blind 10
Dycarlo posts big blind 20
Dealt to MathisKcr [2s Ad]
*** PRE-FLOP *** 
Ahmedou34 raises 40 to 60
MathisKcr folds
Dycarlo raises 240 to 300 and is all-in
Ahmedou34 calls 240 and is all-in
*** FLOP *** [Qd 7h Ts]
*** TURN *** [Qd 7h Ts][5d]
*** RIVER *** [Qd 7h Ts 5d][9h]
*** SHOW DOWN ***
Dycarlo shows [8s 3d] (High card : Queen)
Ahmedou34 shows [Ac 6h] (High card : Ace)
Ahmedou34 collected 610 from pot
*** SUMMARY ***
Total pot 610 | No rake
Board: [Qd 7h Ts 5d 9h]
Seat 2: Dycarlo (big blind) showed [8s 3d] and lost with High card : Queen
Seat 3: Ahmedou34 (button) showed [Ac 6h] and won 610 with High card : Ace


Winamax Poker - Tournament "Expresso Nitro" buyIn: 0.93€ + 0.07€ level: 1 - HandId: #4662079492481613825-2-1774537824 - Holdem no limit (10/20) - 2026/03/26 15:10:24 UTC
Table: 'Expresso Nitro(1085474969)#0' 3-max (real money) Seat #3 is the button
Seat 1: MathisKcr (290)
Seat 3: Ahmedou34 (610)
*** ANTE/BLINDS ***
Ahmedou34 posts small blind 10
MathisKcr posts big blind 20
Dealt to MathisKcr [8d Ad]
*** PRE-FLOP *** 
Ahmedou34 calls 10
MathisKcr raises 270 to 290 and is all-in
Ahmedou34 folds
MathisKcr collected 310 from pot
*** SUMMARY ***
Total pot 310 | No rake
Seat 1: MathisKcr (big blind) won 310


Winamax Poker - Tournament "Expresso Nitro" buyIn: 0.93€ + 0.07€ level: 1 - HandId: #4662079492481613825-3-1774537851 - Holdem no limit (10/20) - 2026/03/26 15:10:51 UTC
Table: 'Expresso Nitro(1085474969)#0' 3-max (real money) Seat #1 is the button
Seat 1: MathisKcr (310)
Seat 3: Ahmedou34 (590)
*** ANTE/BLINDS ***
MathisKcr posts small blind 10
Ahmedou34 posts big blind 20
Dealt to MathisKcr [7s Ad]
*** PRE-FLOP *** 
MathisKcr raises 290 to 310 and is all-in
Ahmedou34 calls 290
*** FLOP *** [5d 4c 2d]
*** TURN *** [5d 4c 2d][Jh]
*** RIVER *** [5d 4c 2d Jh][Kd]
*** SHOW DOWN ***
Ahmedou34 shows [Qs 6s] (High card : King)
MathisKcr shows [7s Ad] (High card : Ace)
MathisKcr collected 620 from pot
*** SUMMARY ***
Total pot 620 | No rake
Board: [5d 4c 2d Jh Kd]
Seat 1: MathisKcr (small blind) (button) showed [7s Ad] and won 620 with High card : Ace
Seat 3: Ahmedou34 (big blind) showed [Qs 6s] and lost with High card : King


Winamax Poker - Tournament "Expresso Nitro" buyIn: 0.93€ + 0.07€ level: 2 - HandId: #4662079492481613825-4-1774537865 - Holdem no limit (15/30) - 2026/03/26 15:11:05 UTC
Table: 'Expresso Nitro(1085474969)#0' 3-max (real money) Seat #3 is the button
Seat 1: MathisKcr (620)
Seat 3: Ahmedou34 (280)
*** ANTE/BLINDS ***
Ahmedou34 posts small blind 15
MathisKcr posts big blind 30
Dealt to MathisKcr [Js Qd]
*** PRE-FLOP *** 
Ahmedou34 raises 250 to 280 and is all-in
MathisKcr calls 250
*** FLOP *** [3s 6c 6s]
*** TURN *** [3s 6c 6s][2s]
*** RIVER *** [3s 6c 6s 2s][Jh]
*** SHOW DOWN ***
Ahmedou34 shows [2c Ad] (Two pairs : 6 and 2)
MathisKcr shows [Js Qd] (Two pairs : Jacks and 6)
MathisKcr collected 560 from pot
*** SUMMARY ***
Total pot 560 | No rake
Board: [3s 6c 6s 2s Jh]
Seat 1: MathisKcr (big blind) showed [Js Qd] and won 560 with Two pairs : Jacks and 6
Seat 3: Ahmedou34 (small blind) (button) showed [2c Ad] and lost with Two pairs : 6 and 2


