Winamax Poker - Tournament "Expresso Nitro" buyIn: 0.93€ + 0.07€ level: 1 - HandId: #4618253427149897729-1-1773065197 - Holdem no limit (10/20) - 2026/03/09 14:06:37 UTC
Table: 'Expresso Nitro(1075270918)#0' 3-max (real money) Seat #1 is the button
Seat 1: MathisKcr (300)
Seat 2: Lcmarines (300)
Seat 3: Coco63320 (300)
*** ANTE/BLINDS ***
Lcmarines posts small blind 10
Coco63320 posts big blind 20
Dealt to MathisKcr [9s 6s]
*** PRE-FLOP *** 
MathisKcr folds
Lcmarines raises 20 to 40
Coco63320 raises 260 to 300 and is all-in
Lcmarines calls 260 and is all-in
*** FLOP *** [8s 4h Ks]
*** TURN *** [8s 4h Ks][2s]
*** RIVER *** [8s 4h Ks 2s][8c]
*** SHOW DOWN ***
Lcmarines shows [Ac Qh] (One pair : 8)
Coco63320 shows [8d As] (Trips of 8)
Coco63320 collected 600 from pot
*** SUMMARY ***
Total pot 600 | No rake
Board: [8s 4h Ks 2s 8c]
Seat 2: Lcmarines (small blind) showed [Ac Qh] and lost with One pair : 8
Seat 3: Coco63320 (big blind) showed [8d As] and won 600 with Trips of 8


Winamax Poker - Tournament "Expresso Nitro" buyIn: 0.93€ + 0.07€ level: 1 - HandId: #4618253427149897729-2-1773065215 - Holdem no limit (10/20) - 2026/03/09 14:06:55 UTC
Table: 'Expresso Nitro(1075270918)#0' 3-max (real money) Seat #3 is the button
Seat 1: MathisKcr (300)
Seat 3: Coco63320 (600)
*** ANTE/BLINDS ***
Coco63320 posts small blind 10
MathisKcr posts big blind 20
Dealt to MathisKcr [4h Td]
*** PRE-FLOP *** 
Coco63320 folds
MathisKcr collected 30 from pot
*** SUMMARY ***
Total pot 30 | No rake
Seat 1: MathisKcr (big blind) won 30


Winamax Poker - Tournament "Expresso Nitro" buyIn: 0.93€ + 0.07€ level: 1 - HandId: #4618253427149897729-3-1773065223 - Holdem no limit (10/20) - 2026/03/09 14:07:03 UTC
Table: 'Expresso Nitro(1075270918)#0' 3-max (real money) Seat #1 is the button
Seat 1: MathisKcr (310)
Seat 3: Coco63320 (590)
*** ANTE/BLINDS ***
MathisKcr posts small blind 10
Coco63320 posts big blind 20
Dealt to MathisKcr [Jh 2h]
*** PRE-FLOP *** 
MathisKcr calls 10
Coco63320 checks
*** FLOP *** [Qd Jd 4h]
Coco63320 checks
MathisKcr bets 40
Coco63320 folds
MathisKcr collected 80 from pot
*** SUMMARY ***
Total pot 80 | No rake
Board: [Qd Jd 4h]
Seat 1: MathisKcr (small blind) (button) won 80


Winamax Poker - Tournament "Expresso Nitro" buyIn: 0.93€ + 0.07€ level: 1 - HandId: #4618253427149897729-4-1773065237 - Holdem no limit (10/20) - 2026/03/09 14:07:17 UTC
Table: 'Expresso Nitro(1075270918)#0' 3-max (real money) Seat #3 is the button
Seat 1: MathisKcr (330)
Seat 3: Coco63320 (570)
*** ANTE/BLINDS ***
Coco63320 posts small blind 10
MathisKcr posts big blind 20
Dealt to MathisKcr [2d 9d]
*** PRE-FLOP *** 
Coco63320 folds
MathisKcr collected 30 from pot
*** SUMMARY ***
Total pot 30 | No rake
Seat 1: MathisKcr (big blind) won 30


Winamax Poker - Tournament "Expresso Nitro" buyIn: 0.93€ + 0.07€ level: 1 - HandId: #4618253427149897729-5-1773065242 - Holdem no limit (10/20) - 2026/03/09 14:07:22 UTC
Table: 'Expresso Nitro(1075270918)#0' 3-max (real money) Seat #1 is the button
Seat 1: MathisKcr (340)
Seat 3: Coco63320 (560)
*** ANTE/BLINDS ***
MathisKcr posts small blind 10
Coco63320 posts big blind 20
Dealt to MathisKcr [2c 7h]
*** PRE-FLOP *** 
MathisKcr calls 10
Coco63320 raises 40 to 60
MathisKcr folds
Coco63320 collected 80 from pot
*** SUMMARY ***
Total pot 80 | No rake
Seat 3: Coco63320 (big blind) won 80


Winamax Poker - Tournament "Expresso Nitro" buyIn: 0.93€ + 0.07€ level: 2 - HandId: #4618253427149897729-6-1773065257 - Holdem no limit (15/30) - 2026/03/09 14:07:37 UTC
Table: 'Expresso Nitro(1075270918)#0' 3-max (real money) Seat #3 is the button
Seat 1: MathisKcr (320)
Seat 3: Coco63320 (580)
*** ANTE/BLINDS ***
Coco63320 posts small blind 15
MathisKcr posts big blind 30
Dealt to MathisKcr [7s Ad]
*** PRE-FLOP *** 
Coco63320 folds
MathisKcr collected 45 from pot
*** SUMMARY ***
Total pot 45 | No rake
Seat 1: MathisKcr (big blind) won 45


Winamax Poker - Tournament "Expresso Nitro" buyIn: 0.93€ + 0.07€ level: 2 - HandId: #4618253427149897729-7-1773065265 - Holdem no limit (15/30) - 2026/03/09 14:07:45 UTC
Table: 'Expresso Nitro(1075270918)#0' 3-max (real money) Seat #1 is the button
Seat 1: MathisKcr (335)
Seat 3: Coco63320 (565)
*** ANTE/BLINDS ***
MathisKcr posts small blind 15
Coco63320 posts big blind 30
Dealt to MathisKcr [9d 8c]
*** PRE-FLOP *** 
MathisKcr folds
Coco63320 collected 45 from pot
*** SUMMARY ***
Total pot 45 | No rake
Seat 3: Coco63320 (big blind) won 45


Winamax Poker - Tournament "Expresso Nitro" buyIn: 0.93€ + 0.07€ level: 2 - HandId: #4618253427149897729-8-1773065272 - Holdem no limit (15/30) - 2026/03/09 14:07:52 UTC
Table: 'Expresso Nitro(1075270918)#0' 3-max (real money) Seat #3 is the button
Seat 1: MathisKcr (320)
Seat 3: Coco63320 (580)
*** ANTE/BLINDS ***
Coco63320 posts small blind 15
MathisKcr posts big blind 30
Dealt to MathisKcr [7s Ad]
*** PRE-FLOP *** 
Coco63320 folds
MathisKcr collected 45 from pot
*** SUMMARY ***
Total pot 45 | No rake
Seat 1: MathisKcr (big blind) won 45


Winamax Poker - Tournament "Expresso Nitro" buyIn: 0.93€ + 0.07€ level: 2 - HandId: #4618253427149897729-9-1773065278 - Holdem no limit (15/30) - 2026/03/09 14:07:58 UTC
Table: 'Expresso Nitro(1075270918)#0' 3-max (real money) Seat #1 is the button
Seat 1: MathisKcr (335)
Seat 3: Coco63320 (565)
*** ANTE/BLINDS ***
MathisKcr posts small blind 15
Coco63320 posts big blind 30
Dealt to MathisKcr [5c 6h]
*** PRE-FLOP *** 
MathisKcr folds
Coco63320 collected 45 from pot
*** SUMMARY ***
Total pot 45 | No rake
Seat 3: Coco63320 (big blind) won 45


Winamax Poker - Tournament "Expresso Nitro" buyIn: 0.93€ + 0.07€ level: 2 - HandId: #4618253427149897729-10-1773065287 - Holdem no limit (15/30) - 2026/03/09 14:08:07 UTC
Table: 'Expresso Nitro(1075270918)#0' 3-max (real money) Seat #3 is the button
Seat 1: MathisKcr (320)
Seat 3: Coco63320 (580)
*** ANTE/BLINDS ***
Coco63320 posts small blind 15
MathisKcr posts big blind 30
Dealt to MathisKcr [6s 4d]
*** PRE-FLOP *** 
Coco63320 raises 60 to 90
MathisKcr folds
Coco63320 collected 120 from pot
*** SUMMARY ***
Total pot 120 | No rake
Seat 3: Coco63320 (small blind) (button) won 120


Winamax Poker - Tournament "Expresso Nitro" buyIn: 0.93€ + 0.07€ level: 2 - HandId: #4618253427149897729-11-1773065297 - Holdem no limit (15/30) - 2026/03/09 14:08:17 UTC
Table: 'Expresso Nitro(1075270918)#0' 3-max (real money) Seat #1 is the button
Seat 1: MathisKcr (290)
Seat 3: Coco63320 (610)
*** ANTE/BLINDS ***
MathisKcr posts small blind 15
Coco63320 posts big blind 30
Dealt to MathisKcr [9d 4c]
*** PRE-FLOP *** 
MathisKcr folds
Coco63320 collected 45 from pot
*** SUMMARY ***
Total pot 45 | No rake
Seat 3: Coco63320 (big blind) won 45


Winamax Poker - Tournament "Expresso Nitro" buyIn: 0.93€ + 0.07€ level: 2 - HandId: #4618253427149897729-12-1773065304 - Holdem no limit (15/30) - 2026/03/09 14:08:24 UTC
Table: 'Expresso Nitro(1075270918)#0' 3-max (real money) Seat #3 is the button
Seat 1: MathisKcr (275)
Seat 3: Coco63320 (625)
*** ANTE/BLINDS ***
Coco63320 posts small blind 15
MathisKcr posts big blind 30
Dealt to MathisKcr [Qd 6d]
*** PRE-FLOP *** 
Coco63320 raises 595 to 625 and is all-in
MathisKcr folds
Coco63320 collected 655 from pot
*** SUMMARY ***
Total pot 655 | No rake
Seat 3: Coco63320 (small blind) (button) won 655


Winamax Poker - Tournament "Expresso Nitro" buyIn: 0.93€ + 0.07€ level: 3 - HandId: #4618253427149897729-13-1773065315 - Holdem no limit (20/40) - 2026/03/09 14:08:35 UTC
Table: 'Expresso Nitro(1075270918)#0' 3-max (real money) Seat #1 is the button
Seat 1: MathisKcr (245)
Seat 3: Coco63320 (655)
*** ANTE/BLINDS ***
MathisKcr posts small blind 20
Coco63320 posts big blind 40
Dealt to MathisKcr [4c 3d]
*** PRE-FLOP *** 
MathisKcr folds
Coco63320 collected 60 from pot
*** SUMMARY ***
Total pot 60 | No rake
Seat 3: Coco63320 (big blind) won 60


Winamax Poker - Tournament "Expresso Nitro" buyIn: 0.93€ + 0.07€ level: 3 - HandId: #4618253427149897729-14-1773065328 - Holdem no limit (20/40) - 2026/03/09 14:08:48 UTC
Table: 'Expresso Nitro(1075270918)#0' 3-max (real money) Seat #3 is the button
Seat 1: MathisKcr (225)
Seat 3: Coco63320 (675)
*** ANTE/BLINDS ***
Coco63320 posts small blind 20
MathisKcr posts big blind 40
Dealt to MathisKcr [6d 3s]
*** PRE-FLOP *** 
Coco63320 folds
MathisKcr collected 60 from pot
*** SUMMARY ***
Total pot 60 | No rake
Seat 1: MathisKcr (big blind) won 60


Winamax Poker - Tournament "Expresso Nitro" buyIn: 0.93€ + 0.07€ level: 3 - HandId: #4618253427149897729-15-1773065335 - Holdem no limit (20/40) - 2026/03/09 14:08:55 UTC
Table: 'Expresso Nitro(1075270918)#0' 3-max (real money) Seat #1 is the button
Seat 1: MathisKcr (245)
Seat 3: Coco63320 (655)
*** ANTE/BLINDS ***
MathisKcr posts small blind 20
Coco63320 posts big blind 40
Dealt to MathisKcr [9s Ts]
*** PRE-FLOP *** 
MathisKcr raises 205 to 245 and is all-in
Coco63320 calls 205
*** FLOP *** [7c Qc 5s]
*** TURN *** [7c Qc 5s][6s]
*** RIVER *** [7c Qc 5s 6s][5d]
*** SHOW DOWN ***
MathisKcr shows [9s Ts] (One pair : 5)
Coco63320 shows [Td Kc] (One pair : 5)
Coco63320 collected 490 from pot
*** SUMMARY ***
Total pot 490 | No rake
Board: [7c Qc 5s 6s 5d]
Seat 1: MathisKcr (small blind) (button) showed [9s Ts] and lost with One pair : 5
Seat 3: Coco63320 (big blind) showed [Td Kc] and won 490 with One pair : 5


