Winamax Poker - Tournament "Expresso" buyIn: 0.46€ + 0.04€ level: 1 - HandId: #4538594617171378177-1-1770127135 - Holdem no limit (10/20) - 2026/02/03 13:58:55 UTC
Table: 'Expresso(1056723906)#0' 3-max (real money) Seat #1 is the button
Seat 1: superzzz (500)
Seat 2: MathisKcr (500)
Seat 3: viel0w_EV (500)
*** ANTE/BLINDS ***
MathisKcr posts small blind 10
viel0w_EV posts big blind 20
Dealt to MathisKcr [7s Qh]
*** PRE-FLOP *** 
superzzz folds
MathisKcr calls 10
viel0w_EV checks
*** FLOP *** [8s 8c 2c]
MathisKcr checks
viel0w_EV bets 30
MathisKcr folds
viel0w_EV collected 70 from pot
*** SUMMARY ***
Total pot 70 | No rake
Board: [8s 8c 2c]
Seat 3: viel0w_EV (big blind) won 70


Winamax Poker - Tournament "Expresso" buyIn: 0.46€ + 0.04€ level: 1 - HandId: #4538594617171378177-2-1770127173 - Holdem no limit (10/20) - 2026/02/03 13:59:33 UTC
Table: 'Expresso(1056723906)#0' 3-max (real money) Seat #2 is the button
Seat 1: superzzz (500)
Seat 2: MathisKcr (480)
Seat 3: viel0w_EV (520)
*** ANTE/BLINDS ***
viel0w_EV posts small blind 10
superzzz posts big blind 20
Dealt to MathisKcr [8d Th]
*** PRE-FLOP *** 
MathisKcr folds
viel0w_EV folds
superzzz collected 30 from pot
*** SUMMARY ***
Total pot 30 | No rake
Seat 1: superzzz (big blind) won 30


Winamax Poker - Tournament "Expresso" buyIn: 0.46€ + 0.04€ level: 1 - HandId: #4538594617171378177-3-1770127187 - Holdem no limit (10/20) - 2026/02/03 13:59:47 UTC
Table: 'Expresso(1056723906)#0' 3-max (real money) Seat #3 is the button
Seat 1: superzzz (510)
Seat 2: MathisKcr (480)
Seat 3: viel0w_EV (510)
*** ANTE/BLINDS ***
superzzz posts small blind 10
MathisKcr posts big blind 20
Dealt to MathisKcr [7d 4d]
*** PRE-FLOP *** 
viel0w_EV folds
superzzz calls 10
MathisKcr checks
*** FLOP *** [Qs Ah 8d]
superzzz checks
MathisKcr checks
*** TURN *** [Qs Ah 8d][2h]
superzzz bets 20
MathisKcr calls 20
*** RIVER *** [Qs Ah 8d 2h][6c]
superzzz checks
MathisKcr bets 50
superzzz folds
MathisKcr collected 130 from pot
*** SUMMARY ***
Total pot 130 | No rake
Board: [Qs Ah 8d 2h 6c]
Seat 2: MathisKcr (big blind) won 130


Winamax Poker - Tournament "Expresso" buyIn: 0.46€ + 0.04€ level: 2 - HandId: #4538594617171378177-4-1770127260 - Holdem no limit (15/30) - 2026/02/03 14:01:00 UTC
Table: 'Expresso(1056723906)#0' 3-max (real money) Seat #1 is the button
Seat 1: superzzz (470)
Seat 2: MathisKcr (520)
Seat 3: viel0w_EV (510)
*** ANTE/BLINDS ***
MathisKcr posts small blind 15
viel0w_EV posts big blind 30
Dealt to MathisKcr [9c Qc]
*** PRE-FLOP *** 
superzzz raises 30 to 60
MathisKcr calls 45
viel0w_EV raises 450 to 510 and is all-in
superzzz folds
MathisKcr calls 450
*** FLOP *** [Ac 8h Td]
*** TURN *** [Ac 8h Td][6c]
*** RIVER *** [Ac 8h Td 6c][5h]
*** SHOW DOWN ***
MathisKcr shows [9c Qc] (High card : Ace)
viel0w_EV shows [2d 2s] (One pair : 2)
viel0w_EV collected 1080 from pot
*** SUMMARY ***
Total pot 1080 | No rake
Board: [Ac 8h Td 6c 5h]
Seat 2: MathisKcr (small blind) showed [9c Qc] and lost with High card : Ace
Seat 3: viel0w_EV (big blind) showed [2d 2s] and won 1080 with One pair : 2


Winamax Poker - Tournament "Expresso" buyIn: 0.46€ + 0.04€ level: 2 - HandId: #4538594617171378177-5-1770127295 - Holdem no limit (15/30) - 2026/02/03 14:01:35 UTC
Table: 'Expresso(1056723906)#0' 3-max (real money) Seat #2 is the button
Seat 1: superzzz (410)
Seat 2: MathisKcr (10)
Seat 3: viel0w_EV (1080)
*** ANTE/BLINDS ***
viel0w_EV posts small blind 15
superzzz posts big blind 30
Dealt to MathisKcr [8h Qs]
*** PRE-FLOP *** 
MathisKcr calls 10 and is all-in
viel0w_EV folds
*** FLOP *** [4s As 9s]
*** TURN *** [4s As 9s][7c]
*** RIVER *** [4s As 9s 7c][2h]
*** SHOW DOWN ***
MathisKcr shows [8h Qs] (High card : Ace)
superzzz shows [7h 8d] (One pair : 7)
superzzz collected 55 from pot
*** SUMMARY ***
Total pot 55 | No rake
Board: [4s As 9s 7c 2h]
Seat 1: superzzz (big blind) showed [7h 8d] and won 55 with One pair : 7
Seat 2: MathisKcr (button) showed [8h Qs] and lost with High card : Ace


