Winamax Poker - Tournament "Expresso Nitro" buyIn: 0.93€ + 0.07€ level: 1 - HandId: #4583530545002053633-1-1771626538 - Holdem no limit (10/20) - 2026/02/20 22:28:58 UTC
Table: 'Expresso Nitro(1067186367)#0' 3-max (real money) Seat #2 is the button
Seat 1: MathisKcr (300)
Seat 2: kln.pnm (300)
Seat 3: bobus25 (300)
*** ANTE/BLINDS ***
bobus25 posts small blind 10
MathisKcr posts big blind 20
Dealt to MathisKcr [Ts Ac]
*** PRE-FLOP *** 
kln.pnm calls 20
bobus25 folds
MathisKcr raises 20 to 40
kln.pnm calls 20
*** FLOP *** [8d Ah Qh]
MathisKcr checks
kln.pnm checks
*** TURN *** [8d Ah Qh][Tc]
MathisKcr bets 32
kln.pnm calls 32
*** RIVER *** [8d Ah Qh Tc][8c]
MathisKcr bets 54
kln.pnm raises 174 to 228 and is all-in
MathisKcr calls 174 and is all-in
*** SHOW DOWN ***
kln.pnm shows [Td 2c] (Two pairs : Tens and 8)
MathisKcr shows [Ts Ac] (Two pairs : Aces and Tens)
MathisKcr collected 610 from pot
*** SUMMARY ***
Total pot 610 | No rake
Board: [8d Ah Qh Tc 8c]
Seat 1: MathisKcr (big blind) showed [Ts Ac] and won 610 with Two pairs : Aces and Tens
Seat 2: kln.pnm (button) showed [Td 2c] and lost with Two pairs : Tens and 8


Winamax Poker - Tournament "Expresso Nitro" buyIn: 0.93€ + 0.07€ level: 1 - HandId: #4583530545002053633-2-1771626572 - Holdem no limit (10/20) - 2026/02/20 22:29:32 UTC
Table: 'Expresso Nitro(1067186367)#0' 3-max (real money) Seat #1 is the button
Seat 1: MathisKcr (610)
Seat 3: bobus25 (290)
*** ANTE/BLINDS ***
MathisKcr posts small blind 10
bobus25 posts big blind 20
Dealt to MathisKcr [7d Qd]
*** PRE-FLOP *** 
MathisKcr raises 20 to 40
bobus25 raises 250 to 290 and is all-in
MathisKcr folds
bobus25 collected 330 from pot
*** SUMMARY ***
Total pot 330 | No rake
Seat 3: bobus25 (big blind) won 330


Winamax Poker - Tournament "Expresso Nitro" buyIn: 0.93€ + 0.07€ level: 1 - HandId: #4583530545002053633-3-1771626582 - Holdem no limit (10/20) - 2026/02/20 22:29:42 UTC
Table: 'Expresso Nitro(1067186367)#0' 3-max (real money) Seat #3 is the button
Seat 1: MathisKcr (570)
Seat 3: bobus25 (330)
*** ANTE/BLINDS ***
bobus25 posts small blind 10
MathisKcr posts big blind 20
Dealt to MathisKcr [8d 8h]
*** PRE-FLOP *** 
bobus25 raises 310 to 330 and is all-in
MathisKcr calls 310
*** FLOP *** [Kh 2s 7s]
*** TURN *** [Kh 2s 7s][5d]
*** RIVER *** [Kh 2s 7s 5d][Qc]
*** SHOW DOWN ***
bobus25 shows [Ts Js] (High card : King)
MathisKcr shows [8d 8h] (One pair : 8)
MathisKcr collected 660 from pot
*** SUMMARY ***
Total pot 660 | No rake
Board: [Kh 2s 7s 5d Qc]
Seat 1: MathisKcr (big blind) showed [8d 8h] and won 660 with One pair : 8
Seat 3: bobus25 (small blind) (button) showed [Ts Js] and lost with High card : King


