Winamax Poker - Tournament "Expresso Nitro" buyIn: 0.93€ + 0.07€ level: 1 - HandId: #4698374032012083201-1-1775912149 - Holdem no limit (10/20) - 2026/04/11 12:55:49 UTC
Table: 'Expresso Nitro(1093925450)#0' 3-max (real money) Seat #3 is the button
Seat 1: Zpekenio596 (300)
Seat 2: MathisKcr (300)
Seat 3: Bombero-9434 (300)
*** ANTE/BLINDS ***
Zpekenio596 posts small blind 10
MathisKcr posts big blind 20
Dealt to MathisKcr [9s 2s]
*** PRE-FLOP *** 
Bombero-9434 calls 20
Zpekenio596 folds
MathisKcr checks
*** FLOP *** [3c 6d 4c]
MathisKcr checks
Bombero-9434 checks
*** TURN *** [3c 6d 4c][8d]
MathisKcr checks
Bombero-9434 checks
*** RIVER *** [3c 6d 4c 8d][7h]
MathisKcr checks
Bombero-9434 checks
*** SHOW DOWN ***
MathisKcr shows [9s 2s] (High card : 9)
Bombero-9434 shows [Kd Tc] (High card : King)
Bombero-9434 collected 50 from pot
*** SUMMARY ***
Total pot 50 | No rake
Board: [3c 6d 4c 8d 7h]
Seat 2: MathisKcr (big blind) showed [9s 2s] and lost with High card : 9
Seat 3: Bombero-9434 (button) showed [Kd Tc] and won 50 with High card : King


Winamax Poker - Tournament "Expresso Nitro" buyIn: 0.93€ + 0.07€ level: 1 - HandId: #4698374032012083201-2-1775912179 - Holdem no limit (10/20) - 2026/04/11 12:56:19 UTC
Table: 'Expresso Nitro(1093925450)#0' 3-max (real money) Seat #1 is the button
Seat 1: Zpekenio596 (290)
Seat 2: MathisKcr (280)
Seat 3: Bombero-9434 (330)
*** ANTE/BLINDS ***
MathisKcr posts small blind 10
Bombero-9434 posts big blind 20
Dealt to MathisKcr [5h 9c]
*** PRE-FLOP *** 
Zpekenio596 calls 20
MathisKcr folds
Bombero-9434 checks
*** FLOP *** [4c 6c Qc]
Bombero-9434 checks
Zpekenio596 bets 20
Bombero-9434 calls 20
*** TURN *** [4c 6c Qc][2s]
Bombero-9434 checks
Zpekenio596 bets 20
Bombero-9434 calls 20
*** RIVER *** [4c 6c Qc 2s][Jd]
Bombero-9434 checks
Zpekenio596 bets 46
Bombero-9434 calls 46
*** SHOW DOWN ***
Zpekenio596 shows [8d Jc] (One pair : Jacks)
Bombero-9434 shows [Qd 5d] (One pair : Queens)
Bombero-9434 collected 222 from pot
*** SUMMARY ***
Total pot 222 | No rake
Board: [4c 6c Qc 2s Jd]
Seat 1: Zpekenio596 (button) showed [8d Jc] and lost with One pair : Jacks
Seat 3: Bombero-9434 (big blind) showed [Qd 5d] and won 222 with One pair : Queens


Winamax Poker - Tournament "Expresso Nitro" buyIn: 0.93€ + 0.07€ level: 1 - HandId: #4698374032012083201-3-1775912194 - Holdem no limit (10/20) - 2026/04/11 12:56:34 UTC
Table: 'Expresso Nitro(1093925450)#0' 3-max (real money) Seat #2 is the button
Seat 1: Zpekenio596 (184)
Seat 2: MathisKcr (270)
Seat 3: Bombero-9434 (446)
*** ANTE/BLINDS ***
Bombero-9434 posts small blind 10
Zpekenio596 posts big blind 20
Dealt to MathisKcr [2s 2h]
*** PRE-FLOP *** 
MathisKcr raises 20 to 40
Bombero-9434 folds
Zpekenio596 calls 20
*** FLOP *** [Td 6d Ah]
Zpekenio596 checks
MathisKcr bets 32
Zpekenio596 folds
MathisKcr collected 122 from pot
*** SUMMARY ***
Total pot 122 | No rake
Board: [Td 6d Ah]
Seat 2: MathisKcr (button) won 122


Winamax Poker - Tournament "Expresso Nitro" buyIn: 0.93€ + 0.07€ level: 2 - HandId: #4698374032012083201-4-1775912210 - Holdem no limit (15/30) - 2026/04/11 12:56:50 UTC
Table: 'Expresso Nitro(1093925450)#0' 3-max (real money) Seat #3 is the button
Seat 1: Zpekenio596 (144)
Seat 2: MathisKcr (320)
Seat 3: Bombero-9434 (436)
*** ANTE/BLINDS ***
Zpekenio596 posts small blind 15
MathisKcr posts big blind 30
Dealt to MathisKcr [9d 3h]
*** PRE-FLOP *** 
Bombero-9434 folds
Zpekenio596 folds
MathisKcr collected 45 from pot
*** SUMMARY ***
Total pot 45 | No rake
Seat 2: MathisKcr (big blind) won 45


Winamax Poker - Tournament "Expresso Nitro" buyIn: 0.93€ + 0.07€ level: 2 - HandId: #4698374032012083201-5-1775912215 - Holdem no limit (15/30) - 2026/04/11 12:56:55 UTC
Table: 'Expresso Nitro(1093925450)#0' 3-max (real money) Seat #1 is the button
Seat 1: Zpekenio596 (129)
Seat 2: MathisKcr (335)
Seat 3: Bombero-9434 (436)
*** ANTE/BLINDS ***
MathisKcr posts small blind 15
Bombero-9434 posts big blind 30
Dealt to MathisKcr [8c 2d]
*** PRE-FLOP *** 
Zpekenio596 raises 99 to 129 and is all-in
MathisKcr folds
Bombero-9434 folds
Zpekenio596 collected 174 from pot
*** SUMMARY ***
Total pot 174 | No rake
Seat 1: Zpekenio596 (button) won 174


Winamax Poker - Tournament "Expresso Nitro" buyIn: 0.93€ + 0.07€ level: 2 - HandId: #4698374032012083201-6-1775912220 - Holdem no limit (15/30) - 2026/04/11 12:57:00 UTC
Table: 'Expresso Nitro(1093925450)#0' 3-max (real money) Seat #2 is the button
Seat 1: Zpekenio596 (174)
Seat 2: MathisKcr (320)
Seat 3: Bombero-9434 (406)
*** ANTE/BLINDS ***
Bombero-9434 posts small blind 15
Zpekenio596 posts big blind 30
Dealt to MathisKcr [4h 5c]
*** PRE-FLOP *** 
MathisKcr folds
Bombero-9434 raises 376 to 406 and is all-in
Zpekenio596 calls 144 and is all-in
*** FLOP *** [Ts 9s Tc]
*** TURN *** [Ts 9s Tc][8s]
*** RIVER *** [Ts 9s Tc 8s][8c]
*** SHOW DOWN ***
Zpekenio596 shows [2h 3h] (Two pairs : Tens and 8)
Bombero-9434 shows [Ks 7s] (Flush King high)
Bombero-9434 collected 580 from pot
*** SUMMARY ***
Total pot 580 | No rake
Board: [Ts 9s Tc 8s 8c]
Seat 1: Zpekenio596 (big blind) showed [2h 3h] and lost with Two pairs : Tens and 8
Seat 3: Bombero-9434 (small blind) showed [Ks 7s] and won 580 with Flush King high


Winamax Poker - Tournament "Expresso Nitro" buyIn: 0.93€ + 0.07€ level: 2 - HandId: #4698374032012083201-7-1775912233 - Holdem no limit (15/30) - 2026/04/11 12:57:13 UTC
Table: 'Expresso Nitro(1093925450)#0' 3-max (real money) Seat #2 is the button
Seat 2: MathisKcr (320)
Seat 3: Bombero-9434 (580)
*** ANTE/BLINDS ***
MathisKcr posts small blind 15
Bombero-9434 posts big blind 30
Dealt to MathisKcr [6d Kh]
*** PRE-FLOP *** 
MathisKcr raises 290 to 320 and is all-in
Bombero-9434 folds
MathisKcr collected 350 from pot
*** SUMMARY ***
Total pot 350 | No rake
Seat 2: MathisKcr (small blind) (button) won 350


Winamax Poker - Tournament "Expresso Nitro" buyIn: 0.93€ + 0.07€ level: 2 - HandId: #4698374032012083201-8-1775912239 - Holdem no limit (15/30) - 2026/04/11 12:57:19 UTC
Table: 'Expresso Nitro(1093925450)#0' 3-max (real money) Seat #3 is the button
Seat 2: MathisKcr (350)
Seat 3: Bombero-9434 (550)
*** ANTE/BLINDS ***
Bombero-9434 posts small blind 15
MathisKcr posts big blind 30
Dealt to MathisKcr [Ah 9s]
*** PRE-FLOP *** 
Bombero-9434 folds
MathisKcr collected 45 from pot
*** SUMMARY ***
Total pot 45 | No rake
Seat 2: MathisKcr (big blind) won 45


Winamax Poker - Tournament "Expresso Nitro" buyIn: 0.93€ + 0.07€ level: 2 - HandId: #4698374032012083201-9-1775912243 - Holdem no limit (15/30) - 2026/04/11 12:57:23 UTC
Table: 'Expresso Nitro(1093925450)#0' 3-max (real money) Seat #2 is the button
Seat 2: MathisKcr (365)
Seat 3: Bombero-9434 (535)
*** ANTE/BLINDS ***
MathisKcr posts small blind 15
Bombero-9434 posts big blind 30
Dealt to MathisKcr [5h 2s]
*** PRE-FLOP *** 
MathisKcr folds
Bombero-9434 collected 45 from pot
*** SUMMARY ***
Total pot 45 | No rake
Seat 3: Bombero-9434 (big blind) won 45


Winamax Poker - Tournament "Expresso Nitro" buyIn: 0.93€ + 0.07€ level: 2 - HandId: #4698374032012083201-10-1775912249 - Holdem no limit (15/30) - 2026/04/11 12:57:29 UTC
Table: 'Expresso Nitro(1093925450)#0' 3-max (real money) Seat #3 is the button
Seat 2: MathisKcr (350)
Seat 3: Bombero-9434 (550)
*** ANTE/BLINDS ***
Bombero-9434 posts small blind 15
MathisKcr posts big blind 30
Dealt to MathisKcr [5h 9s]
*** PRE-FLOP *** 
Bombero-9434 folds
MathisKcr collected 45 from pot
*** SUMMARY ***
Total pot 45 | No rake
Seat 2: MathisKcr (big blind) won 45


Winamax Poker - Tournament "Expresso Nitro" buyIn: 0.93€ + 0.07€ level: 2 - HandId: #4698374032012083201-11-1775912253 - Holdem no limit (15/30) - 2026/04/11 12:57:33 UTC
Table: 'Expresso Nitro(1093925450)#0' 3-max (real money) Seat #2 is the button
Seat 2: MathisKcr (365)
Seat 3: Bombero-9434 (535)
*** ANTE/BLINDS ***
MathisKcr posts small blind 15
Bombero-9434 posts big blind 30
Dealt to MathisKcr [6s Ac]
*** PRE-FLOP *** 
MathisKcr raises 335 to 365 and is all-in
Bombero-9434 folds
MathisKcr collected 395 from pot
*** SUMMARY ***
Total pot 395 | No rake
Seat 2: MathisKcr (small blind) (button) won 395


Winamax Poker - Tournament "Expresso Nitro" buyIn: 0.93€ + 0.07€ level: 2 - HandId: #4698374032012083201-12-1775912261 - Holdem no limit (15/30) - 2026/04/11 12:57:41 UTC
Table: 'Expresso Nitro(1093925450)#0' 3-max (real money) Seat #3 is the button
Seat 2: MathisKcr (395)
Seat 3: Bombero-9434 (505)
*** ANTE/BLINDS ***
Bombero-9434 posts small blind 15
MathisKcr posts big blind 30
Dealt to MathisKcr [Th Qc]
*** PRE-FLOP *** 
Bombero-9434 calls 15
MathisKcr raises 365 to 395 and is all-in
Bombero-9434 folds
MathisKcr collected 425 from pot
*** SUMMARY ***
Total pot 425 | No rake
Seat 2: MathisKcr (big blind) won 425


Winamax Poker - Tournament "Expresso Nitro" buyIn: 0.93€ + 0.07€ level: 3 - HandId: #4698374032012083201-13-1775912273 - Holdem no limit (20/40) - 2026/04/11 12:57:53 UTC
Table: 'Expresso Nitro(1093925450)#0' 3-max (real money) Seat #2 is the button
Seat 2: MathisKcr (425)
Seat 3: Bombero-9434 (475)
*** ANTE/BLINDS ***
MathisKcr posts small blind 20
Bombero-9434 posts big blind 40
Dealt to MathisKcr [8d Jd]
*** PRE-FLOP *** 
MathisKcr raises 385 to 425 and is all-in
Bombero-9434 raises 50 to 475 and is all-in
*** FLOP *** [7h Ad Qd]
*** TURN *** [7h Ad Qd][Qc]
*** RIVER *** [7h Ad Qd Qc][6d]
*** SHOW DOWN ***
MathisKcr shows [8d Jd] (Flush Ace high)
Bombero-9434 shows [Kc 6c] (Two pairs : Queens and 6)
Bombero-9434 collected 50 from side pot 1
MathisKcr collected 850 from main pot
*** SUMMARY ***
Total pot 900 | No rake
Board: [7h Ad Qd Qc 6d]
Seat 2: MathisKcr (small blind) (button) showed [8d Jd] and won 850 with Flush Ace high
Seat 3: Bombero-9434 (big blind) showed [Kc 6c] and won 50 with Two pairs : Queens and 6


Winamax Poker - Tournament "Expresso Nitro" buyIn: 0.93€ + 0.07€ level: 3 - HandId: #4698374032012083201-14-1775912285 - Holdem no limit (20/40) - 2026/04/11 12:58:05 UTC
Table: 'Expresso Nitro(1093925450)#0' 3-max (real money) Seat #3 is the button
Seat 2: MathisKcr (850)
Seat 3: Bombero-9434 (50)
*** ANTE/BLINDS ***
Bombero-9434 posts small blind 20
MathisKcr posts big blind 40
Dealt to MathisKcr [6d Th]
*** PRE-FLOP *** 
Bombero-9434 raises 10 to 50 and is all-in
MathisKcr calls 10
*** FLOP *** [8d 7s 8h]
*** TURN *** [8d 7s 8h][4s]
*** RIVER *** [8d 7s 8h 4s][Ac]
*** SHOW DOWN ***
MathisKcr shows [6d Th] (One pair : 8)
Bombero-9434 shows [Tc Kc] (One pair : 8)
Bombero-9434 collected 100 from pot
*** SUMMARY ***
Total pot 100 | No rake
Board: [8d 7s 8h 4s Ac]
Seat 2: MathisKcr (big blind) showed [6d Th] and lost with One pair : 8
Seat 3: Bombero-9434 (small blind) (button) showed [Tc Kc] and won 100 with One pair : 8


Winamax Poker - Tournament "Expresso Nitro" buyIn: 0.93€ + 0.07€ level: 3 - HandId: #4698374032012083201-15-1775912301 - Holdem no limit (20/40) - 2026/04/11 12:58:21 UTC
Table: 'Expresso Nitro(1093925450)#0' 3-max (real money) Seat #2 is the button
Seat 2: MathisKcr (800)
Seat 3: Bombero-9434 (100)
*** ANTE/BLINDS ***
MathisKcr posts small blind 20
Bombero-9434 posts big blind 40
Dealt to MathisKcr [2c 4d]
*** PRE-FLOP *** 
MathisKcr folds
Bombero-9434 collected 60 from pot
*** SUMMARY ***
Total pot 60 | No rake
Seat 3: Bombero-9434 (big blind) won 60


Winamax Poker - Tournament "Expresso Nitro" buyIn: 0.93€ + 0.07€ level: 3 - HandId: #4698374032012083201-16-1775912305 - Holdem no limit (20/40) - 2026/04/11 12:58:25 UTC
Table: 'Expresso Nitro(1093925450)#0' 3-max (real money) Seat #3 is the button
Seat 2: MathisKcr (780)
Seat 3: Bombero-9434 (120)
*** ANTE/BLINDS ***
Bombero-9434 posts small blind 20
MathisKcr posts big blind 40
Dealt to MathisKcr [Js 9c]
*** PRE-FLOP *** 
Bombero-9434 raises 80 to 120 and is all-in
MathisKcr calls 80
*** FLOP *** [4s 9d 2h]
*** TURN *** [4s 9d 2h][4h]
*** RIVER *** [4s 9d 2h 4h][9s]
*** SHOW DOWN ***
Bombero-9434 shows [As Qs] (Two pairs : 9 and 4)
MathisKcr shows [Js 9c] (Full of 9 and 4)
MathisKcr collected 240 from pot
*** SUMMARY ***
Total pot 240 | No rake
Board: [4s 9d 2h 4h 9s]
Seat 2: MathisKcr (big blind) showed [Js 9c] and won 240 with Full of 9 and 4
Seat 3: Bombero-9434 (small blind) (button) showed [As Qs] and lost with Two pairs : 9 and 4


