Winamax Poker - Tournament "Expresso Nitro" buyIn: 0.93€ + 0.07€ level: 1 - HandId: #4619773218507456513-1-1773100209 - Holdem no limit (10/20) - 2026/03/09 23:50:09 UTC
Table: 'Expresso Nitro(1075624772)#0' 3-max (real money) Seat #3 is the button
Seat 1: MathisKcr (300)
Seat 2: BackToEx (300)
Seat 3: Beerbro (300)
*** ANTE/BLINDS ***
MathisKcr posts small blind 10
BackToEx posts big blind 20
Dealt to MathisKcr [5c 5d]
*** PRE-FLOP *** 
Beerbro calls 20
MathisKcr raises 280 to 300 and is all-in
BackToEx folds
Beerbro folds
MathisKcr collected 340 from pot
*** SUMMARY ***
Total pot 340 | No rake
Seat 1: MathisKcr (small blind) won 340


Winamax Poker - Tournament "Expresso Nitro" buyIn: 0.93€ + 0.07€ level: 1 - HandId: #4619773218507456513-2-1773100230 - Holdem no limit (10/20) - 2026/03/09 23:50:30 UTC
Table: 'Expresso Nitro(1075624772)#0' 3-max (real money) Seat #1 is the button
Seat 1: MathisKcr (340)
Seat 2: BackToEx (280)
Seat 3: Beerbro (280)
*** ANTE/BLINDS ***
BackToEx posts small blind 10
Beerbro posts big blind 20
Dealt to MathisKcr [Ah Qc]
*** PRE-FLOP *** 
MathisKcr raises 40 to 60
BackToEx raises 220 to 280 and is all-in
Beerbro folds
MathisKcr calls 220
*** FLOP *** [3h 5s 9d]
*** TURN *** [3h 5s 9d][6d]
*** RIVER *** [3h 5s 9d 6d][8s]
*** SHOW DOWN ***
MathisKcr shows [Ah Qc] (High card : Ace)
BackToEx shows [Jc Js] (One pair : Jacks)
BackToEx collected 580 from pot
*** SUMMARY ***
Total pot 580 | No rake
Board: [3h 5s 9d 6d 8s]
Seat 1: MathisKcr (button) showed [Ah Qc] and lost with High card : Ace
Seat 2: BackToEx (small blind) showed [Jc Js] and won 580 with One pair : Jacks


Winamax Poker - Tournament "Expresso Nitro" buyIn: 0.93€ + 0.07€ level: 1 - HandId: #4619773218507456513-3-1773100248 - Holdem no limit (10/20) - 2026/03/09 23:50:48 UTC
Table: 'Expresso Nitro(1075624772)#0' 3-max (real money) Seat #2 is the button
Seat 1: MathisKcr (60)
Seat 2: BackToEx (580)
Seat 3: Beerbro (260)
*** ANTE/BLINDS ***
Beerbro posts small blind 10
MathisKcr posts big blind 20
Dealt to MathisKcr [7s 3c]
*** PRE-FLOP *** 
BackToEx folds
Beerbro folds
MathisKcr collected 30 from pot
*** SUMMARY ***
Total pot 30 | No rake
Seat 1: MathisKcr (big blind) won 30


Winamax Poker - Tournament "Expresso Nitro" buyIn: 0.93€ + 0.07€ level: 1 - HandId: #4619773218507456513-4-1773100255 - Holdem no limit (10/20) - 2026/03/09 23:50:55 UTC
Table: 'Expresso Nitro(1075624772)#0' 3-max (real money) Seat #3 is the button
Seat 1: MathisKcr (70)
Seat 2: BackToEx (580)
Seat 3: Beerbro (250)
*** ANTE/BLINDS ***
MathisKcr posts small blind 10
BackToEx posts big blind 20
Dealt to MathisKcr [8h 2s]
*** PRE-FLOP *** 
Beerbro raises 230 to 250 and is all-in
MathisKcr folds
BackToEx folds
Beerbro collected 280 from pot
*** SUMMARY ***
Total pot 280 | No rake
Seat 3: Beerbro (button) won 280


Winamax Poker - Tournament "Expresso Nitro" buyIn: 0.93€ + 0.07€ level: 1 - HandId: #4619773218507456513-5-1773100264 - Holdem no limit (10/20) - 2026/03/09 23:51:04 UTC
Table: 'Expresso Nitro(1075624772)#0' 3-max (real money) Seat #1 is the button
Seat 1: MathisKcr (60)
Seat 2: BackToEx (560)
Seat 3: Beerbro (280)
*** ANTE/BLINDS ***
BackToEx posts small blind 10
Beerbro posts big blind 20
Dealt to MathisKcr [2c Ks]
*** PRE-FLOP *** 
MathisKcr raises 40 to 60 and is all-in
BackToEx folds
Beerbro calls 40
*** FLOP *** [Jc 8h Kh]
*** TURN *** [Jc 8h Kh][Jd]
*** RIVER *** [Jc 8h Kh Jd][3c]
*** SHOW DOWN ***
Beerbro shows [7h 4h] (One pair : Jacks)
MathisKcr shows [2c Ks] (Two pairs : Kings and Jacks)
MathisKcr collected 130 from pot
*** SUMMARY ***
Total pot 130 | No rake
Board: [Jc 8h Kh Jd 3c]
Seat 1: MathisKcr (button) showed [2c Ks] and won 130 with Two pairs : Kings and Jacks
Seat 3: Beerbro (big blind) showed [7h 4h] and lost with One pair : Jacks


Winamax Poker - Tournament "Expresso Nitro" buyIn: 0.93€ + 0.07€ level: 2 - HandId: #4619773218507456513-6-1773100283 - Holdem no limit (15/30) - 2026/03/09 23:51:23 UTC
Table: 'Expresso Nitro(1075624772)#0' 3-max (real money) Seat #2 is the button
Seat 1: MathisKcr (130)
Seat 2: BackToEx (550)
Seat 3: Beerbro (220)
*** ANTE/BLINDS ***
Beerbro posts small blind 15
MathisKcr posts big blind 30
Dealt to MathisKcr [7h Ah]
*** PRE-FLOP *** 
BackToEx folds
Beerbro folds
MathisKcr collected 45 from pot
*** SUMMARY ***
Total pot 45 | No rake
Seat 1: MathisKcr (big blind) won 45


Winamax Poker - Tournament "Expresso Nitro" buyIn: 0.93€ + 0.07€ level: 2 - HandId: #4619773218507456513-7-1773100290 - Holdem no limit (15/30) - 2026/03/09 23:51:30 UTC
Table: 'Expresso Nitro(1075624772)#0' 3-max (real money) Seat #3 is the button
Seat 1: MathisKcr (145)
Seat 2: BackToEx (550)
Seat 3: Beerbro (205)
*** ANTE/BLINDS ***
MathisKcr posts small blind 15
BackToEx posts big blind 30
Dealt to MathisKcr [8s 2s]
*** PRE-FLOP *** 
Beerbro raises 175 to 205 and is all-in
MathisKcr folds
BackToEx folds
Beerbro collected 250 from pot
*** SUMMARY ***
Total pot 250 | No rake
Seat 3: Beerbro (button) won 250


Winamax Poker - Tournament "Expresso Nitro" buyIn: 0.93€ + 0.07€ level: 2 - HandId: #4619773218507456513-8-1773100300 - Holdem no limit (15/30) - 2026/03/09 23:51:40 UTC
Table: 'Expresso Nitro(1075624772)#0' 3-max (real money) Seat #1 is the button
Seat 1: MathisKcr (130)
Seat 2: BackToEx (520)
Seat 3: Beerbro (250)
*** ANTE/BLINDS ***
BackToEx posts small blind 15
Beerbro posts big blind 30
Dealt to MathisKcr [3d Jc]
*** PRE-FLOP *** 
MathisKcr folds
BackToEx calls 15
Beerbro raises 220 to 250 and is all-in
BackToEx folds
Beerbro collected 280 from pot
*** SUMMARY ***
Total pot 280 | No rake
Seat 3: Beerbro (big blind) won 280


Winamax Poker - Tournament "Expresso Nitro" buyIn: 0.93€ + 0.07€ level: 2 - HandId: #4619773218507456513-9-1773100319 - Holdem no limit (15/30) - 2026/03/09 23:51:59 UTC
Table: 'Expresso Nitro(1075624772)#0' 3-max (real money) Seat #2 is the button
Seat 1: MathisKcr (130)
Seat 2: BackToEx (490)
Seat 3: Beerbro (280)
*** ANTE/BLINDS ***
Beerbro posts small blind 15
MathisKcr posts big blind 30
Dealt to MathisKcr [4h 3s]
*** PRE-FLOP *** 
BackToEx folds
Beerbro raises 250 to 280 and is all-in
MathisKcr folds
Beerbro collected 310 from pot
*** SUMMARY ***
Total pot 310 | No rake
Seat 3: Beerbro (small blind) won 310


Winamax Poker - Tournament "Expresso Nitro" buyIn: 0.93€ + 0.07€ level: 3 - HandId: #4619773218507456513-10-1773100331 - Holdem no limit (20/40) - 2026/03/09 23:52:11 UTC
Table: 'Expresso Nitro(1075624772)#0' 3-max (real money) Seat #3 is the button
Seat 1: MathisKcr (100)
Seat 2: BackToEx (490)
Seat 3: Beerbro (310)
*** ANTE/BLINDS ***
MathisKcr posts small blind 20
BackToEx posts big blind 40
Dealt to MathisKcr [6h Ks]
*** PRE-FLOP *** 
Beerbro raises 270 to 310 and is all-in
MathisKcr folds
BackToEx folds
Beerbro collected 370 from pot
*** SUMMARY ***
Total pot 370 | No rake
Seat 3: Beerbro (button) won 370


Winamax Poker - Tournament "Expresso Nitro" buyIn: 0.93€ + 0.07€ level: 3 - HandId: #4619773218507456513-11-1773100357 - Holdem no limit (20/40) - 2026/03/09 23:52:37 UTC
Table: 'Expresso Nitro(1075624772)#0' 3-max (real money) Seat #1 is the button
Seat 1: MathisKcr (80)
Seat 2: BackToEx (450)
Seat 3: Beerbro (370)
*** ANTE/BLINDS ***
BackToEx posts small blind 20
Beerbro posts big blind 40
Dealt to MathisKcr [6c 4c]
*** PRE-FLOP *** 
MathisKcr folds
BackToEx raises 410 to 450 and is all-in
Beerbro folds
BackToEx collected 490 from pot
*** SUMMARY ***
Total pot 490 | No rake
Seat 2: BackToEx (small blind) won 490


Winamax Poker - Tournament "Expresso Nitro" buyIn: 0.93€ + 0.07€ level: 3 - HandId: #4619773218507456513-12-1773100369 - Holdem no limit (20/40) - 2026/03/09 23:52:49 UTC
Table: 'Expresso Nitro(1075624772)#0' 3-max (real money) Seat #2 is the button
Seat 1: MathisKcr (80)
Seat 2: BackToEx (490)
Seat 3: Beerbro (330)
*** ANTE/BLINDS ***
Beerbro posts small blind 20
MathisKcr posts big blind 40
Dealt to MathisKcr [6d 4h]
*** PRE-FLOP *** 
BackToEx raises 450 to 490 and is all-in
Beerbro folds
MathisKcr folds
BackToEx collected 550 from pot
*** SUMMARY ***
Total pot 550 | No rake
Seat 2: BackToEx (button) won 550


Winamax Poker - Tournament "Expresso Nitro" buyIn: 0.93€ + 0.07€ level: 3 - HandId: #4619773218507456513-13-1773100382 - Holdem no limit (20/40) - 2026/03/09 23:53:02 UTC
Table: 'Expresso Nitro(1075624772)#0' 3-max (real money) Seat #3 is the button
Seat 1: MathisKcr (40)
Seat 2: BackToEx (550)
Seat 3: Beerbro (310)
*** ANTE/BLINDS ***
MathisKcr posts small blind 20
BackToEx posts big blind 40
Dealt to MathisKcr [8h 3c]
*** PRE-FLOP *** 
Beerbro raises 270 to 310 and is all-in
MathisKcr calls 20 and is all-in
BackToEx raises 240 to 550 and is all-in
*** FLOP *** [Jc 7h 8d]
*** TURN *** [Jc 7h 8d][Qd]
*** RIVER *** [Jc 7h 8d Qd][4c]
*** SHOW DOWN ***
MathisKcr shows [8h 3c] (One pair : 8)
BackToEx shows [6c 6d] (One pair : 6)
Beerbro shows [7s Kc] (One pair : 7)
Beerbro collected 540 from side pot 1
BackToEx collected 240 from side pot 2
MathisKcr collected 120 from main pot
*** SUMMARY ***
Total pot 900 | No rake
Board: [Jc 7h 8d Qd 4c]
Seat 1: MathisKcr (small blind) showed [8h 3c] and won 120 with One pair : 8
Seat 2: BackToEx (big blind) showed [6c 6d] and won 240 with One pair : 6
Seat 3: Beerbro (button) showed [7s Kc] and won 540 with One pair : 7


Winamax Poker - Tournament "Expresso Nitro" buyIn: 0.93€ + 0.07€ level: 4 - HandId: #4619773218507456513-14-1773100402 - Holdem no limit (30/60) - 2026/03/09 23:53:22 UTC
Table: 'Expresso Nitro(1075624772)#0' 3-max (real money) Seat #1 is the button
Seat 1: MathisKcr (120)
Seat 2: BackToEx (240)
Seat 3: Beerbro (540)
*** ANTE/BLINDS ***
BackToEx posts small blind 30
Beerbro posts big blind 60
Dealt to MathisKcr [8h Js]
*** PRE-FLOP *** 
MathisKcr raises 60 to 120 and is all-in
BackToEx raises 120 to 240 and is all-in
Beerbro folds
*** FLOP *** [Qc Qd 4c]
*** TURN *** [Qc Qd 4c][2c]
*** RIVER *** [Qc Qd 4c 2c][Kh]
*** SHOW DOWN ***
MathisKcr shows [8h Js] (One pair : Queens)
BackToEx shows [Tc Td] (Two pairs : Queens and Tens)
BackToEx collected 420 from pot
*** SUMMARY ***
Total pot 420 | No rake
Board: [Qc Qd 4c 2c Kh]
Seat 1: MathisKcr (button) showed [8h Js] and lost with One pair : Queens
Seat 2: BackToEx (small blind) showed [Tc Td] and won 420 with Two pairs : Queens and Tens


