Winamax Poker - Tournament "Expresso Nitro" buyIn: 0.93€ + 0.07€ level: 1 - HandId: #4698386955568676865-1-1775912598 - Holdem no limit (10/20) - 2026/04/11 13:03:18 UTC
Table: 'Expresso Nitro(1093928459)#0' 3-max (real money) Seat #3 is the button
Seat 1: BSone (300)
Seat 2: ez4040 (300)
Seat 3: MathisKcr (300)
*** ANTE/BLINDS ***
BSone posts small blind 10
ez4040 posts big blind 20
Dealt to MathisKcr [9c 4s]
*** PRE-FLOP *** 
MathisKcr folds
BSone calls 10
ez4040 checks
*** FLOP *** [Ac Kd Qh]
BSone bets 20
ez4040 folds
BSone collected 60 from pot
*** SUMMARY ***
Total pot 60 | No rake
Board: [Ac Kd Qh]
Seat 1: BSone (small blind) won 60


Winamax Poker - Tournament "Expresso Nitro" buyIn: 0.93€ + 0.07€ level: 1 - HandId: #4698386955568676865-2-1775912610 - Holdem no limit (10/20) - 2026/04/11 13:03:30 UTC
Table: 'Expresso Nitro(1093928459)#0' 3-max (real money) Seat #1 is the button
Seat 1: BSone (320)
Seat 2: ez4040 (280)
Seat 3: MathisKcr (300)
*** ANTE/BLINDS ***
ez4040 posts small blind 10
MathisKcr posts big blind 20
Dealt to MathisKcr [7c Td]
*** PRE-FLOP *** 
BSone raises 300 to 320 and is all-in
ez4040 calls 270 and is all-in
MathisKcr folds
*** FLOP *** [Jc 2c Qd]
*** TURN *** [Jc 2c Qd][6d]
*** RIVER *** [Jc 2c Qd 6d][2d]
*** SHOW DOWN ***
ez4040 shows [6h 4h] (Two pairs : 6 and 2)
BSone shows [Js Jh] (Full of Jacks and 2)
BSone collected 620 from pot
*** SUMMARY ***
Total pot 620 | No rake
Board: [Jc 2c Qd 6d 2d]
Seat 1: BSone (button) showed [Js Jh] and won 620 with Full of Jacks and 2
Seat 2: ez4040 (small blind) showed [6h 4h] and lost with Two pairs : 6 and 2


Winamax Poker - Tournament "Expresso Nitro" buyIn: 0.93€ + 0.07€ level: 1 - HandId: #4698386955568676865-3-1775912625 - Holdem no limit (10/20) - 2026/04/11 13:03:45 UTC
Table: 'Expresso Nitro(1093928459)#0' 3-max (real money) Seat #3 is the button
Seat 1: BSone (620)
Seat 3: MathisKcr (280)
*** ANTE/BLINDS ***
MathisKcr posts small blind 10
BSone posts big blind 20
Dealt to MathisKcr [5d 6s]
*** PRE-FLOP *** 
MathisKcr raises 260 to 280 and is all-in
BSone folds
MathisKcr collected 300 from pot
*** SUMMARY ***
Total pot 300 | No rake
Seat 3: MathisKcr (small blind) (button) won 300


Winamax Poker - Tournament "Expresso Nitro" buyIn: 0.93€ + 0.07€ level: 1 - HandId: #4698386955568676865-4-1775912635 - Holdem no limit (10/20) - 2026/04/11 13:03:55 UTC
Table: 'Expresso Nitro(1093928459)#0' 3-max (real money) Seat #1 is the button
Seat 1: BSone (600)
Seat 3: MathisKcr (300)
*** ANTE/BLINDS ***
BSone posts small blind 10
MathisKcr posts big blind 20
Dealt to MathisKcr [3s 7c]
*** PRE-FLOP *** 
BSone calls 10
MathisKcr checks
*** FLOP *** [9d Jd 4s]
MathisKcr checks
BSone bets 26
MathisKcr folds
BSone collected 66 from pot
*** SUMMARY ***
Total pot 66 | No rake
Board: [9d Jd 4s]
Seat 1: BSone (small blind) (button) won 66


Winamax Poker - Tournament "Expresso Nitro" buyIn: 0.93€ + 0.07€ level: 1 - HandId: #4698386955568676865-5-1775912647 - Holdem no limit (10/20) - 2026/04/11 13:04:07 UTC
Table: 'Expresso Nitro(1093928459)#0' 3-max (real money) Seat #3 is the button
Seat 1: BSone (620)
Seat 3: MathisKcr (280)
*** ANTE/BLINDS ***
MathisKcr posts small blind 10
BSone posts big blind 20
Dealt to MathisKcr [8d As]
*** PRE-FLOP *** 
MathisKcr raises 260 to 280 and is all-in
BSone calls 260
*** FLOP *** [Ad Qs 5s]
*** TURN *** [Ad Qs 5s][5d]
*** RIVER *** [Ad Qs 5s 5d][3c]
*** SHOW DOWN ***
BSone shows [4h Ks] (One pair : 5)
MathisKcr shows [8d As] (Two pairs : Aces and 5)
MathisKcr collected 560 from pot
*** SUMMARY ***
Total pot 560 | No rake
Board: [Ad Qs 5s 5d 3c]
Seat 1: BSone (big blind) showed [4h Ks] and lost with One pair : 5
Seat 3: MathisKcr (small blind) (button) showed [8d As] and won 560 with Two pairs : Aces and 5


Winamax Poker - Tournament "Expresso Nitro" buyIn: 0.93€ + 0.07€ level: 2 - HandId: #4698386955568676865-6-1775912660 - Holdem no limit (15/30) - 2026/04/11 13:04:20 UTC
Table: 'Expresso Nitro(1093928459)#0' 3-max (real money) Seat #1 is the button
Seat 1: BSone (340)
Seat 3: MathisKcr (560)
*** ANTE/BLINDS ***
BSone posts small blind 15
MathisKcr posts big blind 30
Dealt to MathisKcr [Qc 4h]
*** PRE-FLOP *** 
BSone calls 15
MathisKcr raises 530 to 560 and is all-in
BSone folds
MathisKcr collected 590 from pot
*** SUMMARY ***
Total pot 590 | No rake
Seat 3: MathisKcr (big blind) won 590


Winamax Poker - Tournament "Expresso Nitro" buyIn: 0.93€ + 0.07€ level: 2 - HandId: #4698386955568676865-7-1775912670 - Holdem no limit (15/30) - 2026/04/11 13:04:30 UTC
Table: 'Expresso Nitro(1093928459)#0' 3-max (real money) Seat #3 is the button
Seat 1: BSone (310)
Seat 3: MathisKcr (590)
*** ANTE/BLINDS ***
MathisKcr posts small blind 15
BSone posts big blind 30
Dealt to MathisKcr [Kh 3s]
*** PRE-FLOP *** 
MathisKcr raises 560 to 590 and is all-in
BSone folds
MathisKcr collected 620 from pot
*** SUMMARY ***
Total pot 620 | No rake
Seat 3: MathisKcr (small blind) (button) won 620


Winamax Poker - Tournament "Expresso Nitro" buyIn: 0.93€ + 0.07€ level: 2 - HandId: #4698386955568676865-8-1775912678 - Holdem no limit (15/30) - 2026/04/11 13:04:38 UTC
Table: 'Expresso Nitro(1093928459)#0' 3-max (real money) Seat #1 is the button
Seat 1: BSone (280)
Seat 3: MathisKcr (620)
*** ANTE/BLINDS ***
BSone posts small blind 15
MathisKcr posts big blind 30
Dealt to MathisKcr [Tc 8h]
*** PRE-FLOP *** 
BSone raises 250 to 280 and is all-in
MathisKcr folds
BSone collected 310 from pot
*** SUMMARY ***
Total pot 310 | No rake
Seat 1: BSone (small blind) (button) won 310


Winamax Poker - Tournament "Expresso Nitro" buyIn: 0.93€ + 0.07€ level: 2 - HandId: #4698386955568676865-9-1775912689 - Holdem no limit (15/30) - 2026/04/11 13:04:49 UTC
Table: 'Expresso Nitro(1093928459)#0' 3-max (real money) Seat #3 is the button
Seat 1: BSone (310)
Seat 3: MathisKcr (590)
*** ANTE/BLINDS ***
MathisKcr posts small blind 15
BSone posts big blind 30
Dealt to MathisKcr [Jd 9h]
*** PRE-FLOP *** 
MathisKcr raises 560 to 590 and is all-in
BSone folds
MathisKcr collected 620 from pot
*** SUMMARY ***
Total pot 620 | No rake
Seat 3: MathisKcr (small blind) (button) won 620


Winamax Poker - Tournament "Expresso Nitro" buyIn: 0.93€ + 0.07€ level: 2 - HandId: #4698386955568676865-10-1775912695 - Holdem no limit (15/30) - 2026/04/11 13:04:55 UTC
Table: 'Expresso Nitro(1093928459)#0' 3-max (real money) Seat #1 is the button
Seat 1: BSone (280)
Seat 3: MathisKcr (620)
*** ANTE/BLINDS ***
BSone posts small blind 15
MathisKcr posts big blind 30
Dealt to MathisKcr [Kc Ad]
*** PRE-FLOP *** 
BSone raises 250 to 280 and is all-in
MathisKcr calls 250
*** FLOP *** [Ah Js Qh]
*** TURN *** [Ah Js Qh][9h]
*** RIVER *** [Ah Js Qh 9h][6c]
*** SHOW DOWN ***
BSone shows [Kd 2h] (High card : Ace)
MathisKcr shows [Kc Ad] (One pair : Aces)
MathisKcr collected 560 from pot
*** SUMMARY ***
Total pot 560 | No rake
Board: [Ah Js Qh 9h 6c]
Seat 1: BSone (small blind) (button) showed [Kd 2h] and lost with High card : Ace
Seat 3: MathisKcr (big blind) showed [Kc Ad] and won 560 with One pair : Aces


