Winamax Poker - Tournament "Kill The Fish" buyIn: 0.45€ + 0.05€ level: 1 - HandId: #4565405435120582661-1-1773523810 - Holdem no limit (25/100/200) - 2026/03/14 21:30:10 UTC
Table: 'Kill The Fish(1062966286)#004' 6-max (real money) Seat #2 is the button
Seat 1: MathisKcr (20000, 0.22€ bounty)
Seat 2: nandop (20000, 0.22€ bounty)
Seat 3: lamissdu99 (20000, 0.22€ bounty)
Seat 4: Makimi (20000, 0.22€ bounty)
Seat 5: CallmekArmA (20000, 0.22€ bounty)
Seat 6: Pronos2020 (20000, 0.22€ bounty)
*** ANTE/BLINDS ***
lamissdu99 posts ante 25
Makimi posts ante 25
MathisKcr posts ante 25
nandop posts ante 25
CallmekArmA posts ante 25
Pronos2020 posts ante 25
lamissdu99 posts small blind 100
Makimi posts big blind 200
Dealt to MathisKcr [Tc Qd]
*** PRE-FLOP *** 
CallmekArmA folds
Pronos2020 folds
MathisKcr raises 200 to 400
nandop calls 400
lamissdu99 raises 1550 to 1950
Makimi folds
MathisKcr folds
nandop calls 1550
*** FLOP *** [2d Kc 9d]
lamissdu99 bets 3700
nandop calls 3700
*** TURN *** [2d Kc 9d][5c]
lamissdu99 bets 14325 and is all-in
nandop folds
lamissdu99 collected 26375 from pot
*** SUMMARY ***
Total pot 26375 | No rake
Board: [2d Kc 9d 5c]
Seat 3: lamissdu99 (small blind) won 26375


Winamax Poker - Tournament "Kill The Fish" buyIn: 0.45€ + 0.05€ level: 1 - HandId: #4565405435120582661-2-1773523952 - Holdem no limit (25/100/200) - 2026/03/14 21:32:32 UTC
Table: 'Kill The Fish(1062966286)#004' 6-max (real money) Seat #3 is the button
Seat 1: MathisKcr (19575, 0.22€ bounty)
Seat 2: nandop (14325, 0.22€ bounty)
Seat 3: lamissdu99 (26375, 0.22€ bounty)
Seat 4: Makimi (19775, 0.22€ bounty)
Seat 5: CallmekArmA (19975, 0.22€ bounty)
Seat 6: Pronos2020 (19975, 0.22€ bounty)
*** ANTE/BLINDS ***
Makimi posts ante 25
CallmekArmA posts ante 25
MathisKcr posts ante 25
nandop posts ante 25
lamissdu99 posts ante 25
Pronos2020 posts ante 25
Makimi posts small blind 100
CallmekArmA posts big blind 200
Dealt to MathisKcr [9h 6d]
*** PRE-FLOP *** 
Pronos2020 folds
MathisKcr folds
nandop calls 200
lamissdu99 raises 850 to 1050
Makimi folds
CallmekArmA folds
nandop calls 850
*** FLOP *** [2d 9c Js]
nandop checks
lamissdu99 bets 2550
nandop folds
lamissdu99 collected 5100 from pot
*** SUMMARY ***
Total pot 5100 | No rake
Board: [2d 9c Js]
Seat 3: lamissdu99 (button) won 5100


Winamax Poker - Tournament "Kill The Fish" buyIn: 0.45€ + 0.05€ level: 1 - HandId: #4565405435120582666-2-1773524011 - Holdem no limit (25/100/200) - 2026/03/14 21:33:31 UTC
Table: 'Kill The Fish(1062966286)#009' 6-max (real money) Seat #1 is the button
Seat 1: kanterking (20125, 0.22€ bounty)
Seat 3: Miellat (19775, 0.22€ bounty)
Seat 4: MathisKcr (19550, 0.22€ bounty)
Seat 5: MMWarrior (19775, 0.22€ bounty)
Seat 6: ricardo 09 (19350, 0.22€ bounty)
*** ANTE/BLINDS ***
Miellat posts ante 25
MathisKcr posts ante 25
kanterking posts ante 25
MMWarrior posts ante 25
ricardo 09 posts ante 25
Miellat posts small blind 100
MathisKcr posts big blind 200
Dealt to MathisKcr [Td 7c]
*** PRE-FLOP *** 
MMWarrior calls 200
ricardo 09 calls 200
kanterking folds
Miellat folds
MathisKcr checks
*** FLOP *** [Kd 9d 2h]
MathisKcr checks
MMWarrior bets 289
ricardo 09 calls 289
MathisKcr folds
*** TURN *** [Kd 9d 2h][Jd]
MMWarrior bets 491
ricardo 09 calls 491
*** RIVER *** [Kd 9d 2h Jd][4h]
MMWarrior bets 835
ricardo 09 calls 835
*** SHOW DOWN ***
ricardo 09 shows [Ts Kc] (One pair : Kings)
MMWarrior shows [Kh Ac] (One pair : Kings)
MMWarrior collected 4055 from pot
*** SUMMARY ***
Total pot 4055 | No rake
Board: [Kd 9d 2h Jd 4h]
Seat 5: MMWarrior showed [Kh Ac] and won 4055 with One pair : Kings
Seat 6: ricardo 09 showed [Ts Kc] and lost with One pair : Kings


Winamax Poker - Tournament "Kill The Fish" buyIn: 0.45€ + 0.05€ level: 1 - HandId: #4565405435120582666-3-1773524082 - Holdem no limit (25/100/200) - 2026/03/14 21:34:42 UTC
Table: 'Kill The Fish(1062966286)#009' 6-max (real money) Seat #3 is the button
Seat 1: kanterking (20100, 0.22€ bounty)
Seat 2: lumga65 (20000, 0.22€ bounty)
Seat 3: Miellat (19650, 0.22€ bounty)
Seat 4: MathisKcr (19325, 0.22€ bounty)
Seat 5: MMWarrior (21990, 0.22€ bounty)
Seat 6: ricardo 09 (17510, 0.22€ bounty)
*** ANTE/BLINDS ***
MathisKcr posts ante 25
MMWarrior posts ante 25
kanterking posts ante 25
lumga65 posts ante 25
Miellat posts ante 25
ricardo 09 posts ante 25
MathisKcr posts small blind 100
MMWarrior posts big blind 200
Dealt to MathisKcr [9d 3d]
*** PRE-FLOP *** 
ricardo 09 folds
kanterking folds
lumga65 raises 19775 to 19975 and is all-in
Miellat folds
MathisKcr folds
MMWarrior folds
lumga65 collected 20425 from pot
*** SUMMARY ***
Total pot 20425 | No rake
Seat 2: lumga65 won 20425


Winamax Poker - Tournament "Kill The Fish" buyIn: 0.45€ + 0.05€ level: 1 - HandId: #4565405435120582666-4-1773524151 - Holdem no limit (25/100/200) - 2026/03/14 21:35:51 UTC
Table: 'Kill The Fish(1062966286)#009' 6-max (real money) Seat #4 is the button
Seat 1: kanterking (20075, 0.22€ bounty)
Seat 2: lumga65 (20425, 0.22€ bounty)
Seat 3: Miellat (19625, 0.22€ bounty)
Seat 4: MathisKcr (19200, 0.22€ bounty)
Seat 5: MMWarrior (21765, 0.22€ bounty)
Seat 6: ricardo 09 (17485, 0.22€ bounty)
*** ANTE/BLINDS ***
MMWarrior posts ante 25
ricardo 09 posts ante 25
kanterking posts ante 25
lumga65 posts ante 25
Miellat posts ante 25
MathisKcr posts ante 25
MMWarrior posts small blind 100
ricardo 09 posts big blind 200
Dealt to MathisKcr [7d 8s]
*** PRE-FLOP *** 
kanterking raises 650 to 850
lumga65 calls 850
Miellat folds
MathisKcr folds
MMWarrior raises 650 to 1500
ricardo 09 folds
kanterking calls 650
lumga65 calls 650
*** FLOP *** [Tc 2s Jh]
MMWarrior bets 3153
kanterking folds
lumga65 calls 3153
*** TURN *** [Tc 2s Jh][5s]
MMWarrior bets 17087 and is all-in
lumga65 calls 15747 and is all-in
*** RIVER *** [Tc 2s Jh 5s][Th]
*** SHOW DOWN ***
lumga65 shows [Qs 6s] (One pair : Tens)
MMWarrior shows [Qc Qd] (Two pairs : Queens and Tens)
MMWarrior collected 43990 from pot
*** SUMMARY ***
Total pot 43990 | No rake
Board: [Tc 2s Jh 5s Th]
Seat 2: lumga65 showed [Qs 6s] and lost with One pair : Tens
Seat 5: MMWarrior (small blind) showed [Qc Qd] and won 43990 with Two pairs : Queens and Tens


Winamax Poker - Tournament "Kill The Fish" buyIn: 0.45€ + 0.05€ level: 1 - HandId: #4565405435120582666-5-1773524226 - Holdem no limit (25/100/200) - 2026/03/14 21:37:06 UTC
Table: 'Kill The Fish(1062966286)#009' 6-max (real money) Seat #5 is the button
Seat 1: kanterking (18550, 0.22€ bounty)
Seat 3: Miellat (19600, 0.22€ bounty)
Seat 4: MathisKcr (19175, 0.22€ bounty)
Seat 5: MMWarrior (43990, 0.33€ bounty)
Seat 6: ricardo 09 (17260, 0.22€ bounty)
*** ANTE/BLINDS ***
ricardo 09 posts ante 25
kanterking posts ante 25
Miellat posts ante 25
MathisKcr posts ante 25
MMWarrior posts ante 25
ricardo 09 posts small blind 100
kanterking posts big blind 200
Dealt to MathisKcr [Kd Ks]
*** PRE-FLOP *** 
Miellat folds
MathisKcr raises 200 to 400
MMWarrior calls 400
ricardo 09 calls 300
kanterking folds
*** FLOP *** [Kc Jc 6c]
ricardo 09 checks
MathisKcr bets 534
MMWarrior calls 534
ricardo 09 calls 534
*** TURN *** [Kc Jc 6c][9c]
ricardo 09 checks
MathisKcr bets 18216 and is all-in
MMWarrior folds
ricardo 09 calls 16301 and is all-in
*** RIVER *** [Kc Jc 6c 9c][5c]
*** SHOW DOWN ***
MathisKcr shows [Kd Ks] (Flush King high)
ricardo 09 shows [7d Qc] (Flush King high)
ricardo 09 collected 35729 from main pot
MathisKcr collected 1915 from side pot 1
*** SUMMARY ***
Total pot 37644 | No rake
Board: [Kc Jc 6c 9c 5c]
Seat 4: MathisKcr showed [Kd Ks] and won 1915 with Flush King high
Seat 6: ricardo 09 (small blind) showed [7d Qc] and won 35729 with Flush King high


Winamax Poker - Tournament "Kill The Fish" buyIn: 0.45€ + 0.05€ level: 1 - HandId: #4565405435120582666-6-1773524301 - Holdem no limit (25/100/200) - 2026/03/14 21:38:21 UTC
Table: 'Kill The Fish(1062966286)#009' 6-max (real money) Seat #6 is the button
Seat 1: kanterking (18325, 0.22€ bounty)
Seat 3: Miellat (19575, 0.22€ bounty)
Seat 4: MathisKcr (1915, 0.22€ bounty)
Seat 5: MMWarrior (43031, 0.33€ bounty)
Seat 6: ricardo 09 (35729, 0.22€ bounty)
*** ANTE/BLINDS ***
kanterking posts ante 25
Miellat posts ante 25
MathisKcr posts ante 25
MMWarrior posts ante 25
ricardo 09 posts ante 25
kanterking posts small blind 100
Miellat posts big blind 200
Dealt to MathisKcr [3s 2c]
*** PRE-FLOP *** 
MathisKcr folds
MMWarrior calls 200
ricardo 09 folds
kanterking calls 100
Miellat raises 300 to 500
MMWarrior calls 300
kanterking calls 300
*** FLOP *** [Ts 8h As]
kanterking checks
Miellat bets 1056
MMWarrior folds
kanterking folds
Miellat collected 2681 from pot
*** SUMMARY ***
Total pot 2681 | No rake
Board: [Ts 8h As]
Seat 3: Miellat (big blind) won 2681


Winamax Poker - Tournament "Kill The Fish" buyIn: 0.45€ + 0.05€ level: 1 - HandId: #4565405435120582666-7-1773524348 - Holdem no limit (25/100/200) - 2026/03/14 21:39:08 UTC
Table: 'Kill The Fish(1062966286)#009' 6-max (real money) Seat #1 is the button
Seat 1: kanterking (17800, 0.22€ bounty)
Seat 2: guepard32 (20000, 0.22€ bounty)
Seat 3: Miellat (20675, 0.22€ bounty)
Seat 4: MathisKcr (1890, 0.22€ bounty)
Seat 5: MMWarrior (42506, 0.33€ bounty)
Seat 6: ricardo 09 (35704, 0.22€ bounty)
*** ANTE/BLINDS ***
Miellat posts ante 25
MathisKcr posts ante 25
kanterking posts ante 25
MMWarrior posts ante 25
ricardo 09 posts ante 25
Miellat posts small blind 100
MathisKcr posts big blind 200
Dealt to MathisKcr [6c 2s]
*** PRE-FLOP *** 
MMWarrior calls 200
ricardo 09 folds
kanterking folds
Miellat folds
MathisKcr checks
*** FLOP *** [Tc Ks Ts]
MathisKcr checks
MMWarrior bets 406
MathisKcr raises 1259 to 1665 and is all-in
MMWarrior calls 1259
*** TURN *** [Tc Ks Ts][4d]
*** RIVER *** [Tc Ks Ts 4d][Kh]
*** SHOW DOWN ***
MathisKcr shows [6c 2s] (Two pairs : Kings and Tens)
MMWarrior shows [9d Ac] (Two pairs : Kings and Tens)
MMWarrior collected 3955 from pot
*** SUMMARY ***
Total pot 3955 | No rake
Board: [Tc Ks Ts 4d Kh]
Seat 4: MathisKcr (big blind) showed [6c 2s] and lost with Two pairs : Kings and Tens
Seat 5: MMWarrior showed [9d Ac] and won 3955 with Two pairs : Kings and Tens


