Winamax Poker - CashGame - HandId: #21969462-46-1769003225 - Holdem no limit (0.01€/0.02€) - 2026/01/21 13:47:05 UTC
Table: 'SHORT TRACK 0,10 € 15' 5-max (real money) Seat #4 is the button
Seat 1: bilouki (0.33€)
Seat 2: MathisKcr (0.10€)
Seat 3: lagachette55 (0.25€)
Seat 4: verfrangel (0.17€)
Seat 5: Eikichi95 (0.36€)
*** ANTE/BLINDS ***
Eikichi95 posts small blind 0.01€
bilouki posts big blind 0.02€
MathisKcr posts big blind 0.02€ out of position
Dealt to MathisKcr [Td 9s]
*** PRE-FLOP *** 
MathisKcr checks
verfrangel folds
Eikichi95 folds
bilouki checks
*** FLOP *** [Ks 3d 3c]
bilouki checks
MathisKcr bets 0.04€
bilouki folds
MathisKcr collected 0.09€ from pot
*** SUMMARY ***
Total pot 0.09€ | No rake
Board: [Ks 3d 3c]
Seat 2: MathisKcr won 0.09€


Winamax Poker - CashGame - HandId: #21969462-47-1769003258 - Holdem no limit (0.01€/0.02€) - 2026/01/21 13:47:38 UTC
Table: 'SHORT TRACK 0,10 € 15' 5-max (real money) Seat #5 is the button
Seat 1: bilouki (0.31€)
Seat 2: MathisKcr (0.13€)
Seat 3: FuretFier617 (0.10€)
Seat 4: verfrangel (0.17€)
Seat 5: Eikichi95 (0.35€)
*** ANTE/BLINDS ***
bilouki posts small blind 0.01€
MathisKcr posts big blind 0.02€
FuretFier617 posts big blind 0.02€ out of position
Dealt to MathisKcr [8c 4d]
*** PRE-FLOP *** 
FuretFier617 checks
verfrangel calls 0.02€
Eikichi95 raises 0.33€ to 0.35€ and is all-in
bilouki folds
MathisKcr folds
FuretFier617 calls 0.08€ and is all-in
verfrangel folds
*** FLOP *** [8h 3s 2c]
*** TURN *** [8h 3s 2c][5h]
*** RIVER *** [8h 3s 2c 5h][6s]
*** SHOW DOWN ***
FuretFier617 shows [As Td] (High card : Ace)
Eikichi95 shows [Ad 9s] (High card : Ace)
Eikichi95 collected 0.25€ from side pot 1
FuretFier617 collected 0.24€ from main pot
*** SUMMARY ***
Total pot 0.49€ | Rake 0.01€
Board: [8h 3s 2c 5h 6s]
Seat 3: FuretFier617 showed [As Td] and won 0.24€ with High card : Ace
Seat 5: Eikichi95 (button) showed [Ad 9s] and won 0.25€ with High card : Ace


Winamax Poker - CashGame - HandId: #21969462-48-1769003282 - Holdem no limit (0.01€/0.02€) - 2026/01/21 13:48:02 UTC
Table: 'SHORT TRACK 0,10 € 15' 5-max (real money) Seat #1 is the button
Seat 1: bilouki (0.30€)
Seat 2: MathisKcr (0.11€)
Seat 3: FuretFier617 (0.24€)
Seat 4: verfrangel (0.15€)
Seat 5: Eikichi95 (0.25€)
*** ANTE/BLINDS ***
MathisKcr posts small blind 0.01€
FuretFier617 posts big blind 0.02€
Dealt to MathisKcr [Th Qh]
*** PRE-FLOP *** 
verfrangel folds
Eikichi95 folds
bilouki calls 0.02€
MathisKcr raises 0.09€ to 0.11€ and is all-in
FuretFier617 calls 0.09€
bilouki folds
*** FLOP *** [3d Tc 6d]
*** TURN *** [3d Tc 6d][4c]
*** RIVER *** [3d Tc 6d 4c][Td]
*** SHOW DOWN ***
FuretFier617 shows [6c Ad] (Two pairs : Tens and 6)
MathisKcr shows [Th Qh] (Trips of Tens)
MathisKcr collected 0.23€ from pot
*** SUMMARY ***
Total pot 0.23€ | Rake 0.01€
Board: [3d Tc 6d 4c Td]
Seat 2: MathisKcr (small blind) showed [Th Qh] and won 0.23€ with Trips of Tens
Seat 3: FuretFier617 (big blind) showed [6c Ad] and lost with Two pairs : Tens and 6


Winamax Poker - CashGame - HandId: #21969462-49-1769003318 - Holdem no limit (0.01€/0.02€) - 2026/01/21 13:48:38 UTC
Table: 'SHORT TRACK 0,10 € 15' 5-max (real money) Seat #2 is the button
Seat 1: bilouki (0.28€)
Seat 2: MathisKcr (0.23€)
Seat 3: FuretFier617 (0.13€)
Seat 4: verfrangel (0.15€)
Seat 5: Eikichi95 (0.25€)
*** ANTE/BLINDS ***
FuretFier617 posts small blind 0.01€
verfrangel posts big blind 0.02€
Dealt to MathisKcr [5s 8s]
*** PRE-FLOP *** 
Eikichi95 folds
bilouki raises 0.02€ to 0.04€
MathisKcr folds
FuretFier617 calls 0.03€
verfrangel calls 0.02€
*** FLOP *** [9h 3h Ks]
FuretFier617 checks
verfrangel checks
bilouki bets 0.04€
FuretFier617 calls 0.04€
verfrangel raises 0.07€ to 0.11€ and is all-in
bilouki folds
FuretFier617 calls 0.05€ and is all-in
*** TURN *** [9h 3h Ks][7h]
*** RIVER *** [9h 3h Ks 7h][3s]
*** SHOW DOWN ***
FuretFier617 shows [5d 3d] (Trips of 3)
verfrangel shows [9c 6s] (Two pairs : 9 and 3)
verfrangel collected 0.02€ from side pot 1
FuretFier617 collected 0.32€ from main pot
*** SUMMARY ***
Total pot 0.34€ | Rake 0.02€
Board: [9h 3h Ks 7h 3s]
Seat 3: FuretFier617 (small blind) showed [5d 3d] and won 0.32€ with Trips of 3
Seat 4: verfrangel (big blind) showed [9c 6s] and won 0.02€ with Two pairs : 9 and 3


Winamax Poker - CashGame - HandId: #21969462-50-1769003352 - Holdem no limit (0.01€/0.02€) - 2026/01/21 13:49:12 UTC
Table: 'SHORT TRACK 0,10 € 15' 5-max (real money) Seat #3 is the button
Seat 1: bilouki (0.20€)
Seat 2: MathisKcr (0.23€)
Seat 3: FuretFier617 (0.32€)
Seat 4: verfrangel (0.02€)
Seat 5: Eikichi95 (0.25€)
*** ANTE/BLINDS ***
verfrangel posts small blind 0.01€
Eikichi95 posts big blind 0.02€
Dealt to MathisKcr [7s Ac]
*** PRE-FLOP *** 
bilouki folds
MathisKcr raises 0.21€ to 0.23€ and is all-in
FuretFier617 folds
verfrangel calls 0.01€ and is all-in
Eikichi95 folds
*** FLOP *** [6h 9d 8c]
*** TURN *** [6h 9d 8c][6s]
*** RIVER *** [6h 9d 8c 6s][6d]
*** SHOW DOWN ***
verfrangel shows [Jd Td] (Trips of 6)
MathisKcr shows [7s Ac] (Trips of 6)
MathisKcr collected 0.27€ from pot
*** SUMMARY ***
Total pot 0.27€ | No rake
Board: [6h 9d 8c 6s 6d]
Seat 2: MathisKcr showed [7s Ac] and won 0.27€ with Trips of 6
Seat 4: verfrangel (small blind) showed [Jd Td] and lost with Trips of 6


Winamax Poker - CashGame - HandId: #21969462-51-1769003371 - Holdem no limit (0.01€/0.02€) - 2026/01/21 13:49:31 UTC
Table: 'SHORT TRACK 0,10 € 15' 5-max (real money) Seat #4 is the button
Seat 1: bilouki (0.20€)
Seat 2: MathisKcr (0.27€)
Seat 3: FuretFier617 (0.32€)
Seat 5: Eikichi95 (0.23€)
*** ANTE/BLINDS ***
Eikichi95 posts small blind 0.01€
bilouki posts big blind 0.02€
Dealt to MathisKcr [3c 4s]
*** PRE-FLOP *** 
MathisKcr folds
FuretFier617 folds
Eikichi95 raises 0.21€ to 0.23€ and is all-in
bilouki folds
Eikichi95 collected 0.25€ from pot
*** SUMMARY ***
Total pot 0.25€ | No rake
Seat 5: Eikichi95 (small blind) won 0.25€


Winamax Poker - CashGame - HandId: #21969462-52-1769003395 - Holdem no limit (0.01€/0.02€) - 2026/01/21 13:49:55 UTC
Table: 'SHORT TRACK 0,10 € 15' 5-max (real money) Seat #5 is the button
Seat 1: bilouki (0.18€)
Seat 2: MathisKcr (0.27€)
Seat 3: FuretFier617 (0.32€)
Seat 4: KP-verde974 (0.10€)
Seat 5: Eikichi95 (0.25€)
*** ANTE/BLINDS ***
bilouki posts small blind 0.01€
MathisKcr posts big blind 0.02€
KP-verde974 posts big blind 0.02€ out of position
Dealt to MathisKcr [5s 4d]
*** PRE-FLOP *** 
FuretFier617 folds
KP-verde974 checks
Eikichi95 raises 0.23€ to 0.25€ and is all-in
bilouki folds
MathisKcr folds
KP-verde974 folds
Eikichi95 collected 0.30€ from pot
*** SUMMARY ***
Total pot 0.30€ | No rake
Seat 5: Eikichi95 (button) won 0.30€


Winamax Poker - CashGame - HandId: #21969462-53-1769003442 - Holdem no limit (0.01€/0.02€) - 2026/01/21 13:50:42 UTC
Table: 'SHORT TRACK 0,10 € 15' 5-max (real money) Seat #1 is the button
Seat 1: bilouki (0.17€)
Seat 2: MathisKcr (0.25€)
Seat 3: FuretFier617 (0.32€)
Seat 4: KP-verde974 (0.08€)
Seat 5: Eikichi95 (0.30€)
*** ANTE/BLINDS ***
MathisKcr posts small blind 0.01€
FuretFier617 posts big blind 0.02€
Dealt to MathisKcr [Ah Jc]
*** PRE-FLOP *** 
KP-verde974 folds
Eikichi95 folds
bilouki raises 0.02€ to 0.04€
MathisKcr raises 0.21€ to 0.25€ and is all-in
FuretFier617 calls 0.23€
bilouki calls 0.13€ and is all-in
*** FLOP *** [Qh Td 3h]
*** TURN *** [Qh Td 3h][2h]
*** RIVER *** [Qh Td 3h 2h][3c]
*** SHOW DOWN ***
MathisKcr shows [Ah Jc] (One pair : 3)
bilouki shows [4s 3s] (Trips of 3)
FuretFier617 shows [Th Jd] (Two pairs : Tens and 3)
FuretFier617 collected 0.15€ from side pot 1
bilouki collected 0.48€ from main pot
*** SUMMARY ***
Total pot 0.63€ | Rake 0.04€
Board: [Qh Td 3h 2h 3c]
Seat 1: bilouki (button) showed [4s 3s] and won 0.48€ with Trips of 3
Seat 2: MathisKcr (small blind) showed [Ah Jc] and lost with One pair : 3
Seat 3: FuretFier617 (big blind) showed [Th Jd] and won 0.15€ with Two pairs : Tens and 3


