Winamax Poker - Tournament "Expresso Nitro" buyIn: 0.93€ + 0.07€ level: 1 - HandId: #4603588884087963649-1-1772473541 - Holdem no limit (10/20) - 2026/03/02 17:45:41 UTC
Table: 'Expresso Nitro(1071856563)#0' 3-max (real money) Seat #2 is the button
Seat 1: Clive91 (300)
Seat 2: MathisKcr (300)
Seat 3: PichMaTilt (300)
*** ANTE/BLINDS ***
PichMaTilt posts small blind 10
Clive91 posts big blind 20
Dealt to MathisKcr [2s 6c]
*** PRE-FLOP *** 
MathisKcr folds
PichMaTilt raises 30 to 50
Clive91 calls 30
*** FLOP *** [Qs 9h 4d]
PichMaTilt bets 35
Clive91 calls 35
*** TURN *** [Qs 9h 4d][5d]
PichMaTilt checks
Clive91 bets 59
PichMaTilt folds
Clive91 collected 229 from pot
*** SUMMARY ***
Total pot 229 | No rake
Board: [Qs 9h 4d 5d]
Seat 1: Clive91 (big blind) won 229


Winamax Poker - Tournament "Expresso Nitro" buyIn: 0.93€ + 0.07€ level: 1 - HandId: #4603588884087963649-2-1772473555 - Holdem no limit (10/20) - 2026/03/02 17:45:55 UTC
Table: 'Expresso Nitro(1071856563)#0' 3-max (real money) Seat #3 is the button
Seat 1: Clive91 (385)
Seat 2: MathisKcr (300)
Seat 3: PichMaTilt (215)
*** ANTE/BLINDS ***
Clive91 posts small blind 10
MathisKcr posts big blind 20
Dealt to MathisKcr [Jd 6d]
*** PRE-FLOP *** 
PichMaTilt folds
Clive91 calls 10
MathisKcr checks
*** FLOP *** [5h Ac Ad]
Clive91 bets 20
MathisKcr calls 20
*** TURN *** [5h Ac Ad][Jc]
Clive91 checks
MathisKcr bets 40
Clive91 folds
MathisKcr collected 120 from pot
*** SUMMARY ***
Total pot 120 | No rake
Board: [5h Ac Ad Jc]
Seat 2: MathisKcr (big blind) won 120


Winamax Poker - Tournament "Expresso Nitro" buyIn: 0.93€ + 0.07€ level: 1 - HandId: #4603588884087963649-3-1772473577 - Holdem no limit (10/20) - 2026/03/02 17:46:17 UTC
Table: 'Expresso Nitro(1071856563)#0' 3-max (real money) Seat #1 is the button
Seat 1: Clive91 (345)
Seat 2: MathisKcr (340)
Seat 3: PichMaTilt (215)
*** ANTE/BLINDS ***
MathisKcr posts small blind 10
PichMaTilt posts big blind 20
Dealt to MathisKcr [3c 8h]
*** PRE-FLOP *** 
Clive91 calls 20
MathisKcr folds
PichMaTilt checks
*** FLOP *** [8s 4h 6d]
PichMaTilt checks
Clive91 checks
*** TURN *** [8s 4h 6d][Kc]
PichMaTilt checks
Clive91 checks
*** RIVER *** [8s 4h 6d Kc][Kh]
PichMaTilt checks
Clive91 checks
*** SHOW DOWN ***
PichMaTilt shows [5d Jh] (One pair : Kings)
Clive91 shows [Ad 2c] (One pair : Kings)
Clive91 collected 50 from pot
*** SUMMARY ***
Total pot 50 | No rake
Board: [8s 4h 6d Kc Kh]
Seat 1: Clive91 (button) showed [Ad 2c] and won 50 with One pair : Kings
Seat 3: PichMaTilt (big blind) showed [5d Jh] and lost with One pair : Kings


Winamax Poker - Tournament "Expresso Nitro" buyIn: 0.93€ + 0.07€ level: 2 - HandId: #4603588884087963649-4-1772473600 - Holdem no limit (15/30) - 2026/03/02 17:46:40 UTC
Table: 'Expresso Nitro(1071856563)#0' 3-max (real money) Seat #2 is the button
Seat 1: Clive91 (375)
Seat 2: MathisKcr (330)
Seat 3: PichMaTilt (195)
*** ANTE/BLINDS ***
PichMaTilt posts small blind 15
Clive91 posts big blind 30
Dealt to MathisKcr [Kh Kd]
*** PRE-FLOP *** 
MathisKcr raises 300 to 330 and is all-in
PichMaTilt calls 180 and is all-in
Clive91 folds
*** FLOP *** [3s 8c Qh]
*** TURN *** [3s 8c Qh][Ac]
*** RIVER *** [3s 8c Qh Ac][6d]
*** SHOW DOWN ***
MathisKcr shows [Kh Kd] (One pair : Kings)
PichMaTilt shows [8h 8d] (Trips of 8)
PichMaTilt collected 420 from main pot
MathisKcr collected 135 from side pot 1
*** SUMMARY ***
Total pot 555 | No rake
Board: [3s 8c Qh Ac 6d]
Seat 2: MathisKcr (button) showed [Kh Kd] and won 135 with One pair : Kings
Seat 3: PichMaTilt (small blind) showed [8h 8d] and won 420 with Trips of 8


Winamax Poker - Tournament "Expresso Nitro" buyIn: 0.93€ + 0.07€ level: 2 - HandId: #4603588884087963649-5-1772473617 - Holdem no limit (15/30) - 2026/03/02 17:46:57 UTC
Table: 'Expresso Nitro(1071856563)#0' 3-max (real money) Seat #3 is the button
Seat 1: Clive91 (345)
Seat 2: MathisKcr (135)
Seat 3: PichMaTilt (420)
*** ANTE/BLINDS ***
Clive91 posts small blind 15
MathisKcr posts big blind 30
Dealt to MathisKcr [6c 3s]
*** PRE-FLOP *** 
PichMaTilt raises 45 to 75
Clive91 calls 60
MathisKcr folds
*** FLOP *** [5h 8c 9s]
Clive91 checks
PichMaTilt bets 345 and is all-in
Clive91 folds
PichMaTilt collected 525 from pot
*** SUMMARY ***
Total pot 525 | No rake
Board: [5h 8c 9s]
Seat 3: PichMaTilt (button) won 525


Winamax Poker - Tournament "Expresso Nitro" buyIn: 0.93€ + 0.07€ level: 2 - HandId: #4603588884087963649-6-1772473633 - Holdem no limit (15/30) - 2026/03/02 17:47:13 UTC
Table: 'Expresso Nitro(1071856563)#0' 3-max (real money) Seat #1 is the button
Seat 1: Clive91 (270)
Seat 2: MathisKcr (105)
Seat 3: PichMaTilt (525)
*** ANTE/BLINDS ***
MathisKcr posts small blind 15
PichMaTilt posts big blind 30
Dealt to MathisKcr [4s 9c]
*** PRE-FLOP *** 
Clive91 folds
MathisKcr calls 15
PichMaTilt checks
*** FLOP *** [3h Ad 3s]
MathisKcr bets 75 and is all-in
PichMaTilt folds
MathisKcr collected 135 from pot
*** SUMMARY ***
Total pot 135 | No rake
Board: [3h Ad 3s]
Seat 2: MathisKcr (small blind) won 135


Winamax Poker - Tournament "Expresso Nitro" buyIn: 0.93€ + 0.07€ level: 3 - HandId: #4603588884087963649-7-1772473670 - Holdem no limit (20/40) - 2026/03/02 17:47:50 UTC
Table: 'Expresso Nitro(1071856563)#0' 3-max (real money) Seat #2 is the button
Seat 1: Clive91 (270)
Seat 2: MathisKcr (135)
Seat 3: PichMaTilt (495)
*** ANTE/BLINDS ***
PichMaTilt posts small blind 20
Clive91 posts big blind 40
Dealt to MathisKcr [5d Kc]
*** PRE-FLOP *** 
MathisKcr raises 95 to 135 and is all-in
PichMaTilt folds
Clive91 raises 135 to 270 and is all-in
*** FLOP *** [6h 7h 9d]
*** TURN *** [6h 7h 9d][As]
*** RIVER *** [6h 7h 9d As][Ah]
*** SHOW DOWN ***
MathisKcr shows [5d Kc] (One pair : Aces)
Clive91 shows [Qh Qs] (Two pairs : Aces and Queens)
Clive91 collected 425 from pot
*** SUMMARY ***
Total pot 425 | No rake
Board: [6h 7h 9d As Ah]
Seat 1: Clive91 (big blind) showed [Qh Qs] and won 425 with Two pairs : Aces and Queens
Seat 2: MathisKcr (button) showed [5d Kc] and lost with One pair : Aces


