Winamax Poker - Tournament "Expresso Nitro" buyIn: 0.93€ + 0.07€ level: 1 - HandId: #4576001106554912769-1-1771341852 - Holdem no limit (10/20) - 2026/02/17 15:24:12 UTC
Table: 'Expresso Nitro(1065433283)#0' 3-max (real money) Seat #3 is the button
Seat 1: Crabe.800107 (300)
Seat 2: MathisKcr (300)
Seat 3: Kentintsz (300)
*** ANTE/BLINDS ***
Crabe.800107 posts small blind 10
MathisKcr posts big blind 20
Dealt to MathisKcr [5s 5h]
*** PRE-FLOP *** 
Kentintsz calls 20
Crabe.800107 folds
MathisKcr raises 30 to 50
Kentintsz calls 30
*** FLOP *** [7d 3c Jd]
MathisKcr bets 55
Kentintsz folds
MathisKcr collected 165 from pot
*** SUMMARY ***
Total pot 165 | No rake
Board: [7d 3c Jd]
Seat 2: MathisKcr (big blind) won 165


Winamax Poker - Tournament "Expresso Nitro" buyIn: 0.93€ + 0.07€ level: 1 - HandId: #4576001106554912769-2-1771341875 - Holdem no limit (10/20) - 2026/02/17 15:24:35 UTC
Table: 'Expresso Nitro(1065433283)#0' 3-max (real money) Seat #1 is the button
Seat 1: Crabe.800107 (290)
Seat 2: MathisKcr (360)
Seat 3: Kentintsz (250)
*** ANTE/BLINDS ***
MathisKcr posts small blind 10
Kentintsz posts big blind 20
Dealt to MathisKcr [Tc Ad]
*** PRE-FLOP *** 
Crabe.800107 folds
MathisKcr raises 30 to 50
Kentintsz folds
MathisKcr collected 70 from pot
*** SUMMARY ***
Total pot 70 | No rake
Seat 2: MathisKcr (small blind) won 70


Winamax Poker - Tournament "Expresso Nitro" buyIn: 0.93€ + 0.07€ level: 1 - HandId: #4576001106554912769-3-1771341887 - Holdem no limit (10/20) - 2026/02/17 15:24:47 UTC
Table: 'Expresso Nitro(1065433283)#0' 3-max (real money) Seat #2 is the button
Seat 1: Crabe.800107 (290)
Seat 2: MathisKcr (380)
Seat 3: Kentintsz (230)
*** ANTE/BLINDS ***
Kentintsz posts small blind 10
Crabe.800107 posts big blind 20
Dealt to MathisKcr [Kc Td]
*** PRE-FLOP *** 
MathisKcr raises 30 to 50
Kentintsz folds
Crabe.800107 calls 30
*** FLOP *** [5h 7d As]
Crabe.800107 checks
MathisKcr checks
*** TURN *** [5h 7d As][3h]
Crabe.800107 checks
MathisKcr checks
*** RIVER *** [5h 7d As 3h][2c]
Crabe.800107 bets 72
MathisKcr calls 72
*** SHOW DOWN ***
MathisKcr shows [Kc Td] (High card : Ace)
Crabe.800107 shows [Ah 4h] (Straight 5 high)
Crabe.800107 collected 254 from pot
*** SUMMARY ***
Total pot 254 | No rake
Board: [5h 7d As 3h 2c]
Seat 1: Crabe.800107 (big blind) showed [Ah 4h] and won 254 with Straight 5 high
Seat 2: MathisKcr (button) showed [Kc Td] and lost with High card : Ace


Winamax Poker - Tournament "Expresso Nitro" buyIn: 0.93€ + 0.07€ level: 2 - HandId: #4576001106554912769-4-1771341911 - Holdem no limit (15/30) - 2026/02/17 15:25:11 UTC
Table: 'Expresso Nitro(1065433283)#0' 3-max (real money) Seat #3 is the button
Seat 1: Crabe.800107 (422)
Seat 2: MathisKcr (258)
Seat 3: Kentintsz (220)
*** ANTE/BLINDS ***
Crabe.800107 posts small blind 15
MathisKcr posts big blind 30
Dealt to MathisKcr [Ts Jh]
*** PRE-FLOP *** 
Kentintsz raises 190 to 220 and is all-in
Crabe.800107 folds
MathisKcr calls 190
*** FLOP *** [7s Ad Th]
*** TURN *** [7s Ad Th][5s]
*** RIVER *** [7s Ad Th 5s][8h]
*** SHOW DOWN ***
Kentintsz shows [Qd Kc] (High card : Ace)
MathisKcr shows [Ts Jh] (One pair : Tens)
MathisKcr collected 455 from pot
*** SUMMARY ***
Total pot 455 | No rake
Board: [7s Ad Th 5s 8h]
Seat 2: MathisKcr (big blind) showed [Ts Jh] and won 455 with One pair : Tens
Seat 3: Kentintsz (button) showed [Qd Kc] and lost with High card : Ace


Winamax Poker - Tournament "Expresso Nitro" buyIn: 0.93€ + 0.07€ level: 2 - HandId: #4576001106554912769-5-1771341927 - Holdem no limit (15/30) - 2026/02/17 15:25:27 UTC
Table: 'Expresso Nitro(1065433283)#0' 3-max (real money) Seat #2 is the button
Seat 1: Crabe.800107 (407)
Seat 2: MathisKcr (493)
*** ANTE/BLINDS ***
MathisKcr posts small blind 15
Crabe.800107 posts big blind 30
Dealt to MathisKcr [7c 9d]
*** PRE-FLOP *** 
MathisKcr calls 15
Crabe.800107 checks
*** FLOP *** [Ks 3s Qh]
Crabe.800107 checks
MathisKcr bets 60
Crabe.800107 calls 60
*** TURN *** [Ks 3s Qh][8s]
Crabe.800107 checks
MathisKcr checks
*** RIVER *** [Ks 3s Qh 8s][5s]
Crabe.800107 bets 317 and is all-in
MathisKcr folds
Crabe.800107 collected 497 from pot
*** SUMMARY ***
Total pot 497 | No rake
Board: [Ks 3s Qh 8s 5s]
Seat 1: Crabe.800107 (big blind) won 497


Winamax Poker - Tournament "Expresso Nitro" buyIn: 0.93€ + 0.07€ level: 2 - HandId: #4576001106554912769-6-1771341948 - Holdem no limit (15/30) - 2026/02/17 15:25:48 UTC
Table: 'Expresso Nitro(1065433283)#0' 3-max (real money) Seat #1 is the button
Seat 1: Crabe.800107 (497)
Seat 2: MathisKcr (403)
*** ANTE/BLINDS ***
Crabe.800107 posts small blind 15
MathisKcr posts big blind 30
Dealt to MathisKcr [2h Qh]
*** PRE-FLOP *** 
Crabe.800107 calls 15
MathisKcr checks
*** FLOP *** [8d 2s 6s]
MathisKcr checks
Crabe.800107 checks
*** TURN *** [8d 2s 6s][3s]
MathisKcr checks
Crabe.800107 checks
*** RIVER *** [8d 2s 6s 3s][7h]
MathisKcr checks
Crabe.800107 checks
*** SHOW DOWN ***
Crabe.800107 shows [Ks 4d] (High card : King)
MathisKcr shows [2h Qh] (One pair : 2)
MathisKcr collected 60 from pot
*** SUMMARY ***
Total pot 60 | No rake
Board: [8d 2s 6s 3s 7h]
Seat 1: Crabe.800107 (small blind) (button) showed [Ks 4d] and lost with High card : King
Seat 2: MathisKcr (big blind) showed [2h Qh] and won 60 with One pair : 2


Winamax Poker - Tournament "Expresso Nitro" buyIn: 0.93€ + 0.07€ level: 2 - HandId: #4576001106554912769-7-1771341966 - Holdem no limit (15/30) - 2026/02/17 15:26:06 UTC
Table: 'Expresso Nitro(1065433283)#0' 3-max (real money) Seat #2 is the button
Seat 1: Crabe.800107 (467)
Seat 2: MathisKcr (433)
*** ANTE/BLINDS ***
MathisKcr posts small blind 15
Crabe.800107 posts big blind 30
Dealt to MathisKcr [7c Kd]
*** PRE-FLOP *** 
MathisKcr raises 30 to 60
Crabe.800107 calls 30
*** FLOP *** [8s 7d Ts]
Crabe.800107 checks
MathisKcr bets 60
Crabe.800107 folds
MathisKcr collected 180 from pot
*** SUMMARY ***
Total pot 180 | No rake
Board: [8s 7d Ts]
Seat 2: MathisKcr (small blind) (button) won 180


Winamax Poker - Tournament "Expresso Nitro" buyIn: 0.93€ + 0.07€ level: 3 - HandId: #4576001106554912769-8-1771341980 - Holdem no limit (20/40) - 2026/02/17 15:26:20 UTC
Table: 'Expresso Nitro(1065433283)#0' 3-max (real money) Seat #1 is the button
Seat 1: Crabe.800107 (407)
Seat 2: MathisKcr (493)
*** ANTE/BLINDS ***
Crabe.800107 posts small blind 20
MathisKcr posts big blind 40
Dealt to MathisKcr [4s 6d]
*** PRE-FLOP *** 
Crabe.800107 raises 40 to 80
MathisKcr calls 40
*** FLOP *** [3s 9h 7s]
MathisKcr bets 80
Crabe.800107 calls 80
*** TURN *** [3s 9h 7s][Jh]
MathisKcr checks
Crabe.800107 bets 208
MathisKcr folds
Crabe.800107 collected 528 from pot
*** SUMMARY ***
Total pot 528 | No rake
Board: [3s 9h 7s Jh]
Seat 1: Crabe.800107 (small blind) (button) won 528


Winamax Poker - Tournament "Expresso Nitro" buyIn: 0.93€ + 0.07€ level: 3 - HandId: #4576001106554912769-9-1771341997 - Holdem no limit (20/40) - 2026/02/17 15:26:37 UTC
Table: 'Expresso Nitro(1065433283)#0' 3-max (real money) Seat #2 is the button
Seat 1: Crabe.800107 (567)
Seat 2: MathisKcr (333)
*** ANTE/BLINDS ***
MathisKcr posts small blind 20
Crabe.800107 posts big blind 40
Dealt to MathisKcr [Qd 4d]
*** PRE-FLOP *** 
MathisKcr raises 40 to 80
Crabe.800107 calls 40
*** FLOP *** [Ah 8s Kh]
Crabe.800107 checks
MathisKcr checks
*** TURN *** [Ah 8s Kh][Td]
Crabe.800107 checks
MathisKcr checks
*** RIVER *** [Ah 8s Kh Td][Ks]
Crabe.800107 checks
MathisKcr checks
*** SHOW DOWN ***
Crabe.800107 shows [9h 3h] (One pair : Kings)
MathisKcr shows [Qd 4d] (One pair : Kings)
MathisKcr collected 160 from pot
*** SUMMARY ***
Total pot 160 | No rake
Board: [Ah 8s Kh Td Ks]
Seat 1: Crabe.800107 (big blind) showed [9h 3h] and lost with One pair : Kings
Seat 2: MathisKcr (small blind) (button) showed [Qd 4d] and won 160 with One pair : Kings


Winamax Poker - Tournament "Expresso Nitro" buyIn: 0.93€ + 0.07€ level: 3 - HandId: #4576001106554912769-10-1771342011 - Holdem no limit (20/40) - 2026/02/17 15:26:51 UTC
Table: 'Expresso Nitro(1065433283)#0' 3-max (real money) Seat #1 is the button
Seat 1: Crabe.800107 (487)
Seat 2: MathisKcr (413)
*** ANTE/BLINDS ***
Crabe.800107 posts small blind 20
MathisKcr posts big blind 40
Dealt to MathisKcr [9d Qh]
*** PRE-FLOP *** 
Crabe.800107 calls 20
MathisKcr raises 60 to 100
Crabe.800107 folds
MathisKcr collected 140 from pot
*** SUMMARY ***
Total pot 140 | No rake
Seat 2: MathisKcr (big blind) won 140


Winamax Poker - Tournament "Expresso Nitro" buyIn: 0.93€ + 0.07€ level: 3 - HandId: #4576001106554912769-11-1771342021 - Holdem no limit (20/40) - 2026/02/17 15:27:01 UTC
Table: 'Expresso Nitro(1065433283)#0' 3-max (real money) Seat #2 is the button
Seat 1: Crabe.800107 (447)
Seat 2: MathisKcr (453)
*** ANTE/BLINDS ***
MathisKcr posts small blind 20
Crabe.800107 posts big blind 40
Dealt to MathisKcr [Qh 5c]
*** PRE-FLOP *** 
MathisKcr raises 40 to 80
Crabe.800107 folds
MathisKcr collected 120 from pot
*** SUMMARY ***
Total pot 120 | No rake
Seat 2: MathisKcr (small blind) (button) won 120


Winamax Poker - Tournament "Expresso Nitro" buyIn: 0.93€ + 0.07€ level: 3 - HandId: #4576001106554912769-12-1771342029 - Holdem no limit (20/40) - 2026/02/17 15:27:09 UTC
Table: 'Expresso Nitro(1065433283)#0' 3-max (real money) Seat #1 is the button
Seat 1: Crabe.800107 (407)
Seat 2: MathisKcr (493)
*** ANTE/BLINDS ***
Crabe.800107 posts small blind 20
MathisKcr posts big blind 40
Dealt to MathisKcr [Ad 4s]
*** PRE-FLOP *** 
Crabe.800107 calls 20
MathisKcr raises 40 to 80
Crabe.800107 calls 40
*** FLOP *** [3d 5s Jh]
MathisKcr bets 100
Crabe.800107 folds
MathisKcr collected 260 from pot
*** SUMMARY ***
Total pot 260 | No rake
Board: [3d 5s Jh]
Seat 2: MathisKcr (big blind) won 260


Winamax Poker - Tournament "Expresso Nitro" buyIn: 0.93€ + 0.07€ level: 4 - HandId: #4576001106554912769-13-1771342041 - Holdem no limit (30/60) - 2026/02/17 15:27:21 UTC
Table: 'Expresso Nitro(1065433283)#0' 3-max (real money) Seat #2 is the button
Seat 1: Crabe.800107 (327)
Seat 2: MathisKcr (573)
*** ANTE/BLINDS ***
MathisKcr posts small blind 30
Crabe.800107 posts big blind 60
Dealt to MathisKcr [Kd Qd]
*** PRE-FLOP *** 
MathisKcr raises 90 to 150
Crabe.800107 raises 177 to 327 and is all-in
MathisKcr calls 177
*** FLOP *** [Qh Ts Jd]
*** TURN *** [Qh Ts Jd][8c]
*** RIVER *** [Qh Ts Jd 8c][6d]
*** SHOW DOWN ***
MathisKcr shows [Kd Qd] (One pair : Queens)
Crabe.800107 shows [Th Td] (Trips of Tens)
Crabe.800107 collected 654 from pot
*** SUMMARY ***
Total pot 654 | No rake
Board: [Qh Ts Jd 8c 6d]
Seat 1: Crabe.800107 (big blind) showed [Th Td] and won 654 with Trips of Tens
Seat 2: MathisKcr (small blind) (button) showed [Kd Qd] and lost with One pair : Queens


Winamax Poker - Tournament "Expresso Nitro" buyIn: 0.93€ + 0.07€ level: 4 - HandId: #4576001106554912769-14-1771342055 - Holdem no limit (30/60) - 2026/02/17 15:27:35 UTC
Table: 'Expresso Nitro(1065433283)#0' 3-max (real money) Seat #1 is the button
Seat 1: Crabe.800107 (654)
Seat 2: MathisKcr (246)
*** ANTE/BLINDS ***
Crabe.800107 posts small blind 30
MathisKcr posts big blind 60
Dealt to MathisKcr [3h 9c]
*** PRE-FLOP *** 
Crabe.800107 calls 30
MathisKcr checks
*** FLOP *** [9h Th Ks]
MathisKcr bets 186 and is all-in
Crabe.800107 calls 186
*** TURN *** [9h Th Ks][Kd]
*** RIVER *** [9h Th Ks Kd][7d]
*** SHOW DOWN ***
MathisKcr shows [3h 9c] (Two pairs : Kings and 9)
Crabe.800107 shows [Td 6h] (Two pairs : Kings and Tens)
Crabe.800107 collected 492 from pot
*** SUMMARY ***
Total pot 492 | No rake
Board: [9h Th Ks Kd 7d]
Seat 1: Crabe.800107 (small blind) (button) showed [Td 6h] and won 492 with Two pairs : Kings and Tens
Seat 2: MathisKcr (big blind) showed [3h 9c] and lost with Two pairs : Kings and 9


