Winamax Poker - Tournament "Expresso Nitro" buyIn: 0.93€ + 0.07€ level: 1 - HandId: #4654836249180241921-1-1774254031 - Holdem no limit (10/20) - 2026/03/23 08:20:31 UTC
Table: 'Expresso Nitro(1083788520)#0' 3-max (real money) Seat #2 is the button
Seat 1: R.zdi77z (300)
Seat 2: MathisKcr (300)
Seat 3: Loiseau1971 (300)
*** ANTE/BLINDS ***
Loiseau1971 posts small blind 10
R.zdi77z posts big blind 20
Dealt to MathisKcr [Ts 8c]
*** PRE-FLOP *** 
MathisKcr raises 40 to 60
Loiseau1971 calls 50
R.zdi77z calls 40
*** FLOP *** [Jd Ah Jc]
Loiseau1971 checks
R.zdi77z checks
MathisKcr bets 240 and is all-in
Loiseau1971 folds
R.zdi77z folds
MathisKcr collected 420 from pot
*** SUMMARY ***
Total pot 420 | No rake
Board: [Jd Ah Jc]
Seat 2: MathisKcr (button) won 420


Winamax Poker - Tournament "Expresso Nitro" buyIn: 0.93€ + 0.07€ level: 1 - HandId: #4654836249180241921-2-1774254058 - Holdem no limit (10/20) - 2026/03/23 08:20:58 UTC
Table: 'Expresso Nitro(1083788520)#0' 3-max (real money) Seat #3 is the button
Seat 1: R.zdi77z (240)
Seat 2: MathisKcr (420)
Seat 3: Loiseau1971 (240)
*** ANTE/BLINDS ***
R.zdi77z posts small blind 10
MathisKcr posts big blind 20
Dealt to MathisKcr [2c 4h]
*** PRE-FLOP *** 
Loiseau1971 raises 40 to 60
R.zdi77z calls 50
MathisKcr folds
*** FLOP *** [8h Ts Kc]
R.zdi77z checks
Loiseau1971 bets 49
R.zdi77z raises 49 to 98
Loiseau1971 raises 82 to 180 and is all-in
R.zdi77z calls 82 and is all-in
*** TURN *** [8h Ts Kc][2h]
*** RIVER *** [8h Ts Kc 2h][Td]
*** SHOW DOWN ***
R.zdi77z shows [Qc 8c] (Two pairs : Tens and 8)
Loiseau1971 shows [Ks Ah] (Two pairs : Kings and Tens)
Loiseau1971 collected 500 from pot
*** SUMMARY ***
Total pot 500 | No rake
Board: [8h Ts Kc 2h Td]
Seat 1: R.zdi77z (small blind) showed [Qc 8c] and lost with Two pairs : Tens and 8
Seat 3: Loiseau1971 (button) showed [Ks Ah] and won 500 with Two pairs : Kings and Tens


Winamax Poker - Tournament "Expresso Nitro" buyIn: 0.93€ + 0.07€ level: 1 - HandId: #4654836249180241921-3-1774254087 - Holdem no limit (10/20) - 2026/03/23 08:21:27 UTC
Table: 'Expresso Nitro(1083788520)#0' 3-max (real money) Seat #2 is the button
Seat 2: MathisKcr (400)
Seat 3: Loiseau1971 (500)
*** ANTE/BLINDS ***
MathisKcr posts small blind 10
Loiseau1971 posts big blind 20
Dealt to MathisKcr [Ad Ac]
*** PRE-FLOP *** 
MathisKcr calls 10
Loiseau1971 raises 40 to 60
MathisKcr calls 40
*** FLOP *** [2c 6h 3d]
Loiseau1971 bets 42
MathisKcr calls 42
*** TURN *** [2c 6h 3d][Th]
Loiseau1971 checks
MathisKcr bets 50
Loiseau1971 calls 50
*** RIVER *** [2c 6h 3d Th][Kh]
Loiseau1971 checks
MathisKcr bets 248 and is all-in
Loiseau1971 folds
MathisKcr collected 552 from pot
*** SUMMARY ***
Total pot 552 | No rake
Board: [2c 6h 3d Th Kh]
Seat 2: MathisKcr (small blind) (button) won 552


Winamax Poker - Tournament "Expresso Nitro" buyIn: 0.93€ + 0.07€ level: 2 - HandId: #4654836249180241921-4-1774254118 - Holdem no limit (15/30) - 2026/03/23 08:21:58 UTC
Table: 'Expresso Nitro(1083788520)#0' 3-max (real money) Seat #3 is the button
Seat 2: MathisKcr (552)
Seat 3: Loiseau1971 (348)
*** ANTE/BLINDS ***
Loiseau1971 posts small blind 15
MathisKcr posts big blind 30
Dealt to MathisKcr [Qd Ks]
*** PRE-FLOP *** 
Loiseau1971 raises 318 to 348 and is all-in
MathisKcr calls 318
*** FLOP *** [3h 8s 7c]
*** TURN *** [3h 8s 7c][4c]
*** RIVER *** [3h 8s 7c 4c][Ad]
*** SHOW DOWN ***
MathisKcr shows [Qd Ks] (High card : Ace)
Loiseau1971 shows [8h Ah] (Two pairs : Aces and 8)
Loiseau1971 collected 696 from pot
*** SUMMARY ***
Total pot 696 | No rake
Board: [3h 8s 7c 4c Ad]
Seat 2: MathisKcr (big blind) showed [Qd Ks] and lost with High card : Ace
Seat 3: Loiseau1971 (small blind) (button) showed [8h Ah] and won 696 with Two pairs : Aces and 8


Winamax Poker - Tournament "Expresso Nitro" buyIn: 0.93€ + 0.07€ level: 2 - HandId: #4654836249180241921-5-1774254129 - Holdem no limit (15/30) - 2026/03/23 08:22:09 UTC
Table: 'Expresso Nitro(1083788520)#0' 3-max (real money) Seat #2 is the button
Seat 2: MathisKcr (204)
Seat 3: Loiseau1971 (696)
*** ANTE/BLINDS ***
MathisKcr posts small blind 15
Loiseau1971 posts big blind 30
Dealt to MathisKcr [Th Js]
*** PRE-FLOP *** 
MathisKcr raises 174 to 204 and is all-in
Loiseau1971 calls 174
*** FLOP *** [As 3s 5d]
*** TURN *** [As 3s 5d][5h]
*** RIVER *** [As 3s 5d 5h][2d]
*** SHOW DOWN ***
Loiseau1971 shows [9d 6h] (One pair : 5)
MathisKcr shows [Th Js] (One pair : 5)
MathisKcr collected 408 from pot
*** SUMMARY ***
Total pot 408 | No rake
Board: [As 3s 5d 5h 2d]
Seat 2: MathisKcr (small blind) (button) showed [Th Js] and won 408 with One pair : 5
Seat 3: Loiseau1971 (big blind) showed [9d 6h] and lost with One pair : 5


Winamax Poker - Tournament "Expresso Nitro" buyIn: 0.93€ + 0.07€ level: 2 - HandId: #4654836249180241921-6-1774254142 - Holdem no limit (15/30) - 2026/03/23 08:22:22 UTC
Table: 'Expresso Nitro(1083788520)#0' 3-max (real money) Seat #3 is the button
Seat 2: MathisKcr (408)
Seat 3: Loiseau1971 (492)
*** ANTE/BLINDS ***
Loiseau1971 posts small blind 15
MathisKcr posts big blind 30
Dealt to MathisKcr [4d 9h]
*** PRE-FLOP *** 
Loiseau1971 raises 45 to 75
MathisKcr folds
Loiseau1971 collected 105 from pot
*** SUMMARY ***
Total pot 105 | No rake
Seat 3: Loiseau1971 (small blind) (button) won 105


Winamax Poker - Tournament "Expresso Nitro" buyIn: 0.93€ + 0.07€ level: 3 - HandId: #4654836249180241921-7-1774254149 - Holdem no limit (20/40) - 2026/03/23 08:22:29 UTC
Table: 'Expresso Nitro(1083788520)#0' 3-max (real money) Seat #2 is the button
Seat 2: MathisKcr (378)
Seat 3: Loiseau1971 (522)
*** ANTE/BLINDS ***
MathisKcr posts small blind 20
Loiseau1971 posts big blind 40
Dealt to MathisKcr [8c 4c]
*** PRE-FLOP *** 
MathisKcr calls 20
Loiseau1971 checks
*** FLOP *** [Ts Th 3s]
Loiseau1971 checks
MathisKcr bets 80
Loiseau1971 calls 80
*** TURN *** [Ts Th 3s][8h]
Loiseau1971 checks
MathisKcr bets 84
Loiseau1971 raises 88 to 172
MathisKcr raises 86 to 258 and is all-in
Loiseau1971 calls 86
*** RIVER *** [Ts Th 3s 8h][Td]
*** SHOW DOWN ***
MathisKcr shows [8c 4c] (Full of Tens and 8)
Loiseau1971 shows [Tc 9c] (Quads of Tens)
Loiseau1971 collected 756 from pot
*** SUMMARY ***
Total pot 756 | No rake
Board: [Ts Th 3s 8h Td]
Seat 2: MathisKcr (small blind) (button) showed [8c 4c] and lost with Full of Tens and 8
Seat 3: Loiseau1971 (big blind) showed [Tc 9c] and won 756 with Quads of Tens


