Winamax Poker - Tournament "Expresso Nitro" buyIn: 0.93€ + 0.07€ level: 1 - HandId: #4672422710033252353-1-1774950453 - Holdem no limit (10/20) - 2026/03/31 09:47:33 UTC
Table: 'Expresso Nitro(1087883187)#0' 3-max (real money) Seat #3 is the button
Seat 1: Patiju (300)
Seat 2: DavidBoss680 (300)
Seat 3: MathisKcr (300)
*** ANTE/BLINDS ***
Patiju posts small blind 10
DavidBoss680 posts big blind 20
Dealt to MathisKcr [As 7d]
*** PRE-FLOP *** 
MathisKcr raises 20 to 40
Patiju calls 30
DavidBoss680 folds
*** FLOP *** [9c Ad 3c]
Patiju bets 35
MathisKcr raises 225 to 260 and is all-in
Patiju calls 225 and is all-in
*** TURN *** [9c Ad 3c][8c]
*** RIVER *** [9c Ad 3c 8c][2h]
*** SHOW DOWN ***
Patiju shows [9h Th] (One pair : 9)
MathisKcr shows [As 7d] (One pair : Aces)
MathisKcr collected 620 from pot
*** SUMMARY ***
Total pot 620 | No rake
Board: [9c Ad 3c 8c 2h]
Seat 1: Patiju (small blind) showed [9h Th] and lost with One pair : 9
Seat 3: MathisKcr (button) showed [As 7d] and won 620 with One pair : Aces


Winamax Poker - Tournament "Expresso Nitro" buyIn: 0.93€ + 0.07€ level: 1 - HandId: #4672422710033252353-2-1774950475 - Holdem no limit (10/20) - 2026/03/31 09:47:55 UTC
Table: 'Expresso Nitro(1087883187)#0' 3-max (real money) Seat #2 is the button
Seat 2: DavidBoss680 (280)
Seat 3: MathisKcr (620)
*** ANTE/BLINDS ***
DavidBoss680 posts small blind 10
MathisKcr posts big blind 20
Dealt to MathisKcr [Qh Kh]
*** PRE-FLOP *** 
DavidBoss680 calls 10
MathisKcr raises 600 to 620 and is all-in
DavidBoss680 folds
MathisKcr collected 640 from pot
*** SUMMARY ***
Total pot 640 | No rake
Seat 3: MathisKcr (big blind) won 640


Winamax Poker - Tournament "Expresso Nitro" buyIn: 0.93€ + 0.07€ level: 1 - HandId: #4672422710033252353-3-1774950483 - Holdem no limit (10/20) - 2026/03/31 09:48:03 UTC
Table: 'Expresso Nitro(1087883187)#0' 3-max (real money) Seat #3 is the button
Seat 2: DavidBoss680 (260)
Seat 3: MathisKcr (640)
*** ANTE/BLINDS ***
MathisKcr posts small blind 10
DavidBoss680 posts big blind 20
Dealt to MathisKcr [3d 8d]
*** PRE-FLOP *** 
MathisKcr folds
DavidBoss680 collected 30 from pot
*** SUMMARY ***
Total pot 30 | No rake
Seat 2: DavidBoss680 (big blind) won 30


Winamax Poker - Tournament "Expresso Nitro" buyIn: 0.93€ + 0.07€ level: 1 - HandId: #4672422710033252353-4-1774950489 - Holdem no limit (10/20) - 2026/03/31 09:48:09 UTC
Table: 'Expresso Nitro(1087883187)#0' 3-max (real money) Seat #2 is the button
Seat 2: DavidBoss680 (270)
Seat 3: MathisKcr (630)
*** ANTE/BLINDS ***
DavidBoss680 posts small blind 10
MathisKcr posts big blind 20
Dealt to MathisKcr [8s 9d]
*** PRE-FLOP *** 
DavidBoss680 calls 10
MathisKcr checks
*** FLOP *** [Th 2c 8h]
MathisKcr bets 26
DavidBoss680 folds
MathisKcr collected 66 from pot
*** SUMMARY ***
Total pot 66 | No rake
Board: [Th 2c 8h]
Seat 3: MathisKcr (big blind) won 66


Winamax Poker - Tournament "Expresso Nitro" buyIn: 0.93€ + 0.07€ level: 1 - HandId: #4672422710033252353-5-1774950500 - Holdem no limit (10/20) - 2026/03/31 09:48:20 UTC
Table: 'Expresso Nitro(1087883187)#0' 3-max (real money) Seat #3 is the button
Seat 2: DavidBoss680 (250)
Seat 3: MathisKcr (650)
*** ANTE/BLINDS ***
MathisKcr posts small blind 10
DavidBoss680 posts big blind 20
Dealt to MathisKcr [3d 8c]
*** PRE-FLOP *** 
MathisKcr folds
DavidBoss680 collected 30 from pot
*** SUMMARY ***
Total pot 30 | No rake
Seat 2: DavidBoss680 (big blind) won 30


Winamax Poker - Tournament "Expresso Nitro" buyIn: 0.93€ + 0.07€ level: 1 - HandId: #4672422710033252353-6-1774950504 - Holdem no limit (10/20) - 2026/03/31 09:48:24 UTC
Table: 'Expresso Nitro(1087883187)#0' 3-max (real money) Seat #2 is the button
Seat 2: DavidBoss680 (260)
Seat 3: MathisKcr (640)
*** ANTE/BLINDS ***
DavidBoss680 posts small blind 10
MathisKcr posts big blind 20
Dealt to MathisKcr [2s Qh]
*** PRE-FLOP *** 
DavidBoss680 folds
MathisKcr collected 30 from pot
*** SUMMARY ***
Total pot 30 | No rake
Seat 3: MathisKcr (big blind) won 30


Winamax Poker - Tournament "Expresso Nitro" buyIn: 0.93€ + 0.07€ level: 1 - HandId: #4672422710033252353-7-1774950509 - Holdem no limit (10/20) - 2026/03/31 09:48:29 UTC
Table: 'Expresso Nitro(1087883187)#0' 3-max (real money) Seat #3 is the button
Seat 2: DavidBoss680 (250)
Seat 3: MathisKcr (650)
*** ANTE/BLINDS ***
MathisKcr posts small blind 10
DavidBoss680 posts big blind 20
Dealt to MathisKcr [5d 7h]
*** PRE-FLOP *** 
MathisKcr folds
DavidBoss680 collected 30 from pot
*** SUMMARY ***
Total pot 30 | No rake
Seat 2: DavidBoss680 (big blind) won 30


Winamax Poker - Tournament "Expresso Nitro" buyIn: 0.93€ + 0.07€ level: 2 - HandId: #4672422710033252353-8-1774950514 - Holdem no limit (15/30) - 2026/03/31 09:48:34 UTC
Table: 'Expresso Nitro(1087883187)#0' 3-max (real money) Seat #2 is the button
Seat 2: DavidBoss680 (260)
Seat 3: MathisKcr (640)
*** ANTE/BLINDS ***
DavidBoss680 posts small blind 15
MathisKcr posts big blind 30
Dealt to MathisKcr [7s 8d]
*** PRE-FLOP *** 
DavidBoss680 calls 15
MathisKcr checks
*** FLOP *** [Ad 6d 3c]
MathisKcr bets 30
DavidBoss680 calls 30
*** TURN *** [Ad 6d 3c][As]
MathisKcr checks
DavidBoss680 bets 30
MathisKcr folds
DavidBoss680 collected 150 from pot
*** SUMMARY ***
Total pot 150 | No rake
Board: [Ad 6d 3c As]
Seat 2: DavidBoss680 (small blind) (button) won 150


Winamax Poker - Tournament "Expresso Nitro" buyIn: 0.93€ + 0.07€ level: 2 - HandId: #4672422710033252353-9-1774950537 - Holdem no limit (15/30) - 2026/03/31 09:48:57 UTC
Table: 'Expresso Nitro(1087883187)#0' 3-max (real money) Seat #3 is the button
Seat 2: DavidBoss680 (320)
Seat 3: MathisKcr (580)
*** ANTE/BLINDS ***
MathisKcr posts small blind 15
DavidBoss680 posts big blind 30
Dealt to MathisKcr [Kd 6s]
*** PRE-FLOP *** 
MathisKcr raises 550 to 580 and is all-in
DavidBoss680 folds
MathisKcr collected 610 from pot
*** SUMMARY ***
Total pot 610 | No rake
Seat 3: MathisKcr (small blind) (button) won 610


Winamax Poker - Tournament "Expresso Nitro" buyIn: 0.93€ + 0.07€ level: 2 - HandId: #4672422710033252353-10-1774950549 - Holdem no limit (15/30) - 2026/03/31 09:49:09 UTC
Table: 'Expresso Nitro(1087883187)#0' 3-max (real money) Seat #2 is the button
Seat 2: DavidBoss680 (290)
Seat 3: MathisKcr (610)
*** ANTE/BLINDS ***
DavidBoss680 posts small blind 15
MathisKcr posts big blind 30
Dealt to MathisKcr [7d Jd]
*** PRE-FLOP *** 
DavidBoss680 folds
MathisKcr collected 45 from pot
*** SUMMARY ***
Total pot 45 | No rake
Seat 3: MathisKcr (big blind) won 45


Winamax Poker - Tournament "Expresso Nitro" buyIn: 0.93€ + 0.07€ level: 2 - HandId: #4672422710033252353-11-1774950556 - Holdem no limit (15/30) - 2026/03/31 09:49:16 UTC
Table: 'Expresso Nitro(1087883187)#0' 3-max (real money) Seat #3 is the button
Seat 2: DavidBoss680 (275)
Seat 3: MathisKcr (625)
*** ANTE/BLINDS ***
MathisKcr posts small blind 15
DavidBoss680 posts big blind 30
Dealt to MathisKcr [Tc 6h]
*** PRE-FLOP *** 
MathisKcr folds
DavidBoss680 collected 45 from pot
*** SUMMARY ***
Total pot 45 | No rake
Seat 2: DavidBoss680 (big blind) won 45


Winamax Poker - Tournament "Expresso Nitro" buyIn: 0.93€ + 0.07€ level: 2 - HandId: #4672422710033252353-12-1774950560 - Holdem no limit (15/30) - 2026/03/31 09:49:20 UTC
Table: 'Expresso Nitro(1087883187)#0' 3-max (real money) Seat #2 is the button
Seat 2: DavidBoss680 (290)
Seat 3: MathisKcr (610)
*** ANTE/BLINDS ***
DavidBoss680 posts small blind 15
MathisKcr posts big blind 30
Dealt to MathisKcr [Td 2c]
*** PRE-FLOP *** 
DavidBoss680 calls 15
MathisKcr checks
*** FLOP *** [Th 9s Qh]
MathisKcr bets 60
DavidBoss680 folds
MathisKcr collected 120 from pot
*** SUMMARY ***
Total pot 120 | No rake
Board: [Th 9s Qh]
Seat 3: MathisKcr (big blind) won 120


Winamax Poker - Tournament "Expresso Nitro" buyIn: 0.93€ + 0.07€ level: 3 - HandId: #4672422710033252353-13-1774950572 - Holdem no limit (20/40) - 2026/03/31 09:49:32 UTC
Table: 'Expresso Nitro(1087883187)#0' 3-max (real money) Seat #3 is the button
Seat 2: DavidBoss680 (260)
Seat 3: MathisKcr (640)
*** ANTE/BLINDS ***
MathisKcr posts small blind 20
DavidBoss680 posts big blind 40
Dealt to MathisKcr [As 6h]
*** PRE-FLOP *** 
MathisKcr raises 600 to 640 and is all-in
DavidBoss680 folds
MathisKcr collected 680 from pot
*** SUMMARY ***
Total pot 680 | No rake
Seat 3: MathisKcr (small blind) (button) won 680


Winamax Poker - Tournament "Expresso Nitro" buyIn: 0.93€ + 0.07€ level: 3 - HandId: #4672422710033252353-14-1774950582 - Holdem no limit (20/40) - 2026/03/31 09:49:42 UTC
Table: 'Expresso Nitro(1087883187)#0' 3-max (real money) Seat #2 is the button
Seat 2: DavidBoss680 (220)
Seat 3: MathisKcr (680)
*** ANTE/BLINDS ***
DavidBoss680 posts small blind 20
MathisKcr posts big blind 40
Dealt to MathisKcr [Td Qh]
*** PRE-FLOP *** 
DavidBoss680 calls 20
MathisKcr raises 640 to 680 and is all-in
DavidBoss680 calls 180 and is all-in
*** FLOP *** [Js 8s 9h]
*** TURN *** [Js 8s 9h][9s]
*** RIVER *** [Js 8s 9h 9s][5d]
*** SHOW DOWN ***
DavidBoss680 shows [Kc Ah] (One pair : 9)
MathisKcr shows [Td Qh] (Straight Queen high)
MathisKcr collected 900 from pot
*** SUMMARY ***
Total pot 900 | No rake
Board: [Js 8s 9h 9s 5d]
Seat 2: DavidBoss680 (small blind) (button) showed [Kc Ah] and lost with One pair : 9
Seat 3: MathisKcr (big blind) showed [Td Qh] and won 900 with Straight Queen high


