Winamax Poker - Tournament "Expresso Nitro" buyIn: 0.23€ + 0.02€ level: 1 - HandId: #4494730734652620801-1-1768319056 - Holdem no limit (10/20) - 2026/01/13 15:44:16 UTC
Table: 'Expresso Nitro(1046511050)#0' 3-max (real money) Seat #1 is the button
Seat 1: Tropleindrix (300)
Seat 2: MathisKcr (300)
Seat 3: DieuDu420FR (300)
*** ANTE/BLINDS ***
MathisKcr posts small blind 10
DieuDu420FR posts big blind 20
Dealt to MathisKcr [6s Ac]
*** PRE-FLOP *** 
Tropleindrix folds
MathisKcr raises 280 to 300 and is all-in
DieuDu420FR folds
MathisKcr collected 320 from pot
*** SUMMARY ***
Total pot 320 | No rake
Seat 2: MathisKcr (small blind) won 320


Winamax Poker - Tournament "Expresso Nitro" buyIn: 0.23€ + 0.02€ level: 1 - HandId: #4494730734652620801-2-1768319066 - Holdem no limit (10/20) - 2026/01/13 15:44:26 UTC
Table: 'Expresso Nitro(1046511050)#0' 3-max (real money) Seat #2 is the button
Seat 1: Tropleindrix (300)
Seat 2: MathisKcr (320)
Seat 3: DieuDu420FR (280)
*** ANTE/BLINDS ***
DieuDu420FR posts small blind 10
Tropleindrix posts big blind 20
Dealt to MathisKcr [Qc Td]
*** PRE-FLOP *** 
MathisKcr raises 20 to 40
DieuDu420FR calls 30
Tropleindrix folds
*** FLOP *** [9d Tc 4c]
DieuDu420FR checks
MathisKcr bets 40
DieuDu420FR folds
MathisKcr collected 140 from pot
*** SUMMARY ***
Total pot 140 | No rake
Board: [9d Tc 4c]
Seat 2: MathisKcr (button) won 140


Winamax Poker - Tournament "Expresso Nitro" buyIn: 0.23€ + 0.02€ level: 1 - HandId: #4494730734652620801-3-1768319089 - Holdem no limit (10/20) - 2026/01/13 15:44:49 UTC
Table: 'Expresso Nitro(1046511050)#0' 3-max (real money) Seat #3 is the button
Seat 1: Tropleindrix (280)
Seat 2: MathisKcr (380)
Seat 3: DieuDu420FR (240)
*** ANTE/BLINDS ***
Tropleindrix posts small blind 10
MathisKcr posts big blind 20
Dealt to MathisKcr [Ac 8c]
*** PRE-FLOP *** 
DieuDu420FR folds
Tropleindrix calls 10
MathisKcr raises 40 to 60
Tropleindrix calls 40
*** FLOP *** [Jd Qs Qc]
Tropleindrix checks
MathisKcr bets 60
Tropleindrix folds
MathisKcr collected 180 from pot
*** SUMMARY ***
Total pot 180 | No rake
Board: [Jd Qs Qc]
Seat 2: MathisKcr (big blind) won 180


Winamax Poker - Tournament "Expresso Nitro" buyIn: 0.23€ + 0.02€ level: 2 - HandId: #4494730734652620801-4-1768319119 - Holdem no limit (15/30) - 2026/01/13 15:45:19 UTC
Table: 'Expresso Nitro(1046511050)#0' 3-max (real money) Seat #1 is the button
Seat 1: Tropleindrix (220)
Seat 2: MathisKcr (440)
Seat 3: DieuDu420FR (240)
*** ANTE/BLINDS ***
MathisKcr posts small blind 15
DieuDu420FR posts big blind 30
Dealt to MathisKcr [Ks Qh]
*** PRE-FLOP *** 
Tropleindrix folds
MathisKcr raises 30 to 60
DieuDu420FR folds
MathisKcr collected 90 from pot
*** SUMMARY ***
Total pot 90 | No rake
Seat 2: MathisKcr (small blind) won 90


Winamax Poker - Tournament "Expresso Nitro" buyIn: 0.23€ + 0.02€ level: 2 - HandId: #4494730734652620801-5-1768319131 - Holdem no limit (15/30) - 2026/01/13 15:45:31 UTC
Table: 'Expresso Nitro(1046511050)#0' 3-max (real money) Seat #2 is the button
Seat 1: Tropleindrix (220)
Seat 2: MathisKcr (470)
Seat 3: DieuDu420FR (210)
*** ANTE/BLINDS ***
DieuDu420FR posts small blind 15
Tropleindrix posts big blind 30
Dealt to MathisKcr [Jc 6c]
*** PRE-FLOP *** 
MathisKcr raises 30 to 60
DieuDu420FR raises 150 to 210 and is all-in
Tropleindrix folds
MathisKcr folds
DieuDu420FR shows [3d 6d] (High card : 6)
DieuDu420FR collected 300 from pot
*** SUMMARY ***
Total pot 300 | No rake
Seat 3: DieuDu420FR (small blind) showed [3d 6d] and won 300 with High card : 6


Winamax Poker - Tournament "Expresso Nitro" buyIn: 0.23€ + 0.02€ level: 2 - HandId: #4494730734652620801-6-1768319154 - Holdem no limit (15/30) - 2026/01/13 15:45:54 UTC
Table: 'Expresso Nitro(1046511050)#0' 3-max (real money) Seat #3 is the button
Seat 1: Tropleindrix (190)
Seat 2: MathisKcr (410)
Seat 3: DieuDu420FR (300)
*** ANTE/BLINDS ***
Tropleindrix posts small blind 15
MathisKcr posts big blind 30
Dealt to MathisKcr [Td 9c]
*** PRE-FLOP *** 
DieuDu420FR folds
Tropleindrix folds
MathisKcr collected 45 from pot
*** SUMMARY ***
Total pot 45 | No rake
Seat 2: MathisKcr (big blind) won 45


Winamax Poker - Tournament "Expresso Nitro" buyIn: 0.23€ + 0.02€ level: 3 - HandId: #4494730734652620801-7-1768319179 - Holdem no limit (20/40) - 2026/01/13 15:46:19 UTC
Table: 'Expresso Nitro(1046511050)#0' 3-max (real money) Seat #1 is the button
Seat 1: Tropleindrix (175)
Seat 2: MathisKcr (425)
Seat 3: DieuDu420FR (300)
*** ANTE/BLINDS ***
MathisKcr posts small blind 20
DieuDu420FR posts big blind 40
Dealt to MathisKcr [6h 3c]
*** PRE-FLOP *** 
Tropleindrix folds
MathisKcr raises 80 to 120
DieuDu420FR folds
MathisKcr collected 160 from pot
*** SUMMARY ***
Total pot 160 | No rake
Seat 2: MathisKcr (small blind) won 160


Winamax Poker - Tournament "Expresso Nitro" buyIn: 0.23€ + 0.02€ level: 3 - HandId: #4494730734652620801-8-1768319198 - Holdem no limit (20/40) - 2026/01/13 15:46:38 UTC
Table: 'Expresso Nitro(1046511050)#0' 3-max (real money) Seat #2 is the button
Seat 1: Tropleindrix (175)
Seat 2: MathisKcr (465)
Seat 3: DieuDu420FR (260)
*** ANTE/BLINDS ***
DieuDu420FR posts small blind 20
Tropleindrix posts big blind 40
Dealt to MathisKcr [4s Jc]
*** PRE-FLOP *** 
MathisKcr raises 80 to 120
DieuDu420FR raises 140 to 260 and is all-in
Tropleindrix folds
MathisKcr calls 140
*** FLOP *** [5c 2d 4c]
*** TURN *** [5c 2d 4c][2h]
*** RIVER *** [5c 2d 4c 2h][Ac]
*** SHOW DOWN ***
DieuDu420FR shows [Ks 9d] (One pair : 2)
MathisKcr shows [4s Jc] (Two pairs : 4 and 2)
MathisKcr collected 560 from pot
*** SUMMARY ***
Total pot 560 | No rake
Board: [5c 2d 4c 2h Ac]
Seat 2: MathisKcr (button) showed [4s Jc] and won 560 with Two pairs : 4 and 2
Seat 3: DieuDu420FR (small blind) showed [Ks 9d] and lost with One pair : 2


Winamax Poker - Tournament "Expresso Nitro" buyIn: 0.23€ + 0.02€ level: 3 - HandId: #4494730734652620801-9-1768319217 - Holdem no limit (20/40) - 2026/01/13 15:46:57 UTC
Table: 'Expresso Nitro(1046511050)#0' 3-max (real money) Seat #1 is the button
Seat 1: Tropleindrix (135)
Seat 2: MathisKcr (765)
*** ANTE/BLINDS ***
Tropleindrix posts small blind 20
MathisKcr posts big blind 40
Dealt to MathisKcr [Th 2h]
*** PRE-FLOP *** 
Tropleindrix folds
MathisKcr collected 60 from pot
*** SUMMARY ***
Total pot 60 | No rake
Seat 2: MathisKcr (big blind) won 60


Winamax Poker - Tournament "Expresso Nitro" buyIn: 0.23€ + 0.02€ level: 3 - HandId: #4494730734652620801-10-1768319224 - Holdem no limit (20/40) - 2026/01/13 15:47:04 UTC
Table: 'Expresso Nitro(1046511050)#0' 3-max (real money) Seat #2 is the button
Seat 1: Tropleindrix (115)
Seat 2: MathisKcr (785)
*** ANTE/BLINDS ***
MathisKcr posts small blind 20
Tropleindrix posts big blind 40
Dealt to MathisKcr [5h Js]
*** PRE-FLOP *** 
MathisKcr raises 40 to 80
Tropleindrix raises 35 to 115 and is all-in
MathisKcr calls 35
*** FLOP *** [Kh 4s Ts]
*** TURN *** [Kh 4s Ts][7h]
*** RIVER *** [Kh 4s Ts 7h][5d]
*** SHOW DOWN ***
Tropleindrix shows [Ac Jc] (High card : Ace)
MathisKcr shows [5h Js] (One pair : 5)
MathisKcr collected 230 from pot
*** SUMMARY ***
Total pot 230 | No rake
Board: [Kh 4s Ts 7h 5d]
Seat 1: Tropleindrix (big blind) showed [Ac Jc] and lost with High card : Ace
Seat 2: MathisKcr (small blind) (button) showed [5h Js] and won 230 with One pair : 5


