Winamax Poker - Tournament "Expresso Nitro" buyIn: 0.93€ + 0.07€ level: 1 - HandId: #4573655934152212481-1-1771256693 - Holdem no limit (10/20) - 2026/02/16 15:44:53 UTC
Table: 'Expresso Nitro(1064887255)#0' 3-max (real money) Seat #2 is the button
Seat 1: Elvekio4435 (300)
Seat 2: Thacat (300)
Seat 3: MathisKcr (300)
*** ANTE/BLINDS ***
MathisKcr posts small blind 10
Elvekio4435 posts big blind 20
Dealt to MathisKcr [Tc Ks]
*** PRE-FLOP *** 
Thacat raises 20 to 40
MathisKcr calls 30
Elvekio4435 calls 20
*** FLOP *** [Ad 9s Kh]
MathisKcr checks
Elvekio4435 checks
Thacat bets 42
MathisKcr calls 42
Elvekio4435 folds
*** TURN *** [Ad 9s Kh][9c]
MathisKcr checks
Thacat checks
*** RIVER *** [Ad 9s Kh 9c][5h]
MathisKcr bets 71
Thacat calls 71
*** SHOW DOWN ***
Thacat shows [Jd Jh] (Two pairs : Jacks and 9)
MathisKcr shows [Tc Ks] (Two pairs : Kings and 9)
MathisKcr collected 346 from pot
*** SUMMARY ***
Total pot 346 | No rake
Board: [Ad 9s Kh 9c 5h]
Seat 2: Thacat (button) showed [Jd Jh] and lost with Two pairs : Jacks and 9
Seat 3: MathisKcr (small blind) showed [Tc Ks] and won 346 with Two pairs : Kings and 9


Winamax Poker - Tournament "Expresso Nitro" buyIn: 0.93€ + 0.07€ level: 1 - HandId: #4573655934152212481-2-1771256736 - Holdem no limit (10/20) - 2026/02/16 15:45:36 UTC
Table: 'Expresso Nitro(1064887255)#0' 3-max (real money) Seat #3 is the button
Seat 1: Elvekio4435 (260)
Seat 2: Thacat (147)
Seat 3: MathisKcr (493)
*** ANTE/BLINDS ***
Elvekio4435 posts small blind 10
Thacat posts big blind 20
Dealt to MathisKcr [Qh 2s]
*** PRE-FLOP *** 
MathisKcr folds
Elvekio4435 calls 10
Thacat raises 40 to 60
Elvekio4435 folds
Thacat collected 80 from pot
*** SUMMARY ***
Total pot 80 | No rake
Seat 2: Thacat (big blind) won 80


Winamax Poker - Tournament "Expresso Nitro" buyIn: 0.93€ + 0.07€ level: 2 - HandId: #4573655934152212481-3-1771256751 - Holdem no limit (15/30) - 2026/02/16 15:45:51 UTC
Table: 'Expresso Nitro(1064887255)#0' 3-max (real money) Seat #1 is the button
Seat 1: Elvekio4435 (240)
Seat 2: Thacat (167)
Seat 3: MathisKcr (493)
*** ANTE/BLINDS ***
Thacat posts small blind 15
MathisKcr posts big blind 30
Dealt to MathisKcr [Qd 2c]
*** PRE-FLOP *** 
Elvekio4435 folds
Thacat folds
MathisKcr collected 45 from pot
*** SUMMARY ***
Total pot 45 | No rake
Seat 3: MathisKcr (big blind) won 45


Winamax Poker - Tournament "Expresso Nitro" buyIn: 0.93€ + 0.07€ level: 2 - HandId: #4573655934152212481-4-1771256760 - Holdem no limit (15/30) - 2026/02/16 15:46:00 UTC
Table: 'Expresso Nitro(1064887255)#0' 3-max (real money) Seat #2 is the button
Seat 1: Elvekio4435 (240)
Seat 2: Thacat (152)
Seat 3: MathisKcr (508)
*** ANTE/BLINDS ***
MathisKcr posts small blind 15
Elvekio4435 posts big blind 30
Dealt to MathisKcr [4c Th]
*** PRE-FLOP *** 
Thacat raises 122 to 152 and is all-in
MathisKcr folds
Elvekio4435 folds
Thacat collected 197 from pot
*** SUMMARY ***
Total pot 197 | No rake
Seat 2: Thacat (button) won 197


Winamax Poker - Tournament "Expresso Nitro" buyIn: 0.93€ + 0.07€ level: 2 - HandId: #4573655934152212481-5-1771256769 - Holdem no limit (15/30) - 2026/02/16 15:46:09 UTC
Table: 'Expresso Nitro(1064887255)#0' 3-max (real money) Seat #3 is the button
Seat 1: Elvekio4435 (210)
Seat 2: Thacat (197)
Seat 3: MathisKcr (493)
*** ANTE/BLINDS ***
Elvekio4435 posts small blind 15
Thacat posts big blind 30
Dealt to MathisKcr [Tc Js]
*** PRE-FLOP *** 
MathisKcr raises 30 to 60
Elvekio4435 raises 30 to 90
Thacat folds
MathisKcr calls 30
*** FLOP *** [Th 2d 8c]
Elvekio4435 checks
MathisKcr bets 60
Elvekio4435 calls 60
*** TURN *** [Th 2d 8c][8h]
Elvekio4435 bets 60 and is all-in
MathisKcr calls 60
*** RIVER *** [Th 2d 8c 8h][8s]
*** SHOW DOWN ***
Elvekio4435 shows [4s 4h] (Full of 8 and 4)
MathisKcr shows [Tc Js] (Full of 8 and Tens)
MathisKcr collected 450 from pot
*** SUMMARY ***
Total pot 450 | No rake
Board: [Th 2d 8c 8h 8s]
Seat 1: Elvekio4435 (small blind) showed [4s 4h] and lost with Full of 8 and 4
Seat 3: MathisKcr (button) showed [Tc Js] and won 450 with Full of 8 and Tens


Winamax Poker - Tournament "Expresso Nitro" buyIn: 0.93€ + 0.07€ level: 2 - HandId: #4573655934152212481-6-1771256796 - Holdem no limit (15/30) - 2026/02/16 15:46:36 UTC
Table: 'Expresso Nitro(1064887255)#0' 3-max (real money) Seat #2 is the button
Seat 2: Thacat (167)
Seat 3: MathisKcr (733)
*** ANTE/BLINDS ***
Thacat posts small blind 15
MathisKcr posts big blind 30
Dealt to MathisKcr [Qd 6s]
*** PRE-FLOP *** 
Thacat folds
MathisKcr collected 45 from pot
*** SUMMARY ***
Total pot 45 | No rake
Seat 3: MathisKcr (big blind) won 45


Winamax Poker - Tournament "Expresso Nitro" buyIn: 0.93€ + 0.07€ level: 2 - HandId: #4573655934152212481-7-1771256801 - Holdem no limit (15/30) - 2026/02/16 15:46:41 UTC
Table: 'Expresso Nitro(1064887255)#0' 3-max (real money) Seat #3 is the button
Seat 2: Thacat (152)
Seat 3: MathisKcr (748)
*** ANTE/BLINDS ***
MathisKcr posts small blind 15
Thacat posts big blind 30
Dealt to MathisKcr [Jc 3c]
*** PRE-FLOP *** 
MathisKcr raises 30 to 60
Thacat folds
MathisKcr collected 90 from pot
*** SUMMARY ***
Total pot 90 | No rake
Seat 3: MathisKcr (small blind) (button) won 90


Winamax Poker - Tournament "Expresso Nitro" buyIn: 0.93€ + 0.07€ level: 2 - HandId: #4573655934152212481-8-1771256809 - Holdem no limit (15/30) - 2026/02/16 15:46:49 UTC
Table: 'Expresso Nitro(1064887255)#0' 3-max (real money) Seat #2 is the button
Seat 2: Thacat (122)
Seat 3: MathisKcr (778)
*** ANTE/BLINDS ***
Thacat posts small blind 15
MathisKcr posts big blind 30
Dealt to MathisKcr [Ah 2h]
*** PRE-FLOP *** 
Thacat raises 92 to 122 and is all-in
MathisKcr calls 92
*** FLOP *** [Js As 5s]
*** TURN *** [Js As 5s][7h]
*** RIVER *** [Js As 5s 7h][4h]
*** SHOW DOWN ***
Thacat shows [Td 9h] (High card : Ace)
MathisKcr shows [Ah 2h] (One pair : Aces)
MathisKcr collected 244 from pot
*** SUMMARY ***
Total pot 244 | No rake
Board: [Js As 5s 7h 4h]
Seat 2: Thacat (small blind) (button) showed [Td 9h] and lost with High card : Ace
Seat 3: MathisKcr (big blind) showed [Ah 2h] and won 244 with One pair : Aces


