Winamax Poker - Tournament "Expresso Nitro" buyIn: 0.93€ + 0.07€ level: 1 - HandId: #4667959637717286913-1-1774774410 - Holdem no limit (10/20) - 2026/03/29 08:53:30 UTC
Table: 'Expresso Nitro(1086844047)#0' 3-max (real money) Seat #3 is the button
Seat 1: Vendeur2Reve (300)
Seat 2: logo time (300)
Seat 3: MathisKcr (300)
*** ANTE/BLINDS ***
Vendeur2Reve posts small blind 10
logo time posts big blind 20
Dealt to MathisKcr [Js 9s]
*** PRE-FLOP *** 
MathisKcr raises 20 to 40
Vendeur2Reve folds
logo time folds
MathisKcr collected 70 from pot
*** SUMMARY ***
Total pot 70 | No rake
Seat 3: MathisKcr (button) won 70


Winamax Poker - Tournament "Expresso Nitro" buyIn: 0.93€ + 0.07€ level: 1 - HandId: #4667959637717286913-2-1774774424 - Holdem no limit (10/20) - 2026/03/29 08:53:44 UTC
Table: 'Expresso Nitro(1086844047)#0' 3-max (real money) Seat #1 is the button
Seat 1: Vendeur2Reve (290)
Seat 2: logo time (280)
Seat 3: MathisKcr (330)
*** ANTE/BLINDS ***
logo time posts small blind 10
MathisKcr posts big blind 20
Dealt to MathisKcr [Kc 6c]
*** PRE-FLOP *** 
Vendeur2Reve folds
logo time folds
MathisKcr collected 30 from pot
*** SUMMARY ***
Total pot 30 | No rake
Seat 3: MathisKcr (big blind) won 30


Winamax Poker - Tournament "Expresso Nitro" buyIn: 0.93€ + 0.07€ level: 1 - HandId: #4667959637717286913-3-1774774431 - Holdem no limit (10/20) - 2026/03/29 08:53:51 UTC
Table: 'Expresso Nitro(1086844047)#0' 3-max (real money) Seat #2 is the button
Seat 1: Vendeur2Reve (290)
Seat 2: logo time (270)
Seat 3: MathisKcr (340)
*** ANTE/BLINDS ***
MathisKcr posts small blind 10
Vendeur2Reve posts big blind 20
Dealt to MathisKcr [Ah 2d]
*** PRE-FLOP *** 
logo time folds
MathisKcr raises 320 to 340 and is all-in
Vendeur2Reve calls 270 and is all-in
*** FLOP *** [4c 2c Ac]
*** TURN *** [4c 2c Ac][3d]
*** RIVER *** [4c 2c Ac 3d][7h]
*** SHOW DOWN ***
Vendeur2Reve shows [Ts Tc] (One pair : Tens)
MathisKcr shows [Ah 2d] (Two pairs : Aces and 2)
MathisKcr collected 630 from pot
*** SUMMARY ***
Total pot 630 | No rake
Board: [4c 2c Ac 3d 7h]
Seat 1: Vendeur2Reve (big blind) showed [Ts Tc] and lost with One pair : Tens
Seat 3: MathisKcr (small blind) showed [Ah 2d] and won 630 with Two pairs : Aces and 2


Winamax Poker - Tournament "Expresso Nitro" buyIn: 0.93€ + 0.07€ level: 1 - HandId: #4667959637717286913-4-1774774455 - Holdem no limit (10/20) - 2026/03/29 08:54:15 UTC
Table: 'Expresso Nitro(1086844047)#0' 3-max (real money) Seat #2 is the button
Seat 2: logo time (270)
Seat 3: MathisKcr (630)
*** ANTE/BLINDS ***
logo time posts small blind 10
MathisKcr posts big blind 20
Dealt to MathisKcr [Ah 2d]
*** PRE-FLOP *** 
logo time folds
MathisKcr collected 30 from pot
*** SUMMARY ***
Total pot 30 | No rake
Seat 3: MathisKcr (big blind) won 30


Winamax Poker - Tournament "Expresso Nitro" buyIn: 0.93€ + 0.07€ level: 1 - HandId: #4667959637717286913-5-1774774462 - Holdem no limit (10/20) - 2026/03/29 08:54:22 UTC
Table: 'Expresso Nitro(1086844047)#0' 3-max (real money) Seat #3 is the button
Seat 2: logo time (260)
Seat 3: MathisKcr (640)
*** ANTE/BLINDS ***
MathisKcr posts small blind 10
logo time posts big blind 20
Dealt to MathisKcr [4c 9c]
*** PRE-FLOP *** 
MathisKcr folds
logo time collected 30 from pot
*** SUMMARY ***
Total pot 30 | No rake
Seat 2: logo time (big blind) won 30


Winamax Poker - Tournament "Expresso Nitro" buyIn: 0.93€ + 0.07€ level: 1 - HandId: #4667959637717286913-6-1774774466 - Holdem no limit (10/20) - 2026/03/29 08:54:26 UTC
Table: 'Expresso Nitro(1086844047)#0' 3-max (real money) Seat #2 is the button
Seat 2: logo time (270)
Seat 3: MathisKcr (630)
*** ANTE/BLINDS ***
logo time posts small blind 10
MathisKcr posts big blind 20
Dealt to MathisKcr [Tc Jd]
*** PRE-FLOP *** 
logo time folds
MathisKcr collected 30 from pot
*** SUMMARY ***
Total pot 30 | No rake
Seat 3: MathisKcr (big blind) won 30


Winamax Poker - Tournament "Expresso Nitro" buyIn: 0.93€ + 0.07€ level: 2 - HandId: #4667959637717286913-7-1774774470 - Holdem no limit (15/30) - 2026/03/29 08:54:30 UTC
Table: 'Expresso Nitro(1086844047)#0' 3-max (real money) Seat #3 is the button
Seat 2: logo time (260)
Seat 3: MathisKcr (640)
*** ANTE/BLINDS ***
MathisKcr posts small blind 15
logo time posts big blind 30
Dealt to MathisKcr [9h 7d]
*** PRE-FLOP *** 
MathisKcr raises 610 to 640 and is all-in
logo time folds
MathisKcr collected 670 from pot
*** SUMMARY ***
Total pot 670 | No rake
Seat 3: MathisKcr (small blind) (button) won 670


Winamax Poker - Tournament "Expresso Nitro" buyIn: 0.93€ + 0.07€ level: 2 - HandId: #4667959637717286913-8-1774774481 - Holdem no limit (15/30) - 2026/03/29 08:54:41 UTC
Table: 'Expresso Nitro(1086844047)#0' 3-max (real money) Seat #2 is the button
Seat 2: logo time (230)
Seat 3: MathisKcr (670)
*** ANTE/BLINDS ***
logo time posts small blind 15
MathisKcr posts big blind 30
Dealt to MathisKcr [5c 2c]
*** PRE-FLOP *** 
logo time folds
MathisKcr collected 45 from pot
*** SUMMARY ***
Total pot 45 | No rake
Seat 3: MathisKcr (big blind) won 45


Winamax Poker - Tournament "Expresso Nitro" buyIn: 0.93€ + 0.07€ level: 2 - HandId: #4667959637717286913-9-1774774487 - Holdem no limit (15/30) - 2026/03/29 08:54:47 UTC
Table: 'Expresso Nitro(1086844047)#0' 3-max (real money) Seat #3 is the button
Seat 2: logo time (215)
Seat 3: MathisKcr (685)
*** ANTE/BLINDS ***
MathisKcr posts small blind 15
logo time posts big blind 30
Dealt to MathisKcr [Qc Tc]
*** PRE-FLOP *** 
MathisKcr raises 655 to 685 and is all-in
logo time calls 185 and is all-in
*** FLOP *** [Kc 3d 2c]
*** TURN *** [Kc 3d 2c][5h]
*** RIVER *** [Kc 3d 2c 5h][Ks]
*** SHOW DOWN ***
logo time shows [Ah 9c] (One pair : Kings)
MathisKcr shows [Qc Tc] (One pair : Kings)
MathisKcr collected 470 from side pot 1
logo time collected 430 from main pot
*** SUMMARY ***
Total pot 900 | No rake
Board: [Kc 3d 2c 5h Ks]
Seat 2: logo time (big blind) showed [Ah 9c] and won 430 with One pair : Kings
Seat 3: MathisKcr (small blind) (button) showed [Qc Tc] and won 470 with One pair : Kings


Winamax Poker - Tournament "Expresso Nitro" buyIn: 0.93€ + 0.07€ level: 2 - HandId: #4667959637717286913-10-1774774501 - Holdem no limit (15/30) - 2026/03/29 08:55:01 UTC
Table: 'Expresso Nitro(1086844047)#0' 3-max (real money) Seat #2 is the button
Seat 2: logo time (430)
Seat 3: MathisKcr (470)
*** ANTE/BLINDS ***
logo time posts small blind 15
MathisKcr posts big blind 30
Dealt to MathisKcr [2s 3s]
*** PRE-FLOP *** 
logo time folds
MathisKcr collected 45 from pot
*** SUMMARY ***
Total pot 45 | No rake
Seat 3: MathisKcr (big blind) won 45


Winamax Poker - Tournament "Expresso Nitro" buyIn: 0.93€ + 0.07€ level: 2 - HandId: #4667959637717286913-11-1774774507 - Holdem no limit (15/30) - 2026/03/29 08:55:07 UTC
Table: 'Expresso Nitro(1086844047)#0' 3-max (real money) Seat #3 is the button
Seat 2: logo time (415)
Seat 3: MathisKcr (485)
*** ANTE/BLINDS ***
MathisKcr posts small blind 15
logo time posts big blind 30
Dealt to MathisKcr [Qs Kc]
*** PRE-FLOP *** 
MathisKcr raises 455 to 485 and is all-in
logo time calls 385 and is all-in
*** FLOP *** [7d 9c Js]
*** TURN *** [7d 9c Js][Ts]
*** RIVER *** [7d 9c Js Ts][Qd]
*** SHOW DOWN ***
logo time shows [Ac 4s] (High card : Ace)
MathisKcr shows [Qs Kc] (Straight King high)
MathisKcr collected 900 from pot
*** SUMMARY ***
Total pot 900 | No rake
Board: [7d 9c Js Ts Qd]
Seat 2: logo time (big blind) showed [Ac 4s] and lost with High card : Ace
Seat 3: MathisKcr (small blind) (button) showed [Qs Kc] and won 900 with Straight King high


