Winamax Poker - Tournament "Expresso Nitro" buyIn: 0.93€ + 0.07€ level: 1 - HandId: #4643770807107977217-1-1773867304 - Holdem no limit (10/20) - 2026/03/18 20:55:04 UTC
Table: 'Expresso Nitro(1081212146)#0' 3-max (real money) Seat #2 is the button
Seat 1: dakomdz (300)
Seat 2: MathisKcr (300)
Seat 3: martal17 (300)
*** ANTE/BLINDS ***
martal17 posts small blind 10
dakomdz posts big blind 20
Dealt to MathisKcr [4d 2s]
*** PRE-FLOP *** 
MathisKcr folds
martal17 calls 10
dakomdz checks
*** FLOP *** [Ad Qc 6d]
martal17 checks
dakomdz checks
*** TURN *** [Ad Qc 6d][8c]
martal17 bets 20
dakomdz calls 20
*** RIVER *** [Ad Qc 6d 8c][2c]
martal17 checks
dakomdz checks
*** SHOW DOWN ***
martal17 shows [3h 8d] (One pair : 8)
dakomdz shows [3d Qd] (One pair : Queens)
dakomdz collected 80 from pot
*** SUMMARY ***
Total pot 80 | No rake
Board: [Ad Qc 6d 8c 2c]
Seat 1: dakomdz (big blind) showed [3d Qd] and won 80 with One pair : Queens
Seat 3: martal17 (small blind) showed [3h 8d] and lost with One pair : 8


Winamax Poker - Tournament "Expresso Nitro" buyIn: 0.93€ + 0.07€ level: 1 - HandId: #4643770807107977217-2-1773867322 - Holdem no limit (10/20) - 2026/03/18 20:55:22 UTC
Table: 'Expresso Nitro(1081212146)#0' 3-max (real money) Seat #3 is the button
Seat 1: dakomdz (340)
Seat 2: MathisKcr (300)
Seat 3: martal17 (260)
*** ANTE/BLINDS ***
dakomdz posts small blind 10
MathisKcr posts big blind 20
Dealt to MathisKcr [8s 3c]
*** PRE-FLOP *** 
martal17 folds
dakomdz calls 10
MathisKcr checks
*** FLOP *** [Kh 9h 2c]
dakomdz checks
MathisKcr checks
*** TURN *** [Kh 9h 2c][Tc]
dakomdz checks
MathisKcr checks
*** RIVER *** [Kh 9h 2c Tc][6s]
dakomdz checks
MathisKcr checks
*** SHOW DOWN ***
dakomdz shows [3d 8h] (High card : King)
MathisKcr shows [8s 3c] (High card : King)
MathisKcr collected 20 from pot
dakomdz collected 20 from pot
*** SUMMARY ***
Total pot 40 | No rake
Board: [Kh 9h 2c Tc 6s]
Seat 1: dakomdz (small blind) showed [3d 8h] and won 20 with High card : King
Seat 2: MathisKcr (big blind) showed [8s 3c] and won 20 with High card : King


Winamax Poker - Tournament "Expresso Nitro" buyIn: 0.93€ + 0.07€ level: 1 - HandId: #4643770807107977217-3-1773867360 - Holdem no limit (10/20) - 2026/03/18 20:56:00 UTC
Table: 'Expresso Nitro(1081212146)#0' 3-max (real money) Seat #1 is the button
Seat 1: dakomdz (340)
Seat 2: MathisKcr (300)
Seat 3: martal17 (260)
*** ANTE/BLINDS ***
MathisKcr posts small blind 10
martal17 posts big blind 20
Dealt to MathisKcr [Ks 8d]
*** PRE-FLOP *** 
dakomdz raises 20 to 40
MathisKcr calls 30
martal17 calls 20
*** FLOP *** [6s Qd 3s]
MathisKcr checks
martal17 checks
dakomdz bets 20
MathisKcr calls 20
martal17 folds
*** TURN *** [6s Qd 3s][3h]
MathisKcr checks
dakomdz bets 20
MathisKcr calls 20
*** RIVER *** [6s Qd 3s 3h][6c]
MathisKcr bets 130
dakomdz calls 130
*** SHOW DOWN ***
MathisKcr shows [Ks 8d] (Two pairs : 6 and 3)
dakomdz shows [Ts As] (Two pairs : 6 and 3)
dakomdz collected 460 from pot
*** SUMMARY ***
Total pot 460 | No rake
Board: [6s Qd 3s 3h 6c]
Seat 1: dakomdz (button) showed [Ts As] and won 460 with Two pairs : 6 and 3
Seat 2: MathisKcr (small blind) showed [Ks 8d] and lost with Two pairs : 6 and 3


Winamax Poker - Tournament "Expresso Nitro" buyIn: 0.93€ + 0.07€ level: 2 - HandId: #4643770807107977217-4-1773867393 - Holdem no limit (15/30) - 2026/03/18 20:56:33 UTC
Table: 'Expresso Nitro(1081212146)#0' 3-max (real money) Seat #2 is the button
Seat 1: dakomdz (590)
Seat 2: MathisKcr (90)
Seat 3: martal17 (220)
*** ANTE/BLINDS ***
martal17 posts small blind 15
dakomdz posts big blind 30
Dealt to MathisKcr [Jd 4d]
*** PRE-FLOP *** 
MathisKcr raises 60 to 90 and is all-in
martal17 raises 130 to 220 and is all-in
dakomdz raises 370 to 590 and is all-in
*** FLOP *** [3h 7s Qh]
*** TURN *** [3h 7s Qh][Th]
*** RIVER *** [3h 7s Qh Th][8d]
*** SHOW DOWN ***
MathisKcr shows [Jd 4d] (High card : Queen)
martal17 shows [2c Ad] (High card : Ace)
dakomdz shows [6c 7c] (One pair : 7)
dakomdz collected 900 from pot
*** SUMMARY ***
Total pot 900 | No rake
Board: [3h 7s Qh Th 8d]
Seat 1: dakomdz (big blind) showed [6c 7c] and won 900 with One pair : 7
Seat 2: MathisKcr (button) showed [Jd 4d] and lost with High card : Queen
Seat 3: martal17 (small blind) showed [2c Ad] and lost with High card : Ace


