Winamax Poker - Tournament "Expresso Nitro" buyIn: 0.93€ + 0.07€ level: 1 - HandId: #4606338041114525697-1-1772568999 - Holdem no limit (10/20) - 2026/03/03 20:16:39 UTC
Table: 'Expresso Nitro(1072496651)#0' 3-max (real money) Seat #1 is the button
Seat 1: MathisKcr (300)
Seat 2: Tunar99 (300)
Seat 3: TL Boss90893 (300)
*** ANTE/BLINDS ***
Tunar99 posts small blind 10
TL Boss90893 posts big blind 20
Dealt to MathisKcr [2d Jc]
*** PRE-FLOP *** 
MathisKcr folds
Tunar99 folds
TL Boss90893 collected 30 from pot
*** SUMMARY ***
Total pot 30 | No rake
Seat 3: TL Boss90893 (big blind) won 30


Winamax Poker - Tournament "Expresso Nitro" buyIn: 0.93€ + 0.07€ level: 1 - HandId: #4606338041114525697-2-1772569007 - Holdem no limit (10/20) - 2026/03/03 20:16:47 UTC
Table: 'Expresso Nitro(1072496651)#0' 3-max (real money) Seat #2 is the button
Seat 1: MathisKcr (300)
Seat 2: Tunar99 (290)
Seat 3: TL Boss90893 (310)
*** ANTE/BLINDS ***
TL Boss90893 posts small blind 10
MathisKcr posts big blind 20
Dealt to MathisKcr [5c 9s]
*** PRE-FLOP *** 
Tunar99 calls 20
TL Boss90893 calls 10
MathisKcr checks
*** FLOP *** [8s Kd 8d]
TL Boss90893 checks
MathisKcr checks
Tunar99 bets 21
TL Boss90893 calls 21
MathisKcr folds
*** TURN *** [8s Kd 8d][Jd]
TL Boss90893 checks
Tunar99 bets 36
TL Boss90893 calls 36
*** RIVER *** [8s Kd 8d Jd][6d]
TL Boss90893 bets 20
Tunar99 calls 20
*** SHOW DOWN ***
TL Boss90893 shows [9c Js] (Two pairs : Jacks and 8)
Tunar99 shows [5d Ah] (Flush King high)
Tunar99 collected 214 from pot
*** SUMMARY ***
Total pot 214 | No rake
Board: [8s Kd 8d Jd 6d]
Seat 2: Tunar99 (button) showed [5d Ah] and won 214 with Flush King high
Seat 3: TL Boss90893 (small blind) showed [9c Js] and lost with Two pairs : Jacks and 8


Winamax Poker - Tournament "Expresso Nitro" buyIn: 0.93€ + 0.07€ level: 1 - HandId: #4606338041114525697-3-1772569053 - Holdem no limit (10/20) - 2026/03/03 20:17:33 UTC
Table: 'Expresso Nitro(1072496651)#0' 3-max (real money) Seat #3 is the button
Seat 1: MathisKcr (280)
Seat 2: Tunar99 (407)
Seat 3: TL Boss90893 (213)
*** ANTE/BLINDS ***
MathisKcr posts small blind 10
Tunar99 posts big blind 20
Dealt to MathisKcr [Kc 2d]
*** PRE-FLOP *** 
TL Boss90893 calls 20
MathisKcr folds
Tunar99 checks
*** FLOP *** [5d Js 6s]
Tunar99 checks
TL Boss90893 checks
*** TURN *** [5d Js 6s][3s]
Tunar99 checks
TL Boss90893 checks
*** RIVER *** [5d Js 6s 3s][8d]
Tunar99 bets 33
TL Boss90893 folds
Tunar99 collected 83 from pot
*** SUMMARY ***
Total pot 83 | No rake
Board: [5d Js 6s 3s 8d]
Seat 2: Tunar99 (big blind) won 83


Winamax Poker - Tournament "Expresso Nitro" buyIn: 0.93€ + 0.07€ level: 2 - HandId: #4606338041114525697-4-1772569097 - Holdem no limit (15/30) - 2026/03/03 20:18:17 UTC
Table: 'Expresso Nitro(1072496651)#0' 3-max (real money) Seat #1 is the button
Seat 1: MathisKcr (270)
Seat 2: Tunar99 (437)
Seat 3: TL Boss90893 (193)
*** ANTE/BLINDS ***
Tunar99 posts small blind 15
TL Boss90893 posts big blind 30
Dealt to MathisKcr [Jc Qc]
*** PRE-FLOP *** 
MathisKcr raises 240 to 270 and is all-in
Tunar99 calls 255
TL Boss90893 calls 163 and is all-in
*** FLOP *** [Ts 3d 6d]
*** TURN *** [Ts 3d 6d][2s]
*** RIVER *** [Ts 3d 6d 2s][8s]
*** SHOW DOWN ***
MathisKcr shows [Jc Qc] (High card : Queen)
TL Boss90893 shows [7c Kc] (High card : King)
Tunar99 shows [5s As] (Flush Ace high)
Tunar99 collected 733 from pot
*** SUMMARY ***
Total pot 733 | No rake
Board: [Ts 3d 6d 2s 8s]
Seat 1: MathisKcr (button) showed [Jc Qc] and lost with High card : Queen
Seat 2: Tunar99 (small blind) showed [5s As] and won 733 with Flush Ace high
Seat 3: TL Boss90893 (big blind) showed [7c Kc] and lost with High card : King


