Winamax Poker - Tournament "Expresso Nitro" buyIn: 0.93€ + 0.07€ level: 1 - HandId: #4666858085980045313-1-1774724284 - Holdem no limit (10/20) - 2026/03/28 18:58:04 UTC
Table: 'Expresso Nitro(1086587572)#0' 3-max (real money) Seat #2 is the button
Seat 1: MathisKcr (300)
Seat 2: roni83100 (300)
Seat 3: Thony4269 (300)
*** ANTE/BLINDS ***
Thony4269 posts small blind 10
MathisKcr posts big blind 20
Dealt to MathisKcr [Jh 4d]
*** PRE-FLOP *** 
roni83100 calls 20
Thony4269 raises 20 to 40
MathisKcr calls 20
roni83100 calls 20
*** FLOP *** [Jc 7d 4s]
Thony4269 checks
MathisKcr bets 42
roni83100 calls 42
Thony4269 folds
*** TURN *** [Jc 7d 4s][8d]
MathisKcr bets 71
roni83100 folds
MathisKcr collected 275 from pot
*** SUMMARY ***
Total pot 275 | No rake
Board: [Jc 7d 4s 8d]
Seat 1: MathisKcr (big blind) won 275


Winamax Poker - Tournament "Expresso Nitro" buyIn: 0.93€ + 0.07€ level: 1 - HandId: #4666858085980045313-2-1774724316 - Holdem no limit (10/20) - 2026/03/28 18:58:36 UTC
Table: 'Expresso Nitro(1086587572)#0' 3-max (real money) Seat #3 is the button
Seat 1: MathisKcr (422)
Seat 2: roni83100 (218)
Seat 3: Thony4269 (260)
*** ANTE/BLINDS ***
MathisKcr posts small blind 10
roni83100 posts big blind 20
Dealt to MathisKcr [5h As]
*** PRE-FLOP *** 
Thony4269 raises 20 to 40
MathisKcr raises 382 to 422 and is all-in
roni83100 calls 198 and is all-in
Thony4269 calls 220 and is all-in
*** FLOP *** [Qh Ad 3s]
*** TURN *** [Qh Ad 3s][5c]
*** RIVER *** [Qh Ad 3s 5c][6h]
*** SHOW DOWN ***
roni83100 shows [Jc Kd] (High card : Ace)
Thony4269 shows [Ts Qc] (One pair : Queens)
MathisKcr shows [5h As] (Two pairs : Aces and 5)
MathisKcr collected 900 from pot
*** SUMMARY ***
Total pot 900 | No rake
Board: [Qh Ad 3s 5c 6h]
Seat 1: MathisKcr (small blind) showed [5h As] and won 900 with Two pairs : Aces and 5
Seat 2: roni83100 (big blind) showed [Jc Kd] and lost with High card : Ace
Seat 3: Thony4269 (button) showed [Ts Qc] and lost with One pair : Queens


