Winamax Poker - Tournament "Expresso Nitro" buyIn: 0.93€ + 0.07€ level: 1 - HandId: #4611718737488248833-1-1772793258 - Holdem no limit (10/20) - 2026/03/06 10:34:18 UTC
Table: 'Expresso Nitro(1073749442)#0' 3-max (real money) Seat #3 is the button
Seat 1: lucas00857 (300)
Seat 2: MathisKcr (300)
Seat 3: Marvin_alm (300)
*** ANTE/BLINDS ***
lucas00857 posts small blind 10
MathisKcr posts big blind 20
Dealt to MathisKcr [Kh 6c]
*** PRE-FLOP *** 
Marvin_alm calls 20
lucas00857 calls 10
MathisKcr checks
*** FLOP *** [3d 9d 9s]
lucas00857 checks
MathisKcr checks
Marvin_alm checks
*** TURN *** [3d 9d 9s][3s]
lucas00857 bets 20
MathisKcr folds
Marvin_alm folds
lucas00857 collected 80 from pot
*** SUMMARY ***
Total pot 80 | No rake
Board: [3d 9d 9s 3s]
Seat 1: lucas00857 (small blind) won 80


Winamax Poker - Tournament "Expresso Nitro" buyIn: 0.93€ + 0.07€ level: 1 - HandId: #4611718737488248833-2-1772793290 - Holdem no limit (10/20) - 2026/03/06 10:34:50 UTC
Table: 'Expresso Nitro(1073749442)#0' 3-max (real money) Seat #1 is the button
Seat 1: lucas00857 (340)
Seat 2: MathisKcr (280)
Seat 3: Marvin_alm (280)
*** ANTE/BLINDS ***
MathisKcr posts small blind 10
Marvin_alm posts big blind 20
Dealt to MathisKcr [5d Jc]
*** PRE-FLOP *** 
lucas00857 calls 20
MathisKcr calls 10
Marvin_alm checks
*** FLOP *** [As 3c 2c]
MathisKcr checks
Marvin_alm checks
lucas00857 bets 20
MathisKcr calls 20
Marvin_alm folds
*** TURN *** [As 3c 2c][6s]
MathisKcr checks
lucas00857 checks
*** RIVER *** [As 3c 2c 6s][7c]
MathisKcr checks
lucas00857 bets 35
MathisKcr folds
lucas00857 collected 135 from pot
*** SUMMARY ***
Total pot 135 | No rake
Board: [As 3c 2c 6s 7c]
Seat 1: lucas00857 (button) won 135


Winamax Poker - Tournament "Expresso Nitro" buyIn: 0.93€ + 0.07€ level: 2 - HandId: #4611718737488248833-3-1772793366 - Holdem no limit (15/30) - 2026/03/06 10:36:06 UTC
Table: 'Expresso Nitro(1073749442)#0' 3-max (real money) Seat #2 is the button
Seat 1: lucas00857 (400)
Seat 2: MathisKcr (240)
Seat 3: Marvin_alm (260)
*** ANTE/BLINDS ***
Marvin_alm posts small blind 15
lucas00857 posts big blind 30
Dealt to MathisKcr [Js 2d]
*** PRE-FLOP *** 
MathisKcr folds
Marvin_alm calls 15
lucas00857 checks
*** FLOP *** [Ad 7c 5c]
Marvin_alm bets 39
lucas00857 folds
Marvin_alm collected 99 from pot
*** SUMMARY ***
Total pot 99 | No rake
Board: [Ad 7c 5c]
Seat 3: Marvin_alm (small blind) won 99


Winamax Poker - Tournament "Expresso Nitro" buyIn: 0.93€ + 0.07€ level: 3 - HandId: #4611718737488248833-4-1772793392 - Holdem no limit (20/40) - 2026/03/06 10:36:32 UTC
Table: 'Expresso Nitro(1073749442)#0' 3-max (real money) Seat #3 is the button
Seat 1: lucas00857 (370)
Seat 2: MathisKcr (240)
Seat 3: Marvin_alm (290)
*** ANTE/BLINDS ***
lucas00857 posts small blind 20
MathisKcr posts big blind 40
Dealt to MathisKcr [Qh 2h]
*** PRE-FLOP *** 
Marvin_alm folds
lucas00857 calls 20
MathisKcr checks
*** FLOP *** [2c 9h 4d]
lucas00857 bets 40
MathisKcr calls 40
*** TURN *** [2c 9h 4d][Ah]
lucas00857 checks
MathisKcr bets 160 and is all-in
lucas00857 calls 160
*** RIVER *** [2c 9h 4d Ah][3s]
*** SHOW DOWN ***
MathisKcr shows [Qh 2h] (One pair : 2)
lucas00857 shows [7s 9d] (One pair : 9)
lucas00857 collected 480 from pot
*** SUMMARY ***
Total pot 480 | No rake
Board: [2c 9h 4d Ah 3s]
Seat 1: lucas00857 (small blind) showed [7s 9d] and won 480 with One pair : 9
Seat 2: MathisKcr (big blind) showed [Qh 2h] and lost with One pair : 2


