Winamax Poker - Tournament "Expresso Nitro" buyIn: 0.46€ + 0.04€ level: 1 - HandId: #4540840970966532097-1-1770193339 - Holdem no limit (10/20) - 2026/02/04 08:22:19 UTC
Table: 'Expresso Nitro(1057246926)#0' 3-max (real money) Seat #3 is the button
Seat 1: MathisKcr (300)
Seat 2: cloclo 73 (300)
Seat 3: JOHNNY WICK (300)
*** ANTE/BLINDS ***
MathisKcr posts small blind 10
cloclo 73 posts big blind 20
Dealt to MathisKcr [3d 7h]
*** PRE-FLOP *** 
JOHNNY WICK folds
MathisKcr raises 40 to 60
cloclo 73 folds
MathisKcr collected 80 from pot
*** SUMMARY ***
Total pot 80 | No rake
Seat 1: MathisKcr (small blind) won 80


Winamax Poker - Tournament "Expresso Nitro" buyIn: 0.46€ + 0.04€ level: 1 - HandId: #4540840970966532097-2-1770193360 - Holdem no limit (10/20) - 2026/02/04 08:22:40 UTC
Table: 'Expresso Nitro(1057246926)#0' 3-max (real money) Seat #1 is the button
Seat 1: MathisKcr (320)
Seat 2: cloclo 73 (280)
Seat 3: JOHNNY WICK (300)
*** ANTE/BLINDS ***
cloclo 73 posts small blind 10
JOHNNY WICK posts big blind 20
Dealt to MathisKcr [8d 6h]
*** PRE-FLOP *** 
MathisKcr raises 20 to 40
cloclo 73 calls 30
JOHNNY WICK calls 20
*** FLOP *** [Jd 4s Qd]
cloclo 73 checks
JOHNNY WICK checks
MathisKcr bets 78
cloclo 73 folds
JOHNNY WICK folds
MathisKcr collected 198 from pot
*** SUMMARY ***
Total pot 198 | No rake
Board: [Jd 4s Qd]
Seat 1: MathisKcr (button) won 198


Winamax Poker - Tournament "Expresso Nitro" buyIn: 0.46€ + 0.04€ level: 2 - HandId: #4540840970966532097-3-1770193398 - Holdem no limit (15/30) - 2026/02/04 08:23:18 UTC
Table: 'Expresso Nitro(1057246926)#0' 3-max (real money) Seat #2 is the button
Seat 1: MathisKcr (400)
Seat 2: cloclo 73 (240)
Seat 3: JOHNNY WICK (260)
*** ANTE/BLINDS ***
JOHNNY WICK posts small blind 15
MathisKcr posts big blind 30
Dealt to MathisKcr [Qd Ah]
*** PRE-FLOP *** 
cloclo 73 folds
JOHNNY WICK calls 15
MathisKcr raises 30 to 60
JOHNNY WICK calls 30
*** FLOP *** [4h 8c 4c]
JOHNNY WICK checks
MathisKcr bets 60
JOHNNY WICK folds
MathisKcr collected 180 from pot
*** SUMMARY ***
Total pot 180 | No rake
Board: [4h 8c 4c]
Seat 1: MathisKcr (big blind) won 180


Winamax Poker - Tournament "Expresso Nitro" buyIn: 0.46€ + 0.04€ level: 2 - HandId: #4540840970966532097-4-1770193444 - Holdem no limit (15/30) - 2026/02/04 08:24:04 UTC
Table: 'Expresso Nitro(1057246926)#0' 3-max (real money) Seat #3 is the button
Seat 1: MathisKcr (460)
Seat 2: cloclo 73 (240)
Seat 3: JOHNNY WICK (200)
*** ANTE/BLINDS ***
MathisKcr posts small blind 15
cloclo 73 posts big blind 30
Dealt to MathisKcr [5d 8s]
*** PRE-FLOP *** 
JOHNNY WICK folds
MathisKcr calls 15
cloclo 73 raises 210 to 240 and is all-in
MathisKcr folds
cloclo 73 collected 270 from pot
*** SUMMARY ***
Total pot 270 | No rake
Seat 2: cloclo 73 (big blind) won 270


Winamax Poker - Tournament "Expresso Nitro" buyIn: 0.46€ + 0.04€ level: 3 - HandId: #4540840970966532097-5-1770193458 - Holdem no limit (20/40) - 2026/02/04 08:24:18 UTC
Table: 'Expresso Nitro(1057246926)#0' 3-max (real money) Seat #1 is the button
Seat 1: MathisKcr (430)
Seat 2: cloclo 73 (270)
Seat 3: JOHNNY WICK (200)
*** ANTE/BLINDS ***
cloclo 73 posts small blind 20
JOHNNY WICK posts big blind 40
Dealt to MathisKcr [2h 7d]
*** PRE-FLOP *** 
MathisKcr folds
cloclo 73 folds
JOHNNY WICK collected 60 from pot
*** SUMMARY ***
Total pot 60 | No rake
Seat 3: JOHNNY WICK (big blind) won 60


Winamax Poker - Tournament "Expresso Nitro" buyIn: 0.46€ + 0.04€ level: 3 - HandId: #4540840970966532097-6-1770193463 - Holdem no limit (20/40) - 2026/02/04 08:24:23 UTC
Table: 'Expresso Nitro(1057246926)#0' 3-max (real money) Seat #2 is the button
Seat 1: MathisKcr (430)
Seat 2: cloclo 73 (250)
Seat 3: JOHNNY WICK (220)
*** ANTE/BLINDS ***
JOHNNY WICK posts small blind 20
MathisKcr posts big blind 40
Dealt to MathisKcr [5s Js]
*** PRE-FLOP *** 
cloclo 73 folds
JOHNNY WICK raises 180 to 220 and is all-in
MathisKcr calls 180
*** FLOP *** [2c Ts Td]
*** TURN *** [2c Ts Td][7d]
*** RIVER *** [2c Ts Td 7d][Kc]
*** SHOW DOWN ***
MathisKcr shows [5s Js] (One pair : Tens)
JOHNNY WICK shows [7h As] (Two pairs : Tens and 7)
JOHNNY WICK collected 440 from pot
*** SUMMARY ***
Total pot 440 | No rake
Board: [2c Ts Td 7d Kc]
Seat 1: MathisKcr (big blind) showed [5s Js] and lost with One pair : Tens
Seat 3: JOHNNY WICK (small blind) showed [7h As] and won 440 with Two pairs : Tens and 7


Winamax Poker - Tournament "Expresso Nitro" buyIn: 0.46€ + 0.04€ level: 3 - HandId: #4540840970966532097-7-1770193481 - Holdem no limit (20/40) - 2026/02/04 08:24:41 UTC
Table: 'Expresso Nitro(1057246926)#0' 3-max (real money) Seat #3 is the button
Seat 1: MathisKcr (210)
Seat 2: cloclo 73 (250)
Seat 3: JOHNNY WICK (440)
*** ANTE/BLINDS ***
MathisKcr posts small blind 20
cloclo 73 posts big blind 40
Dealt to MathisKcr [7c 7d]
*** PRE-FLOP *** 
JOHNNY WICK folds
MathisKcr raises 170 to 210 and is all-in
cloclo 73 folds
MathisKcr collected 250 from pot
*** SUMMARY ***
Total pot 250 | No rake
Seat 1: MathisKcr (small blind) won 250


Winamax Poker - Tournament "Expresso Nitro" buyIn: 0.46€ + 0.04€ level: 3 - HandId: #4540840970966532097-8-1770193494 - Holdem no limit (20/40) - 2026/02/04 08:24:54 UTC
Table: 'Expresso Nitro(1057246926)#0' 3-max (real money) Seat #1 is the button
Seat 1: MathisKcr (250)
Seat 2: cloclo 73 (210)
Seat 3: JOHNNY WICK (440)
*** ANTE/BLINDS ***
cloclo 73 posts small blind 20
JOHNNY WICK posts big blind 40
Dealt to MathisKcr [Kd 4s]
*** PRE-FLOP *** 
MathisKcr raises 210 to 250 and is all-in
cloclo 73 folds
JOHNNY WICK folds
MathisKcr collected 310 from pot
*** SUMMARY ***
Total pot 310 | No rake
Seat 1: MathisKcr (button) won 310


Winamax Poker - Tournament "Expresso Nitro" buyIn: 0.46€ + 0.04€ level: 3 - HandId: #4540840970966532097-9-1770193515 - Holdem no limit (20/40) - 2026/02/04 08:25:15 UTC
Table: 'Expresso Nitro(1057246926)#0' 3-max (real money) Seat #2 is the button
Seat 1: MathisKcr (310)
Seat 2: cloclo 73 (190)
Seat 3: JOHNNY WICK (400)
*** ANTE/BLINDS ***
JOHNNY WICK posts small blind 20
MathisKcr posts big blind 40
Dealt to MathisKcr [7s Jh]
*** PRE-FLOP *** 
cloclo 73 folds
JOHNNY WICK calls 20
MathisKcr checks
*** FLOP *** [2c Qs Th]
JOHNNY WICK checks
MathisKcr bets 80
JOHNNY WICK folds
MathisKcr collected 160 from pot
*** SUMMARY ***
Total pot 160 | No rake
Board: [2c Qs Th]
Seat 1: MathisKcr (big blind) won 160


Winamax Poker - Tournament "Expresso Nitro" buyIn: 0.46€ + 0.04€ level: 4 - HandId: #4540840970966532097-10-1770193543 - Holdem no limit (30/60) - 2026/02/04 08:25:43 UTC
Table: 'Expresso Nitro(1057246926)#0' 3-max (real money) Seat #3 is the button
Seat 1: MathisKcr (350)
Seat 2: cloclo 73 (190)
Seat 3: JOHNNY WICK (360)
*** ANTE/BLINDS ***
MathisKcr posts small blind 30
cloclo 73 posts big blind 60
Dealt to MathisKcr [3d 8d]
*** PRE-FLOP *** 
JOHNNY WICK folds
MathisKcr raises 290 to 350 and is all-in
cloclo 73 calls 130 and is all-in
*** FLOP *** [9c 8c Ks]
*** TURN *** [9c 8c Ks][As]
*** RIVER *** [9c 8c Ks As][9d]
*** SHOW DOWN ***
cloclo 73 shows [2h Qd] (One pair : 9)
MathisKcr shows [3d 8d] (Two pairs : 9 and 8)
MathisKcr collected 540 from pot
*** SUMMARY ***
Total pot 540 | No rake
Board: [9c 8c Ks As 9d]
Seat 1: MathisKcr (small blind) showed [3d 8d] and won 540 with Two pairs : 9 and 8
Seat 2: cloclo 73 (big blind) showed [2h Qd] and lost with One pair : 9


Winamax Poker - Tournament "Expresso Nitro" buyIn: 0.46€ + 0.04€ level: 4 - HandId: #4540840970966532097-11-1770193560 - Holdem no limit (30/60) - 2026/02/04 08:26:00 UTC
Table: 'Expresso Nitro(1057246926)#0' 3-max (real money) Seat #3 is the button
Seat 1: MathisKcr (540)
Seat 3: JOHNNY WICK (360)
*** ANTE/BLINDS ***
JOHNNY WICK posts small blind 30
MathisKcr posts big blind 60
Dealt to MathisKcr [Ts 3h]
*** PRE-FLOP *** 
JOHNNY WICK calls 30
MathisKcr checks
*** FLOP *** [8s 9c Qh]
MathisKcr bets 120
JOHNNY WICK folds
MathisKcr collected 240 from pot
*** SUMMARY ***
Total pot 240 | No rake
Board: [8s 9c Qh]
Seat 1: MathisKcr (big blind) won 240


Winamax Poker - Tournament "Expresso Nitro" buyIn: 0.46€ + 0.04€ level: 4 - HandId: #4540840970966532097-12-1770193576 - Holdem no limit (30/60) - 2026/02/04 08:26:16 UTC
Table: 'Expresso Nitro(1057246926)#0' 3-max (real money) Seat #1 is the button
Seat 1: MathisKcr (600)
Seat 3: JOHNNY WICK (300)
*** ANTE/BLINDS ***
MathisKcr posts small blind 30
JOHNNY WICK posts big blind 60
Dealt to MathisKcr [2s 6s]
*** PRE-FLOP *** 
MathisKcr raises 60 to 120
JOHNNY WICK raises 180 to 300 and is all-in
MathisKcr calls 180
*** FLOP *** [4h 3h 8d]
*** TURN *** [4h 3h 8d][Qd]
*** RIVER *** [4h 3h 8d Qd][As]
*** SHOW DOWN ***
MathisKcr shows [2s 6s] (High card : Ace)
JOHNNY WICK shows [8s Kh] (One pair : 8)
JOHNNY WICK collected 600 from pot
*** SUMMARY ***
Total pot 600 | No rake
Board: [4h 3h 8d Qd As]
Seat 1: MathisKcr (small blind) (button) showed [2s 6s] and lost with High card : Ace
Seat 3: JOHNNY WICK (big blind) showed [8s Kh] and won 600 with One pair : 8


Winamax Poker - Tournament "Expresso Nitro" buyIn: 0.46€ + 0.04€ level: 5 - HandId: #4540840970966532097-13-1770193598 - Holdem no limit (40/80) - 2026/02/04 08:26:38 UTC
Table: 'Expresso Nitro(1057246926)#0' 3-max (real money) Seat #3 is the button
Seat 1: MathisKcr (300)
Seat 3: JOHNNY WICK (600)
*** ANTE/BLINDS ***
JOHNNY WICK posts small blind 40
MathisKcr posts big blind 80
Dealt to MathisKcr [Kd 6d]
*** PRE-FLOP *** 
JOHNNY WICK folds
MathisKcr collected 120 from pot
*** SUMMARY ***
Total pot 120 | No rake
Seat 1: MathisKcr (big blind) won 120


Winamax Poker - Tournament "Expresso Nitro" buyIn: 0.46€ + 0.04€ level: 5 - HandId: #4540840970966532097-14-1770193619 - Holdem no limit (40/80) - 2026/02/04 08:26:59 UTC
Table: 'Expresso Nitro(1057246926)#0' 3-max (real money) Seat #1 is the button
Seat 1: MathisKcr (340)
Seat 3: JOHNNY WICK (560)
*** ANTE/BLINDS ***
MathisKcr posts small blind 40
JOHNNY WICK posts big blind 80
Dealt to MathisKcr [8h Qh]
*** PRE-FLOP *** 
MathisKcr raises 260 to 340 and is all-in
JOHNNY WICK calls 260
*** FLOP *** [Qc 8s Ad]
*** TURN *** [Qc 8s Ad][2d]
*** RIVER *** [Qc 8s Ad 2d][Ks]
*** SHOW DOWN ***
JOHNNY WICK shows [9c As] (One pair : Aces)
MathisKcr shows [8h Qh] (Two pairs : Queens and 8)
MathisKcr collected 680 from pot
*** SUMMARY ***
Total pot 680 | No rake
Board: [Qc 8s Ad 2d Ks]
Seat 1: MathisKcr (small blind) (button) showed [8h Qh] and won 680 with Two pairs : Queens and 8
Seat 3: JOHNNY WICK (big blind) showed [9c As] and lost with One pair : Aces


Winamax Poker - Tournament "Expresso Nitro" buyIn: 0.46€ + 0.04€ level: 5 - HandId: #4540840970966532097-15-1770193633 - Holdem no limit (40/80) - 2026/02/04 08:27:13 UTC
Table: 'Expresso Nitro(1057246926)#0' 3-max (real money) Seat #3 is the button
Seat 1: MathisKcr (680)
Seat 3: JOHNNY WICK (220)
*** ANTE/BLINDS ***
JOHNNY WICK posts small blind 40
MathisKcr posts big blind 80
Dealt to MathisKcr [4h Ah]
*** PRE-FLOP *** 
JOHNNY WICK raises 140 to 220 and is all-in
MathisKcr calls 140
*** FLOP *** [3h 6h 4s]
*** TURN *** [3h 6h 4s][Td]
*** RIVER *** [3h 6h 4s Td][Kh]
*** SHOW DOWN ***
JOHNNY WICK shows [6s Ts] (Two pairs : Tens and 6)
MathisKcr shows [4h Ah] (Flush Ace high)
MathisKcr collected 440 from pot
*** SUMMARY ***
Total pot 440 | No rake
Board: [3h 6h 4s Td Kh]
Seat 1: MathisKcr (big blind) showed [4h Ah] and won 440 with Flush Ace high
Seat 3: JOHNNY WICK (small blind) (button) showed [6s Ts] and lost with Two pairs : Tens and 6


