Winamax Poker - Tournament "Expresso Nitro" buyIn: 0.93€ + 0.07€ level: 1 - HandId: #4668744925242720257-1-1774804068 - Holdem no limit (10/20) - 2026/03/29 17:07:48 UTC
Table: 'Expresso Nitro(1087026886)#0' 3-max (real money) Seat #3 is the button
Seat 1: CA-Mister01 (300)
Seat 2: LCDH__ (300)
Seat 3: MathisKcr (300)
*** ANTE/BLINDS ***
CA-Mister01 posts small blind 10
LCDH__ posts big blind 20
Dealt to MathisKcr [Kc 2d]
*** PRE-FLOP *** 
MathisKcr raises 20 to 40
CA-Mister01 folds
LCDH__ folds
MathisKcr collected 70 from pot
*** SUMMARY ***
Total pot 70 | No rake
Seat 3: MathisKcr (button) won 70


Winamax Poker - Tournament "Expresso Nitro" buyIn: 0.93€ + 0.07€ level: 1 - HandId: #4668744925242720257-2-1774804076 - Holdem no limit (10/20) - 2026/03/29 17:07:56 UTC
Table: 'Expresso Nitro(1087026886)#0' 3-max (real money) Seat #1 is the button
Seat 1: CA-Mister01 (290)
Seat 2: LCDH__ (280)
Seat 3: MathisKcr (330)
*** ANTE/BLINDS ***
LCDH__ posts small blind 10
MathisKcr posts big blind 20
Dealt to MathisKcr [8d Td]
*** PRE-FLOP *** 
CA-Mister01 calls 20
LCDH__ folds
MathisKcr checks
*** FLOP *** [3c Js Kd]
MathisKcr checks
CA-Mister01 checks
*** TURN *** [3c Js Kd][7h]
MathisKcr checks
CA-Mister01 checks
*** RIVER *** [3c Js Kd 7h][4c]
MathisKcr checks
CA-Mister01 bets 50
MathisKcr folds
CA-Mister01 collected 100 from pot
*** SUMMARY ***
Total pot 100 | No rake
Board: [3c Js Kd 7h 4c]
Seat 1: CA-Mister01 (button) won 100


Winamax Poker - Tournament "Expresso Nitro" buyIn: 0.93€ + 0.07€ level: 1 - HandId: #4668744925242720257-3-1774804123 - Holdem no limit (10/20) - 2026/03/29 17:08:43 UTC
Table: 'Expresso Nitro(1087026886)#0' 3-max (real money) Seat #2 is the button
Seat 1: CA-Mister01 (320)
Seat 2: LCDH__ (270)
Seat 3: MathisKcr (310)
*** ANTE/BLINDS ***
MathisKcr posts small blind 10
CA-Mister01 posts big blind 20
Dealt to MathisKcr [2h 6c]
*** PRE-FLOP *** 
LCDH__ raises 20 to 40
MathisKcr folds
CA-Mister01 folds
LCDH__ collected 70 from pot
*** SUMMARY ***
Total pot 70 | No rake
Seat 2: LCDH__ (button) won 70


Winamax Poker - Tournament "Expresso Nitro" buyIn: 0.93€ + 0.07€ level: 2 - HandId: #4668744925242720257-4-1774804133 - Holdem no limit (15/30) - 2026/03/29 17:08:53 UTC
Table: 'Expresso Nitro(1087026886)#0' 3-max (real money) Seat #3 is the button
Seat 1: CA-Mister01 (300)
Seat 2: LCDH__ (300)
Seat 3: MathisKcr (300)
*** ANTE/BLINDS ***
CA-Mister01 posts small blind 15
LCDH__ posts big blind 30
Dealt to MathisKcr [5d 8c]
*** PRE-FLOP *** 
MathisKcr folds
CA-Mister01 calls 15
LCDH__ checks
*** FLOP *** [5s 7h Ts]
CA-Mister01 checks
LCDH__ bets 39
CA-Mister01 folds
LCDH__ collected 99 from pot
*** SUMMARY ***
Total pot 99 | No rake
Board: [5s 7h Ts]
Seat 2: LCDH__ (big blind) won 99


Winamax Poker - Tournament "Expresso Nitro" buyIn: 0.93€ + 0.07€ level: 2 - HandId: #4668744925242720257-5-1774804144 - Holdem no limit (15/30) - 2026/03/29 17:09:04 UTC
Table: 'Expresso Nitro(1087026886)#0' 3-max (real money) Seat #1 is the button
Seat 1: CA-Mister01 (270)
Seat 2: LCDH__ (330)
Seat 3: MathisKcr (300)
*** ANTE/BLINDS ***
LCDH__ posts small blind 15
MathisKcr posts big blind 30
Dealt to MathisKcr [2s 4d]
*** PRE-FLOP *** 
CA-Mister01 folds
LCDH__ calls 15
MathisKcr checks
*** FLOP *** [8s 6c 8d]
LCDH__ bets 60
MathisKcr folds
LCDH__ collected 120 from pot
*** SUMMARY ***
Total pot 120 | No rake
Board: [8s 6c 8d]
Seat 2: LCDH__ (small blind) won 120


Winamax Poker - Tournament "Expresso Nitro" buyIn: 0.93€ + 0.07€ level: 2 - HandId: #4668744925242720257-6-1774804160 - Holdem no limit (15/30) - 2026/03/29 17:09:20 UTC
Table: 'Expresso Nitro(1087026886)#0' 3-max (real money) Seat #2 is the button
Seat 1: CA-Mister01 (270)
Seat 2: LCDH__ (360)
Seat 3: MathisKcr (270)
*** ANTE/BLINDS ***
MathisKcr posts small blind 15
CA-Mister01 posts big blind 30
Dealt to MathisKcr [2c 2h]
*** PRE-FLOP *** 
LCDH__ folds
MathisKcr raises 240 to 270 and is all-in
CA-Mister01 calls 240 and is all-in
*** FLOP *** [5c 7c As]
*** TURN *** [5c 7c As][Jd]
*** RIVER *** [5c 7c As Jd][Ts]
*** SHOW DOWN ***
MathisKcr shows [2c 2h] (One pair : 2)
CA-Mister01 shows [3s Js] (One pair : Jacks)
CA-Mister01 collected 540 from pot
*** SUMMARY ***
Total pot 540 | No rake
Board: [5c 7c As Jd Ts]
Seat 1: CA-Mister01 (big blind) showed [3s Js] and won 540 with One pair : Jacks
Seat 3: MathisKcr (small blind) showed [2c 2h] and lost with One pair : 2


