Winamax Poker - Tournament "Expresso Nitro" buyIn: 0.93€ + 0.07€ level: 1 - HandId: #4573652304904847361-1-1771256586 - Holdem no limit (10/20) - 2026/02/16 15:43:06 UTC
Table: 'Expresso Nitro(1064886410)#0' 3-max (real money) Seat #1 is the button
Seat 1: CSGC Taxi (300)
Seat 2: MathisKcr (300)
Seat 3: Zizan44 (300)
*** ANTE/BLINDS ***
MathisKcr posts small blind 10
Zizan44 posts big blind 20
Dealt to MathisKcr [5c 2c]
*** PRE-FLOP *** 
CSGC Taxi calls 20
MathisKcr calls 10
Zizan44 checks
*** FLOP *** [Jc Kc 6d]
MathisKcr checks
Zizan44 bets 30
CSGC Taxi calls 30
MathisKcr folds
*** TURN *** [Jc Kc 6d][Qc]
Zizan44 checks
CSGC Taxi checks
*** RIVER *** [Jc Kc 6d Qc][5h]
Zizan44 bets 60
CSGC Taxi calls 60
*** SHOW DOWN ***
CSGC Taxi shows [2h Js] (One pair : Jacks)
Zizan44 shows [9s Kh] (One pair : Kings)
Zizan44 collected 240 from pot
*** SUMMARY ***
Total pot 240 | No rake
Board: [Jc Kc 6d Qc 5h]
Seat 1: CSGC Taxi (button) showed [2h Js] and lost with One pair : Jacks
Seat 3: Zizan44 (big blind) showed [9s Kh] and won 240 with One pair : Kings


Winamax Poker - Tournament "Expresso Nitro" buyIn: 0.93€ + 0.07€ level: 1 - HandId: #4573652304904847361-2-1771256634 - Holdem no limit (10/20) - 2026/02/16 15:43:54 UTC
Table: 'Expresso Nitro(1064886410)#0' 3-max (real money) Seat #2 is the button
Seat 1: CSGC Taxi (190)
Seat 2: MathisKcr (280)
Seat 3: Zizan44 (430)
*** ANTE/BLINDS ***
Zizan44 posts small blind 10
CSGC Taxi posts big blind 20
Dealt to MathisKcr [8c 6h]
*** PRE-FLOP *** 
MathisKcr raises 260 to 280 and is all-in
Zizan44 folds
CSGC Taxi calls 170 and is all-in
*** FLOP *** [2h 2c 7s]
*** TURN *** [2h 2c 7s][Jc]
*** RIVER *** [2h 2c 7s Jc][4s]
*** SHOW DOWN ***
CSGC Taxi shows [Tc Kd] (One pair : 2)
MathisKcr shows [8c 6h] (One pair : 2)
MathisKcr collected 90 from side pot 1
CSGC Taxi collected 390 from main pot
*** SUMMARY ***
Total pot 480 | No rake
Board: [2h 2c 7s Jc 4s]
Seat 1: CSGC Taxi (big blind) showed [Tc Kd] and won 390 with One pair : 2
Seat 2: MathisKcr (button) showed [8c 6h] and won 90 with One pair : 2


Winamax Poker - Tournament "Expresso Nitro" buyIn: 0.93€ + 0.07€ level: 2 - HandId: #4573652304904847361-3-1771256649 - Holdem no limit (15/30) - 2026/02/16 15:44:09 UTC
Table: 'Expresso Nitro(1064886410)#0' 3-max (real money) Seat #3 is the button
Seat 1: CSGC Taxi (390)
Seat 2: MathisKcr (90)
Seat 3: Zizan44 (420)
*** ANTE/BLINDS ***
CSGC Taxi posts small blind 15
MathisKcr posts big blind 30
Dealt to MathisKcr [Kc 5d]
*** PRE-FLOP *** 
Zizan44 calls 30
CSGC Taxi folds
MathisKcr checks
*** FLOP *** [Qc Jd 5c]
MathisKcr checks
Zizan44 checks
*** TURN *** [Qc Jd 5c][Ah]
MathisKcr bets 60 and is all-in
Zizan44 calls 60
*** RIVER *** [Qc Jd 5c Ah][3c]
*** SHOW DOWN ***
MathisKcr shows [Kc 5d] (One pair : 5)
Zizan44 shows [8c Tc] (Flush Queen high)
Zizan44 collected 195 from pot
*** SUMMARY ***
Total pot 195 | No rake
Board: [Qc Jd 5c Ah 3c]
Seat 2: MathisKcr (big blind) showed [Kc 5d] and lost with One pair : 5
Seat 3: Zizan44 (button) showed [8c Tc] and won 195 with Flush Queen high


