Winamax Poker - Tournament "Expresso Nitro" buyIn: 0.93€ + 0.07€ level: 1 - HandId: #4582889787421097985-1-1771607430 - Holdem no limit (10/20) - 2026/02/20 17:10:30 UTC
Table: 'Expresso Nitro(1067037179)#0' 3-max (real money) Seat #2 is the button
Seat 1: BabaOoRhum (300)
Seat 2: Alibzoguit (300)
Seat 3: MathisKcr (300)
*** ANTE/BLINDS ***
MathisKcr posts small blind 10
BabaOoRhum posts big blind 20
Dealt to MathisKcr [5c 9s]
*** PRE-FLOP *** 
Alibzoguit calls 20
MathisKcr folds
BabaOoRhum checks
*** FLOP *** [7d Td 5h]
BabaOoRhum bets 33
Alibzoguit raises 247 to 280 and is all-in
BabaOoRhum calls 247 and is all-in
*** TURN *** [7d Td 5h][7c]
*** RIVER *** [7d Td 5h 7c][9c]
*** SHOW DOWN ***
BabaOoRhum shows [4d Jd] (One pair : 7)
Alibzoguit shows [Jc Th] (Two pairs : Tens and 7)
Alibzoguit collected 610 from pot
*** SUMMARY ***
Total pot 610 | No rake
Board: [7d Td 5h 7c 9c]
Seat 1: BabaOoRhum (big blind) showed [4d Jd] and lost with One pair : 7
Seat 2: Alibzoguit (button) showed [Jc Th] and won 610 with Two pairs : Tens and 7


Winamax Poker - Tournament "Expresso Nitro" buyIn: 0.93€ + 0.07€ level: 1 - HandId: #4582889787421097985-2-1771607469 - Holdem no limit (10/20) - 2026/02/20 17:11:09 UTC
Table: 'Expresso Nitro(1067037179)#0' 3-max (real money) Seat #2 is the button
Seat 2: Alibzoguit (610)
Seat 3: MathisKcr (290)
*** ANTE/BLINDS ***
Alibzoguit posts small blind 10
MathisKcr posts big blind 20
Dealt to MathisKcr [6d 4h]
*** PRE-FLOP *** 
Alibzoguit folds
MathisKcr collected 30 from pot
*** SUMMARY ***
Total pot 30 | No rake
Seat 3: MathisKcr (big blind) won 30


Winamax Poker - Tournament "Expresso Nitro" buyIn: 0.93€ + 0.07€ level: 1 - HandId: #4582889787421097985-3-1771607474 - Holdem no limit (10/20) - 2026/02/20 17:11:14 UTC
Table: 'Expresso Nitro(1067037179)#0' 3-max (real money) Seat #3 is the button
Seat 2: Alibzoguit (600)
Seat 3: MathisKcr (300)
*** ANTE/BLINDS ***
MathisKcr posts small blind 10
Alibzoguit posts big blind 20
Dealt to MathisKcr [Kh 2c]
*** PRE-FLOP *** 
MathisKcr raises 20 to 40
Alibzoguit calls 20
*** FLOP *** [Ah Qh 5d]
Alibzoguit bets 80
MathisKcr folds
Alibzoguit collected 160 from pot
*** SUMMARY ***
Total pot 160 | No rake
Board: [Ah Qh 5d]
Seat 2: Alibzoguit (big blind) won 160


Winamax Poker - Tournament "Expresso Nitro" buyIn: 0.93€ + 0.07€ level: 1 - HandId: #4582889787421097985-4-1771607485 - Holdem no limit (10/20) - 2026/02/20 17:11:25 UTC
Table: 'Expresso Nitro(1067037179)#0' 3-max (real money) Seat #2 is the button
Seat 2: Alibzoguit (640)
Seat 3: MathisKcr (260)
*** ANTE/BLINDS ***
Alibzoguit posts small blind 10
MathisKcr posts big blind 20
Dealt to MathisKcr [Jh 6d]
*** PRE-FLOP *** 
Alibzoguit raises 40 to 60
MathisKcr folds
Alibzoguit collected 80 from pot
*** SUMMARY ***
Total pot 80 | No rake
Seat 2: Alibzoguit (small blind) (button) won 80


Winamax Poker - Tournament "Expresso Nitro" buyIn: 0.93€ + 0.07€ level: 2 - HandId: #4582889787421097985-5-1771607490 - Holdem no limit (15/30) - 2026/02/20 17:11:30 UTC
Table: 'Expresso Nitro(1067037179)#0' 3-max (real money) Seat #3 is the button
Seat 2: Alibzoguit (660)
Seat 3: MathisKcr (240)
*** ANTE/BLINDS ***
MathisKcr posts small blind 15
Alibzoguit posts big blind 30
Dealt to MathisKcr [9d 2s]
*** PRE-FLOP *** 
MathisKcr folds
Alibzoguit collected 45 from pot
*** SUMMARY ***
Total pot 45 | No rake
Seat 2: Alibzoguit (big blind) won 45


Winamax Poker - Tournament "Expresso Nitro" buyIn: 0.93€ + 0.07€ level: 2 - HandId: #4582889787421097985-6-1771607495 - Holdem no limit (15/30) - 2026/02/20 17:11:35 UTC
Table: 'Expresso Nitro(1067037179)#0' 3-max (real money) Seat #2 is the button
Seat 2: Alibzoguit (675)
Seat 3: MathisKcr (225)
*** ANTE/BLINDS ***
Alibzoguit posts small blind 15
MathisKcr posts big blind 30
Dealt to MathisKcr [2s 8d]
*** PRE-FLOP *** 
Alibzoguit calls 15
MathisKcr checks
*** FLOP *** [As 8h Qc]
MathisKcr bets 60
Alibzoguit raises 585 to 645 and is all-in
MathisKcr folds
Alibzoguit collected 765 from pot
*** SUMMARY ***
Total pot 765 | No rake
Board: [As 8h Qc]
Seat 2: Alibzoguit (small blind) (button) won 765


Winamax Poker - Tournament "Expresso Nitro" buyIn: 0.93€ + 0.07€ level: 2 - HandId: #4582889787421097985-7-1771607508 - Holdem no limit (15/30) - 2026/02/20 17:11:48 UTC
Table: 'Expresso Nitro(1067037179)#0' 3-max (real money) Seat #3 is the button
Seat 2: Alibzoguit (765)
Seat 3: MathisKcr (135)
*** ANTE/BLINDS ***
MathisKcr posts small blind 15
Alibzoguit posts big blind 30
Dealt to MathisKcr [4s 9c]
*** PRE-FLOP *** 
MathisKcr folds
Alibzoguit collected 45 from pot
*** SUMMARY ***
Total pot 45 | No rake
Seat 2: Alibzoguit (big blind) won 45


Winamax Poker - Tournament "Expresso Nitro" buyIn: 0.93€ + 0.07€ level: 2 - HandId: #4582889787421097985-8-1771607512 - Holdem no limit (15/30) - 2026/02/20 17:11:52 UTC
Table: 'Expresso Nitro(1067037179)#0' 3-max (real money) Seat #2 is the button
Seat 2: Alibzoguit (780)
Seat 3: MathisKcr (120)
*** ANTE/BLINDS ***
Alibzoguit posts small blind 15
MathisKcr posts big blind 30
Dealt to MathisKcr [3d 7s]
*** PRE-FLOP *** 
Alibzoguit calls 15
MathisKcr checks
*** FLOP *** [3s 5s Qc]
MathisKcr bets 90 and is all-in
Alibzoguit calls 90
*** TURN *** [3s 5s Qc][9d]
*** RIVER *** [3s 5s Qc 9d][6s]
*** SHOW DOWN ***
MathisKcr shows [3d 7s] (One pair : 3)
Alibzoguit shows [Qh 5d] (Two pairs : Queens and 5)
Alibzoguit collected 240 from pot
*** SUMMARY ***
Total pot 240 | No rake
Board: [3s 5s Qc 9d 6s]
Seat 2: Alibzoguit (small blind) (button) showed [Qh 5d] and won 240 with Two pairs : Queens and 5
Seat 3: MathisKcr (big blind) showed [3d 7s] and lost with One pair : 3


