Winamax Poker - Tournament "Expresso Nitro" buyIn: 0.93€ + 0.07€ level: 1 - HandId: #4604969883577352193-1-1772524278 - Holdem no limit (10/20) - 2026/03/03 07:51:18 UTC
Table: 'Expresso Nitro(1072178102)#0' 3-max (real money) Seat #1 is the button
Seat 1: MathisKcr (300)
Seat 2: Romano1103 (300)
Seat 3: Gallego_98 (300)
*** ANTE/BLINDS ***
Romano1103 posts small blind 10
Gallego_98 posts big blind 20
Dealt to MathisKcr [Qd 6s]
*** PRE-FLOP *** 
MathisKcr folds
Romano1103 folds
Gallego_98 collected 30 from pot
*** SUMMARY ***
Total pot 30 | No rake
Seat 3: Gallego_98 (big blind) won 30


Winamax Poker - Tournament "Expresso Nitro" buyIn: 0.93€ + 0.07€ level: 1 - HandId: #4604969883577352193-2-1772524286 - Holdem no limit (10/20) - 2026/03/03 07:51:26 UTC
Table: 'Expresso Nitro(1072178102)#0' 3-max (real money) Seat #2 is the button
Seat 1: MathisKcr (300)
Seat 2: Romano1103 (290)
Seat 3: Gallego_98 (310)
*** ANTE/BLINDS ***
Gallego_98 posts small blind 10
MathisKcr posts big blind 20
Dealt to MathisKcr [Kd Qh]
*** PRE-FLOP *** 
Romano1103 raises 270 to 290 and is all-in
Gallego_98 calls 280
MathisKcr calls 270
*** FLOP *** [2d 6s 4d]
Gallego_98 checks
MathisKcr bets 10 and is all-in
Gallego_98 calls 10
*** TURN *** [2d 6s 4d][9c]
*** RIVER *** [2d 6s 4d 9c][Js]
*** SHOW DOWN ***
MathisKcr shows [Kd Qh] (High card : King)
Romano1103 shows [Jd 9s] (Two pairs : Jacks and 9)
Gallego_98 shows [As 5h] (High card : Ace)
Gallego_98 collected 20 from side pot 1
Romano1103 collected 870 from main pot
*** SUMMARY ***
Total pot 890 | No rake
Board: [2d 6s 4d 9c Js]
Seat 1: MathisKcr (big blind) showed [Kd Qh] and lost with High card : King
Seat 2: Romano1103 (button) showed [Jd 9s] and won 870 with Two pairs : Jacks and 9
Seat 3: Gallego_98 (small blind) showed [As 5h] and won 20 with High card : Ace


