Winamax Poker - Tournament "Expresso Nitro" buyIn: 0.93€ + 0.07€ level: 1 - HandId: #4599343158592012289-1-1772300033 - Holdem no limit (10/20) - 2026/02/28 17:33:53 UTC
Table: 'Expresso Nitro(1070868028)#0' 3-max (real money) Seat #1 is the button
Seat 1: MathisKcr (300)
Seat 2: LLOVERR (300)
Seat 3: EL.DEMON (300)
*** ANTE/BLINDS ***
LLOVERR posts small blind 10
EL.DEMON posts big blind 20
Dealt to MathisKcr [8s Ad]
*** PRE-FLOP *** 
MathisKcr raises 20 to 40
LLOVERR folds
EL.DEMON folds
MathisKcr collected 70 from pot
*** SUMMARY ***
Total pot 70 | No rake
Seat 1: MathisKcr (button) won 70


Winamax Poker - Tournament "Expresso Nitro" buyIn: 0.93€ + 0.07€ level: 1 - HandId: #4599343158592012289-2-1772300043 - Holdem no limit (10/20) - 2026/02/28 17:34:03 UTC
Table: 'Expresso Nitro(1070868028)#0' 3-max (real money) Seat #2 is the button
Seat 1: MathisKcr (330)
Seat 2: LLOVERR (290)
Seat 3: EL.DEMON (280)
*** ANTE/BLINDS ***
EL.DEMON posts small blind 10
MathisKcr posts big blind 20
Dealt to MathisKcr [8h As]
*** PRE-FLOP *** 
LLOVERR folds
EL.DEMON folds
MathisKcr collected 30 from pot
*** SUMMARY ***
Total pot 30 | No rake
Seat 1: MathisKcr (big blind) won 30


Winamax Poker - Tournament "Expresso Nitro" buyIn: 0.93€ + 0.07€ level: 1 - HandId: #4599343158592012289-3-1772300050 - Holdem no limit (10/20) - 2026/02/28 17:34:10 UTC
Table: 'Expresso Nitro(1070868028)#0' 3-max (real money) Seat #3 is the button
Seat 1: MathisKcr (340)
Seat 2: LLOVERR (290)
Seat 3: EL.DEMON (270)
*** ANTE/BLINDS ***
MathisKcr posts small blind 10
LLOVERR posts big blind 20
Dealt to MathisKcr [6c 4c]
*** PRE-FLOP *** 
EL.DEMON folds
MathisKcr folds
LLOVERR collected 30 from pot
*** SUMMARY ***
Total pot 30 | No rake
Seat 2: LLOVERR (big blind) won 30


Winamax Poker - Tournament "Expresso Nitro" buyIn: 0.93€ + 0.07€ level: 1 - HandId: #4599343158592012289-4-1772300057 - Holdem no limit (10/20) - 2026/02/28 17:34:17 UTC
Table: 'Expresso Nitro(1070868028)#0' 3-max (real money) Seat #1 is the button
Seat 1: MathisKcr (330)
Seat 2: LLOVERR (300)
Seat 3: EL.DEMON (270)
*** ANTE/BLINDS ***
LLOVERR posts small blind 10
EL.DEMON posts big blind 20
Dealt to MathisKcr [Jh 2c]
*** PRE-FLOP *** 
MathisKcr folds
LLOVERR calls 10
EL.DEMON checks
*** FLOP *** [Td 8h 6c]
LLOVERR checks
EL.DEMON bets 57
LLOVERR folds
EL.DEMON collected 97 from pot
*** SUMMARY ***
Total pot 97 | No rake
Board: [Td 8h 6c]
Seat 3: EL.DEMON (big blind) won 97


Winamax Poker - Tournament "Expresso Nitro" buyIn: 0.93€ + 0.07€ level: 1 - HandId: #4599343158592012289-5-1772300082 - Holdem no limit (10/20) - 2026/02/28 17:34:42 UTC
Table: 'Expresso Nitro(1070868028)#0' 3-max (real money) Seat #2 is the button
Seat 1: MathisKcr (330)
Seat 2: LLOVERR (280)
Seat 3: EL.DEMON (290)
*** ANTE/BLINDS ***
EL.DEMON posts small blind 10
MathisKcr posts big blind 20
Dealt to MathisKcr [Kc 7s]
*** PRE-FLOP *** 
LLOVERR raises 20 to 40
EL.DEMON folds
MathisKcr calls 20
*** FLOP *** [3s As Ks]
MathisKcr bets 32
LLOVERR calls 32
*** TURN *** [3s As Ks][4h]
MathisKcr checks
LLOVERR bets 54
MathisKcr calls 54
*** RIVER *** [3s As Ks 4h][7h]
MathisKcr checks
LLOVERR bets 154 and is all-in
MathisKcr calls 154
*** SHOW DOWN ***
MathisKcr shows [Kc 7s] (Two pairs : Kings and 7)
LLOVERR shows [Js Ts] (Flush Ace high)
LLOVERR collected 570 from pot
*** SUMMARY ***
Total pot 570 | No rake
Board: [3s As Ks 4h 7h]
Seat 1: MathisKcr (big blind) showed [Kc 7s] and lost with Two pairs : Kings and 7
Seat 2: LLOVERR (button) showed [Js Ts] and won 570 with Flush Ace high


Winamax Poker - Tournament "Expresso Nitro" buyIn: 0.93€ + 0.07€ level: 2 - HandId: #4599343158592012289-6-1772300124 - Holdem no limit (15/30) - 2026/02/28 17:35:24 UTC
Table: 'Expresso Nitro(1070868028)#0' 3-max (real money) Seat #3 is the button
Seat 1: MathisKcr (50)
Seat 2: LLOVERR (570)
Seat 3: EL.DEMON (280)
*** ANTE/BLINDS ***
MathisKcr posts small blind 15
LLOVERR posts big blind 30
Dealt to MathisKcr [3c 3s]
*** PRE-FLOP *** 
EL.DEMON folds
MathisKcr raises 20 to 50 and is all-in
LLOVERR calls 20
*** FLOP *** [Tc Ad 6h]
*** TURN *** [Tc Ad 6h][Jc]
*** RIVER *** [Tc Ad 6h Jc][6d]
*** SHOW DOWN ***
LLOVERR shows [8h 4s] (One pair : 6)
MathisKcr shows [3c 3s] (Two pairs : 6 and 3)
MathisKcr collected 100 from pot
*** SUMMARY ***
Total pot 100 | No rake
Board: [Tc Ad 6h Jc 6d]
Seat 1: MathisKcr (small blind) showed [3c 3s] and won 100 with Two pairs : 6 and 3
Seat 2: LLOVERR (big blind) showed [8h 4s] and lost with One pair : 6


Winamax Poker - Tournament "Expresso Nitro" buyIn: 0.93€ + 0.07€ level: 2 - HandId: #4599343158592012289-7-1772300139 - Holdem no limit (15/30) - 2026/02/28 17:35:39 UTC
Table: 'Expresso Nitro(1070868028)#0' 3-max (real money) Seat #1 is the button
Seat 1: MathisKcr (100)
Seat 2: LLOVERR (520)
Seat 3: EL.DEMON (280)
*** ANTE/BLINDS ***
LLOVERR posts small blind 15
EL.DEMON posts big blind 30
Dealt to MathisKcr [Ks 7d]
*** PRE-FLOP *** 
MathisKcr raises 30 to 60
LLOVERR folds
EL.DEMON calls 30
*** FLOP *** [2c Ac Jc]
EL.DEMON bets 220 and is all-in
MathisKcr folds
EL.DEMON collected 355 from pot
*** SUMMARY ***
Total pot 355 | No rake
Board: [2c Ac Jc]
Seat 3: EL.DEMON (big blind) won 355


Winamax Poker - Tournament "Expresso Nitro" buyIn: 0.93€ + 0.07€ level: 3 - HandId: #4599343158592012289-8-1772300156 - Holdem no limit (20/40) - 2026/02/28 17:35:56 UTC
Table: 'Expresso Nitro(1070868028)#0' 3-max (real money) Seat #2 is the button
Seat 1: MathisKcr (40)
Seat 2: LLOVERR (505)
Seat 3: EL.DEMON (355)
*** ANTE/BLINDS ***
EL.DEMON posts small blind 20
MathisKcr posts big blind 40 and is all-in
Dealt to MathisKcr [5s Ts]
*** PRE-FLOP *** 
LLOVERR raises 465 to 505 and is all-in
EL.DEMON folds
*** FLOP *** [Ks Jd Tc]
*** TURN *** [Ks Jd Tc][6d]
*** RIVER *** [Ks Jd Tc 6d][2c]
*** SHOW DOWN ***
MathisKcr shows [5s Ts] (One pair : Tens)
LLOVERR shows [Kd Qh] (One pair : Kings)
LLOVERR collected 565 from pot
*** SUMMARY ***
Total pot 565 | No rake
Board: [Ks Jd Tc 6d 2c]
Seat 1: MathisKcr (big blind) showed [5s Ts] and lost with One pair : Tens
Seat 2: LLOVERR (button) showed [Kd Qh] and won 565 with One pair : Kings


