Winamax Poker - Tournament "Expresso Nitro" buyIn: 0.46€ + 0.04€ level: 1 - HandId: #4538587693684097025-1-1770126915 - Holdem no limit (10/20) - 2026/02/03 13:55:15 UTC
Table: 'Expresso Nitro(1056722294)#0' 3-max (real money) Seat #1 is the button
Seat 1: feligui2A (300)
Seat 2: MathisKcr (300)
Seat 3: -JJJJ- (300)
*** ANTE/BLINDS ***
MathisKcr posts small blind 10
-JJJJ- posts big blind 20
Dealt to MathisKcr [Th 7c]
*** PRE-FLOP *** 
feligui2A raises 40 to 60
MathisKcr folds
-JJJJ- folds
feligui2A collected 90 from pot
*** SUMMARY ***
Total pot 90 | No rake
Seat 1: feligui2A (button) won 90


Winamax Poker - Tournament "Expresso Nitro" buyIn: 0.46€ + 0.04€ level: 1 - HandId: #4538587693684097025-2-1770126920 - Holdem no limit (10/20) - 2026/02/03 13:55:20 UTC
Table: 'Expresso Nitro(1056722294)#0' 3-max (real money) Seat #2 is the button
Seat 1: feligui2A (330)
Seat 2: MathisKcr (290)
Seat 3: -JJJJ- (280)
*** ANTE/BLINDS ***
-JJJJ- posts small blind 10
feligui2A posts big blind 20
Dealt to MathisKcr [8s 2h]
*** PRE-FLOP *** 
MathisKcr folds
-JJJJ- calls 10
feligui2A raises 310 to 330 and is all-in
-JJJJ- calls 260 and is all-in
*** FLOP *** [9d 2d Js]
*** TURN *** [9d 2d Js][Ah]
*** RIVER *** [9d 2d Js Ah][Qc]
*** SHOW DOWN ***
-JJJJ- shows [5h As] (One pair : Aces)
feligui2A shows [Jc Jh] (Trips of Jacks)
feligui2A collected 610 from pot
*** SUMMARY ***
Total pot 610 | No rake
Board: [9d 2d Js Ah Qc]
Seat 1: feligui2A (big blind) showed [Jc Jh] and won 610 with Trips of Jacks
Seat 3: -JJJJ- (small blind) showed [5h As] and lost with One pair : Aces


Winamax Poker - Tournament "Expresso Nitro" buyIn: 0.46€ + 0.04€ level: 1 - HandId: #4538587693684097025-3-1770126952 - Holdem no limit (10/20) - 2026/02/03 13:55:52 UTC
Table: 'Expresso Nitro(1056722294)#0' 3-max (real money) Seat #1 is the button
Seat 1: feligui2A (610)
Seat 2: MathisKcr (290)
*** ANTE/BLINDS ***
feligui2A posts small blind 10
MathisKcr posts big blind 20
Dealt to MathisKcr [3c 3h]
*** PRE-FLOP *** 
feligui2A raises 40 to 60
MathisKcr raises 230 to 290 and is all-in
feligui2A calls 230
*** FLOP *** [6c 8s 4c]
*** TURN *** [6c 8s 4c][2h]
*** RIVER *** [6c 8s 4c 2h][7s]
*** SHOW DOWN ***
feligui2A shows [9c Kh] (High card : King)
MathisKcr shows [3c 3h] (One pair : 3)
MathisKcr collected 580 from pot
*** SUMMARY ***
Total pot 580 | No rake
Board: [6c 8s 4c 2h 7s]
Seat 1: feligui2A (small blind) (button) showed [9c Kh] and lost with High card : King
Seat 2: MathisKcr (big blind) showed [3c 3h] and won 580 with One pair : 3


Winamax Poker - Tournament "Expresso Nitro" buyIn: 0.46€ + 0.04€ level: 1 - HandId: #4538587693684097025-4-1770126967 - Holdem no limit (10/20) - 2026/02/03 13:56:07 UTC
Table: 'Expresso Nitro(1056722294)#0' 3-max (real money) Seat #2 is the button
Seat 1: feligui2A (320)
Seat 2: MathisKcr (580)
*** ANTE/BLINDS ***
MathisKcr posts small blind 10
feligui2A posts big blind 20
Dealt to MathisKcr [Jd 9s]
*** PRE-FLOP *** 
MathisKcr raises 20 to 40
feligui2A raises 80 to 120
MathisKcr calls 80
*** FLOP *** [3s 5d Kd]
feligui2A bets 156
MathisKcr folds
feligui2A collected 396 from pot
*** SUMMARY ***
Total pot 396 | No rake
Board: [3s 5d Kd]
Seat 1: feligui2A (big blind) won 396


Winamax Poker - Tournament "Expresso Nitro" buyIn: 0.46€ + 0.04€ level: 2 - HandId: #4538587693684097025-5-1770126986 - Holdem no limit (15/30) - 2026/02/03 13:56:26 UTC
Table: 'Expresso Nitro(1056722294)#0' 3-max (real money) Seat #1 is the button
Seat 1: feligui2A (440)
Seat 2: MathisKcr (460)
*** ANTE/BLINDS ***
feligui2A posts small blind 15
MathisKcr posts big blind 30
Dealt to MathisKcr [8c 8h]
*** PRE-FLOP *** 
feligui2A calls 15
MathisKcr raises 30 to 60
feligui2A calls 30
*** FLOP *** [6c 4s 3h]
MathisKcr bets 42
feligui2A calls 42
*** TURN *** [6c 4s 3h][3c]
MathisKcr bets 102
feligui2A raises 230 to 332
MathisKcr raises 26 to 358 and is all-in
feligui2A calls 6 and is all-in
*** RIVER *** [6c 4s 3h 3c][4h]
*** SHOW DOWN ***
feligui2A shows [9h 3s] (Full of 3 and 4)
MathisKcr shows [8c 8h] (Two pairs : 8 and 4)
MathisKcr collected 20 from side pot 1
feligui2A collected 880 from main pot
*** SUMMARY ***
Total pot 900 | No rake
Board: [6c 4s 3h 3c 4h]
Seat 1: feligui2A (small blind) (button) showed [9h 3s] and won 880 with Full of 3 and 4
Seat 2: MathisKcr (big blind) showed [8c 8h] and won 20 with Two pairs : 8 and 4


Winamax Poker - Tournament "Expresso Nitro" buyIn: 0.46€ + 0.04€ level: 2 - HandId: #4538587693684097025-6-1770127011 - Holdem no limit (15/30) - 2026/02/03 13:56:51 UTC
Table: 'Expresso Nitro(1056722294)#0' 3-max (real money) Seat #2 is the button
Seat 1: feligui2A (880)
Seat 2: MathisKcr (20)
*** ANTE/BLINDS ***
MathisKcr posts small blind 15
feligui2A posts big blind 30
Dealt to MathisKcr [Js 4d]
*** PRE-FLOP *** 
MathisKcr calls 5 and is all-in
*** FLOP *** [Kd 8s 6d]
*** TURN *** [Kd 8s 6d][2h]
*** RIVER *** [Kd 8s 6d 2h][Qh]
*** SHOW DOWN ***
MathisKcr shows [Js 4d] (High card : King)
feligui2A shows [Kh As] (One pair : Kings)
feligui2A collected 50 from pot
*** SUMMARY ***
Total pot 50 | No rake
Board: [Kd 8s 6d 2h Qh]
Seat 1: feligui2A (big blind) showed [Kh As] and won 50 with One pair : Kings
Seat 2: MathisKcr (small blind) (button) showed [Js 4d] and lost with High card : King


