Winamax Poker - Tournament "MYSTERY KO" buyIn: 1.80€ + 0.20€ level: 1 - HandId: #4549413283307716612-1-1772983810 - Holdem no limit (25/100/200) - 2026/03/08 15:30:10 UTC
Table: 'MYSTERY KO(1059242823)#0003' 6-max (real money) Seat #6 is the button
Seat 1: Rasputin21 (20000)
Seat 2: MathisKcr (20000)
Seat 3: O-Billy (20000)
Seat 4: oreleo (20000)
Seat 5: Biketito (20000)
Seat 6: FrEs0811 (20000)
*** ANTE/BLINDS ***
Rasputin21 posts ante 25
MathisKcr posts ante 25
O-Billy posts ante 25
oreleo posts ante 25
Biketito posts ante 25
FrEs0811 posts ante 25
Rasputin21 posts small blind 100
MathisKcr posts big blind 200
Dealt to MathisKcr [3h 4d]
*** PRE-FLOP *** 
O-Billy folds
oreleo folds
Biketito folds
FrEs0811 raises 200 to 400
Rasputin21 folds
MathisKcr folds
FrEs0811 collected 850 from pot
*** SUMMARY ***
Total pot 850 | No rake
Seat 6: FrEs0811 (button) won 850


Winamax Poker - Tournament "MYSTERY KO" buyIn: 1.80€ + 0.20€ level: 1 - HandId: #4549413283307716612-2-1772983829 - Holdem no limit (25/100/200) - 2026/03/08 15:30:29 UTC
Table: 'MYSTERY KO(1059242823)#0003' 6-max (real money) Seat #1 is the button
Seat 1: Rasputin21 (19875)
Seat 2: MathisKcr (19775)
Seat 3: O-Billy (19975)
Seat 5: Biketito (19975)
Seat 6: FrEs0811 (20425)
*** ANTE/BLINDS ***
MathisKcr posts ante 25
O-Billy posts ante 25
Rasputin21 posts ante 25
Biketito posts ante 25
FrEs0811 posts ante 25
MathisKcr posts small blind 100
O-Billy posts big blind 200
Dealt to MathisKcr [Kc As]
*** PRE-FLOP *** 
Biketito folds
FrEs0811 folds
Rasputin21 folds
MathisKcr raises 200 to 400
O-Billy folds
MathisKcr collected 725 from pot
*** SUMMARY ***
Total pot 725 | No rake
Seat 2: MathisKcr (small blind) won 725


Winamax Poker - Tournament "MYSTERY KO" buyIn: 1.80€ + 0.20€ level: 1 - HandId: #4549413283307716612-3-1772983856 - Holdem no limit (25/100/200) - 2026/03/08 15:30:56 UTC
Table: 'MYSTERY KO(1059242823)#0003' 6-max (real money) Seat #2 is the button
Seat 1: Rasputin21 (19850)
Seat 2: MathisKcr (20075)
Seat 3: O-Billy (19750)
Seat 5: Biketito (19950)
Seat 6: FrEs0811 (20400)
*** ANTE/BLINDS ***
O-Billy posts ante 25
Biketito posts ante 25
Rasputin21 posts ante 25
MathisKcr posts ante 25
FrEs0811 posts ante 25
O-Billy posts small blind 100
Biketito posts big blind 200
Dealt to MathisKcr [Th Ac]
*** PRE-FLOP *** 
FrEs0811 raises 200 to 400
Rasputin21 folds
MathisKcr raises 600 to 1000
O-Billy folds
Biketito folds
FrEs0811 calls 600
*** FLOP *** [8d Jc 7s]
FrEs0811 checks
MathisKcr bets 849
FrEs0811 calls 849
*** TURN *** [8d Jc 7s][As]
FrEs0811 checks
MathisKcr bets 2062
FrEs0811 folds
MathisKcr collected 6185 from pot
*** SUMMARY ***
Total pot 6185 | No rake
Board: [8d Jc 7s As]
Seat 2: MathisKcr (button) won 6185


Winamax Poker - Tournament "MYSTERY KO" buyIn: 1.80€ + 0.20€ level: 1 - HandId: #4549413283307716612-4-1772983926 - Holdem no limit (25/100/200) - 2026/03/08 15:32:06 UTC
Table: 'MYSTERY KO(1059242823)#0003' 6-max (real money) Seat #3 is the button
Seat 1: Rasputin21 (19825)
Seat 2: MathisKcr (22324)
Seat 3: O-Billy (19625)
Seat 4: CarboPP (20000)
Seat 5: Biketito (19725)
Seat 6: FrEs0811 (18526)
*** ANTE/BLINDS ***
Biketito posts ante 25
FrEs0811 posts ante 25
Rasputin21 posts ante 25
MathisKcr posts ante 25
O-Billy posts ante 25
Biketito posts small blind 100
FrEs0811 posts big blind 200
Dealt to MathisKcr [8s 6s]
*** PRE-FLOP *** 
Rasputin21 folds
MathisKcr folds
O-Billy folds
Biketito raises 200 to 400
FrEs0811 folds
Biketito collected 725 from pot
*** SUMMARY ***
Total pot 725 | No rake
Seat 5: Biketito (small blind) won 725


Winamax Poker - Tournament "MYSTERY KO" buyIn: 1.80€ + 0.20€ level: 1 - HandId: #4549413283307716612-5-1772983939 - Holdem no limit (25/100/200) - 2026/03/08 15:32:19 UTC
Table: 'MYSTERY KO(1059242823)#0003' 6-max (real money) Seat #5 is the button
Seat 1: Rasputin21 (19800)
Seat 2: MathisKcr (22299)
Seat 3: O-Billy (19600)
Seat 4: CarboPP (20000)
Seat 5: Biketito (20025)
Seat 6: FrEs0811 (18301)
*** ANTE/BLINDS ***
FrEs0811 posts ante 25
Rasputin21 posts ante 25
MathisKcr posts ante 25
O-Billy posts ante 25
CarboPP posts ante 25
Biketito posts ante 25
FrEs0811 posts small blind 100
Rasputin21 posts big blind 200
Dealt to MathisKcr [7c 7s]
*** PRE-FLOP *** 
MathisKcr raises 200 to 400
O-Billy folds
CarboPP folds
Biketito folds
FrEs0811 folds
Rasputin21 folds
MathisKcr collected 850 from pot
*** SUMMARY ***
Total pot 850 | No rake
Seat 2: MathisKcr won 850


Winamax Poker - Tournament "MYSTERY KO" buyIn: 1.80€ + 0.20€ level: 1 - HandId: #4549413283307716612-6-1772984044 - Holdem no limit (25/100/200) - 2026/03/08 15:34:04 UTC
Table: 'MYSTERY KO(1059242823)#0003' 6-max (real money) Seat #6 is the button
Seat 1: Rasputin21 (19575)
Seat 2: MathisKcr (22724)
Seat 3: O-Billy (19575)
Seat 4: CarboPP (19975)
Seat 5: Biketito (20000)
Seat 6: FrEs0811 (18176)
*** ANTE/BLINDS ***
Rasputin21 posts ante 25
MathisKcr posts ante 25
O-Billy posts ante 25
CarboPP posts ante 25
Biketito posts ante 25
FrEs0811 posts ante 25
Rasputin21 posts small blind 100
MathisKcr posts big blind 200
Dealt to MathisKcr [Kh Js]
*** PRE-FLOP *** 
O-Billy folds
CarboPP folds
Biketito folds
FrEs0811 raises 200 to 400
Rasputin21 raises 1700 to 2100
MathisKcr calls 1900
FrEs0811 calls 1700
*** FLOP *** [Ts 9c 6c]
Rasputin21 bets 2129
MathisKcr calls 2129
FrEs0811 folds
*** TURN *** [Ts 9c 6c][8h]
Rasputin21 bets 15321 and is all-in
MathisKcr folds
Rasputin21 collected 26029 from pot
*** SUMMARY ***
Total pot 26029 | No rake
Board: [Ts 9c 6c 8h]
Seat 1: Rasputin21 (small blind) won 26029


Winamax Poker - Tournament "MYSTERY KO" buyIn: 1.80€ + 0.20€ level: 1 - HandId: #4549413283307716612-7-1772984122 - Holdem no limit (25/100/200) - 2026/03/08 15:35:22 UTC
Table: 'MYSTERY KO(1059242823)#0003' 6-max (real money) Seat #1 is the button
Seat 1: Rasputin21 (26029)
Seat 2: MathisKcr (18470)
Seat 3: O-Billy (19550)
Seat 4: CarboPP (19950)
Seat 5: Biketito (19975)
Seat 6: FrEs0811 (16051)
*** ANTE/BLINDS ***
MathisKcr posts ante 25
O-Billy posts ante 25
Rasputin21 posts ante 25
CarboPP posts ante 25
Biketito posts ante 25
FrEs0811 posts ante 25
MathisKcr posts small blind 100
O-Billy posts big blind 200
Dealt to MathisKcr [4c 3s]
*** PRE-FLOP *** 
CarboPP folds
Biketito raises 200 to 400
FrEs0811 raises 800 to 1200
Rasputin21 folds
MathisKcr folds
O-Billy folds
Biketito raises 3800 to 5000
FrEs0811 raises 11026 to 16026 and is all-in
Biketito raises 3924 to 19950 and is all-in
*** FLOP *** [Th 2s 6d]
*** TURN *** [Th 2s 6d][Qd]
*** RIVER *** [Th 2s 6d Qd][4d]
*** SHOW DOWN ***
Biketito shows [Js Jc] (One pair : Jacks)
FrEs0811 shows [Kd Ks] (One pair : Kings)
FrEs0811 collected 32502 from main pot
Biketito collected 3924 from side pot 1
*** SUMMARY ***
Total pot 36426 | No rake
Board: [Th 2s 6d Qd 4d]
Seat 5: Biketito showed [Js Jc] and won 3924 with One pair : Jacks
Seat 6: FrEs0811 showed [Kd Ks] and won 32502 with One pair : Kings


Winamax Poker - Tournament "MYSTERY KO" buyIn: 1.80€ + 0.20€ level: 1 - HandId: #4549413283307716612-8-1772984160 - Holdem no limit (25/100/200) - 2026/03/08 15:36:00 UTC
Table: 'MYSTERY KO(1059242823)#0003' 6-max (real money) Seat #2 is the button
Seat 1: Rasputin21 (26004)
Seat 2: MathisKcr (18345)
Seat 3: O-Billy (19325)
Seat 4: CarboPP (19925)
Seat 5: Biketito (3924)
Seat 6: FrEs0811 (32502)
*** ANTE/BLINDS ***
O-Billy posts ante 25
CarboPP posts ante 25
Rasputin21 posts ante 25
MathisKcr posts ante 25
Biketito posts ante 25
FrEs0811 posts ante 25
O-Billy posts small blind 100
CarboPP posts big blind 200
Dealt to MathisKcr [6h Td]
*** PRE-FLOP *** 
Biketito calls 200
FrEs0811 folds
Rasputin21 folds
MathisKcr folds
O-Billy raises 700 to 900
CarboPP folds
Biketito raises 2999 to 3899 and is all-in
O-Billy calls 2999
*** FLOP *** [Ts 8h 2h]
*** TURN *** [Ts 8h 2h][Kd]
*** RIVER *** [Ts 8h 2h Kd][8s]
*** SHOW DOWN ***
O-Billy shows [Jc 9d] (One pair : 8)
Biketito shows [Ad 5d] (One pair : 8)
Biketito collected 8148 from pot
*** SUMMARY ***
Total pot 8148 | No rake
Board: [Ts 8h 2h Kd 8s]
Seat 3: O-Billy (small blind) showed [Jc 9d] and lost with One pair : 8
Seat 5: Biketito showed [Ad 5d] and won 8148 with One pair : 8


Winamax Poker - Tournament "MYSTERY KO" buyIn: 1.80€ + 0.20€ level: 1 - HandId: #4549413283307716612-9-1772984230 - Holdem no limit (25/100/200) - 2026/03/08 15:37:10 UTC
Table: 'MYSTERY KO(1059242823)#0003' 6-max (real money) Seat #3 is the button
Seat 1: Rasputin21 (25979)
Seat 2: MathisKcr (18320)
Seat 3: O-Billy (15401)
Seat 4: CarboPP (19700)
Seat 5: Biketito (8148)
Seat 6: FrEs0811 (32477)
*** ANTE/BLINDS ***
CarboPP posts ante 25
Biketito posts ante 25
Rasputin21 posts ante 25
MathisKcr posts ante 25
O-Billy posts ante 25
FrEs0811 posts ante 25
CarboPP posts small blind 100
Biketito posts big blind 200
Dealt to MathisKcr [5h 9h]
*** PRE-FLOP *** 
FrEs0811 folds
Rasputin21 folds
MathisKcr folds
O-Billy folds
CarboPP folds
Biketito collected 450 from pot
*** SUMMARY ***
Total pot 450 | No rake
Seat 5: Biketito (big blind) won 450


Winamax Poker - Tournament "MYSTERY KO" buyIn: 1.80€ + 0.20€ level: 1 - HandId: #4549413283307716612-10-1772984246 - Holdem no limit (25/100/200) - 2026/03/08 15:37:26 UTC
Table: 'MYSTERY KO(1059242823)#0003' 6-max (real money) Seat #4 is the button
Seat 1: Rasputin21 (25954)
Seat 2: MathisKcr (18295)
Seat 3: O-Billy (15376)
Seat 4: CarboPP (19575)
Seat 5: Biketito (8373)
Seat 6: FrEs0811 (32452)
*** ANTE/BLINDS ***
Biketito posts ante 25
FrEs0811 posts ante 25
Rasputin21 posts ante 25
MathisKcr posts ante 25
O-Billy posts ante 25
CarboPP posts ante 25
Biketito posts small blind 100
FrEs0811 posts big blind 200
Dealt to MathisKcr [Qh 8s]
*** PRE-FLOP *** 
Rasputin21 raises 240 to 440
MathisKcr folds
O-Billy folds
CarboPP folds
Biketito folds
FrEs0811 calls 240
*** FLOP *** [6c Th 8d]
FrEs0811 checks
Rasputin21 checks
*** TURN *** [6c Th 8d][Kh]
FrEs0811 checks
Rasputin21 checks
*** RIVER *** [6c Th 8d Kh][Ad]
FrEs0811 bets 1130
Rasputin21 raises 2270 to 3400
FrEs0811 raises 7930 to 11330
Rasputin21 raises 14159 to 25489 and is all-in
FrEs0811 raises 6498 to 31987 and is all-in
*** SHOW DOWN ***
Rasputin21 shows [Qs Jh] (Straight Ace high)
FrEs0811 shows [Qd Jd] (Straight Ace high)
FrEs0811 collected 32552 from side pot 1
Rasputin21 collected 26054 from main pot
*** SUMMARY ***
Total pot 58606 | No rake
Board: [6c Th 8d Kh Ad]
Seat 1: Rasputin21 showed [Qs Jh] and won 26054 with Straight Ace high
Seat 6: FrEs0811 (big blind) showed [Qd Jd] and won 32552 with Straight Ace high


Winamax Poker - Tournament "MYSTERY KO" buyIn: 1.80€ + 0.20€ level: 1 - HandId: #4549413283307716612-11-1772984331 - Holdem no limit (25/100/200) - 2026/03/08 15:38:51 UTC
Table: 'MYSTERY KO(1059242823)#0003' 6-max (real money) Seat #5 is the button
Seat 1: Rasputin21 (26054)
Seat 2: MathisKcr (18270)
Seat 3: O-Billy (15351)
Seat 4: CarboPP (19550)
Seat 5: Biketito (8248)
Seat 6: FrEs0811 (32552)
*** ANTE/BLINDS ***
FrEs0811 posts ante 25
Rasputin21 posts ante 25
MathisKcr posts ante 25
O-Billy posts ante 25
CarboPP posts ante 25
Biketito posts ante 25
FrEs0811 posts small blind 100
Rasputin21 posts big blind 200
Dealt to MathisKcr [Ad 8d]
*** PRE-FLOP *** 
MathisKcr raises 200 to 400
O-Billy folds
CarboPP folds
Biketito raises 1300 to 1700
FrEs0811 folds
Rasputin21 folds
MathisKcr calls 1300
*** FLOP *** [5c 7h Qd]
MathisKcr bets 963
Biketito calls 963
*** TURN *** [5c 7h Qd][6h]
MathisKcr checks
Biketito checks
*** RIVER *** [5c 7h Qd 6h][4c]
MathisKcr bets 1444
Biketito raises 4116 to 5560 and is all-in
MathisKcr calls 4116
*** SHOW DOWN ***
Biketito shows [Qc Qs] (Trips of Queens)
MathisKcr shows [Ad 8d] (Straight 8 high)
MathisKcr collected 16896 from pot
*** SUMMARY ***
Total pot 16896 | No rake
Board: [5c 7h Qd 6h 4c]
Seat 2: MathisKcr showed [Ad 8d] and won 16896 with Straight 8 high
Seat 5: Biketito (button) showed [Qc Qs] and lost with Trips of Queens


Winamax Poker - Tournament "MYSTERY KO" buyIn: 1.80€ + 0.20€ level: 1 - HandId: #4549413283307716612-12-1772984418 - Holdem no limit (25/100/200) - 2026/03/08 15:40:18 UTC
Table: 'MYSTERY KO(1059242823)#0003' 6-max (real money) Seat #6 is the button
Seat 1: Rasputin21 (25829)
Seat 2: MathisKcr (26918)
Seat 3: O-Billy (15326)
Seat 4: CarboPP (19525)
Seat 6: FrEs0811 (32427)
*** ANTE/BLINDS ***
Rasputin21 posts ante 25
MathisKcr posts ante 25
O-Billy posts ante 25
CarboPP posts ante 25
FrEs0811 posts ante 25
Rasputin21 posts small blind 100
MathisKcr posts big blind 200
Dealt to MathisKcr [4c 6d]
*** PRE-FLOP *** 
O-Billy folds
CarboPP calls 200
FrEs0811 folds
Rasputin21 folds
MathisKcr checks
*** FLOP *** [Qd 5c As]
MathisKcr checks
CarboPP checks
*** TURN *** [Qd 5c As][4s]
MathisKcr bets 400
CarboPP folds
MathisKcr collected 1025 from pot
*** SUMMARY ***
Total pot 1025 | No rake
Board: [Qd 5c As 4s]
Seat 2: MathisKcr (big blind) won 1025


Winamax Poker - Tournament "MYSTERY KO" buyIn: 1.80€ + 0.20€ level: 1 - HandId: #4549413283307716612-13-1772984482 - Holdem no limit (25/100/200) - 2026/03/08 15:41:22 UTC
Table: 'MYSTERY KO(1059242823)#0003' 6-max (real money) Seat #1 is the button
Seat 1: Rasputin21 (25704)
Seat 2: MathisKcr (27318)
Seat 3: O-Billy (15301)
Seat 4: CarboPP (19300)
Seat 6: FrEs0811 (32402)
*** ANTE/BLINDS ***
MathisKcr posts ante 25
O-Billy posts ante 25
Rasputin21 posts ante 25
CarboPP posts ante 25
FrEs0811 posts ante 25
MathisKcr posts small blind 100
O-Billy posts big blind 200
Dealt to MathisKcr [Ks 7s]
*** PRE-FLOP *** 
CarboPP raises 300 to 500
FrEs0811 folds
Rasputin21 raises 1000 to 1500
MathisKcr folds
O-Billy folds
CarboPP calls 1000
*** FLOP *** [8h Jd As]
CarboPP checks
Rasputin21 bets 1130
CarboPP calls 1130
*** TURN *** [8h Jd As][9d]
CarboPP checks
Rasputin21 checks
*** RIVER *** [8h Jd As 9d][2h]
CarboPP bets 3695
Rasputin21 folds
CarboPP collected 9380 from pot
*** SUMMARY ***
Total pot 9380 | No rake
Board: [8h Jd As 9d 2h]
Seat 4: CarboPP won 9380


Winamax Poker - Tournament "MYSTERY KO" buyIn: 1.80€ + 0.20€ level: 1 - HandId: #4549413283307716612-14-1772984519 - Holdem no limit (25/100/200) - 2026/03/08 15:41:59 UTC
Table: 'MYSTERY KO(1059242823)#0003' 6-max (real money) Seat #2 is the button
Seat 1: Rasputin21 (23049)
Seat 2: MathisKcr (27193)
Seat 3: O-Billy (15076)
Seat 4: CarboPP (22330)
Seat 6: FrEs0811 (32377)
*** ANTE/BLINDS ***
O-Billy posts ante 25
CarboPP posts ante 25
Rasputin21 posts ante 25
MathisKcr posts ante 25
FrEs0811 posts ante 25
O-Billy posts small blind 100
CarboPP posts big blind 200
Dealt to MathisKcr [Jd 4d]
*** PRE-FLOP *** 
FrEs0811 folds
Rasputin21 folds
MathisKcr raises 400 to 600
O-Billy folds
CarboPP calls 400
*** FLOP *** [8d 3c 3h]
CarboPP checks
MathisKcr bets 499
CarboPP calls 499
*** TURN *** [8d 3c 3h][Ad]
CarboPP checks
MathisKcr checks
*** RIVER *** [8d 3c 3h Ad][9d]
CarboPP bets 848
MathisKcr raises 1548 to 2396
CarboPP folds
MathisKcr collected 5667 from pot
*** SUMMARY ***
Total pot 5667 | No rake
Board: [8d 3c 3h Ad 9d]
Seat 2: MathisKcr (button) won 5667


Winamax Poker - Tournament "MYSTERY KO" buyIn: 1.80€ + 0.20€ level: 1 - HandId: #4549413283307716612-15-1772984560 - Holdem no limit (25/100/200) - 2026/03/08 15:42:40 UTC
Table: 'MYSTERY KO(1059242823)#0003' 6-max (real money) Seat #3 is the button
Seat 1: Rasputin21 (23024)
Seat 2: MathisKcr (29340)
Seat 3: O-Billy (14951)
Seat 4: CarboPP (20358)
Seat 6: FrEs0811 (32352)
*** ANTE/BLINDS ***
CarboPP posts ante 25
FrEs0811 posts ante 25
Rasputin21 posts ante 25
MathisKcr posts ante 25
O-Billy posts ante 25
CarboPP posts small blind 100
FrEs0811 posts big blind 200
Dealt to MathisKcr [Qs Kc]
*** PRE-FLOP *** 
Rasputin21 folds
MathisKcr raises 200 to 400
O-Billy folds
CarboPP raises 19933 to 20333 and is all-in
FrEs0811 folds
MathisKcr folds
CarboPP collected 21058 from pot
*** SUMMARY ***
Total pot 21058 | No rake
Seat 4: CarboPP (small blind) won 21058


Winamax Poker - Tournament "MYSTERY KO" buyIn: 1.80€ + 0.20€ level: 1 - HandId: #4549413283307716612-16-1772984594 - Holdem no limit (25/100/200) - 2026/03/08 15:43:14 UTC
Table: 'MYSTERY KO(1059242823)#0003' 6-max (real money) Seat #4 is the button
Seat 1: Rasputin21 (22999)
Seat 2: MathisKcr (28915)
Seat 3: O-Billy (14926)
Seat 4: CarboPP (21058)
Seat 6: FrEs0811 (32127)
*** ANTE/BLINDS ***
FrEs0811 posts ante 25
Rasputin21 posts ante 25
MathisKcr posts ante 25
O-Billy posts ante 25
CarboPP posts ante 25
FrEs0811 posts small blind 100
Rasputin21 posts big blind 200
Dealt to MathisKcr [8d Kc]
*** PRE-FLOP *** 
MathisKcr raises 200 to 400
O-Billy folds
CarboPP folds
FrEs0811 folds
Rasputin21 folds
MathisKcr collected 825 from pot
*** SUMMARY ***
Total pot 825 | No rake
Seat 2: MathisKcr won 825


Winamax Poker - Tournament "MYSTERY KO" buyIn: 1.80€ + 0.20€ level: 1 - HandId: #4549413283307716612-17-1772984622 - Holdem no limit (25/100/200) - 2026/03/08 15:43:42 UTC
Table: 'MYSTERY KO(1059242823)#0003' 6-max (real money) Seat #6 is the button
Seat 1: Rasputin21 (22774)
Seat 2: MathisKcr (29315)
Seat 3: O-Billy (14901)
Seat 4: CarboPP (21033)
Seat 6: FrEs0811 (32002)
*** ANTE/BLINDS ***
Rasputin21 posts ante 25
MathisKcr posts ante 25
O-Billy posts ante 25
CarboPP posts ante 25
FrEs0811 posts ante 25
Rasputin21 posts small blind 100
MathisKcr posts big blind 200
Dealt to MathisKcr [Qc 6h]
*** PRE-FLOP *** 
O-Billy folds
CarboPP raises 300 to 500
FrEs0811 folds
Rasputin21 folds
MathisKcr folds
CarboPP collected 925 from pot
*** SUMMARY ***
Total pot 925 | No rake
Seat 4: CarboPP won 925


Winamax Poker - Tournament "MYSTERY KO" buyIn: 1.80€ + 0.20€ level: 1 - HandId: #4549413283307716612-18-1772984637 - Holdem no limit (25/100/200) - 2026/03/08 15:43:57 UTC
Table: 'MYSTERY KO(1059242823)#0003' 6-max (real money) Seat #1 is the button
Seat 1: Rasputin21 (22649)
Seat 2: MathisKcr (29090)
Seat 3: O-Billy (14876)
Seat 4: CarboPP (21433)
Seat 6: FrEs0811 (31977)
*** ANTE/BLINDS ***
MathisKcr posts ante 25
O-Billy posts ante 25
Rasputin21 posts ante 25
CarboPP posts ante 25
FrEs0811 posts ante 25
MathisKcr posts small blind 100
O-Billy posts big blind 200
Dealt to MathisKcr [Ts 4s]
*** PRE-FLOP *** 
CarboPP raises 300 to 500
FrEs0811 folds
Rasputin21 folds
MathisKcr folds
O-Billy folds
CarboPP collected 925 from pot
*** SUMMARY ***
Total pot 925 | No rake
Seat 4: CarboPP won 925


Winamax Poker - Tournament "MYSTERY KO" buyIn: 1.80€ + 0.20€ level: 1 - HandId: #4549413283307716612-19-1772984686 - Holdem no limit (25/100/200) - 2026/03/08 15:44:46 UTC
Table: 'MYSTERY KO(1059242823)#0003' 6-max (real money) Seat #2 is the button
Seat 1: Rasputin21 (22624)
Seat 2: MathisKcr (28965)
Seat 3: O-Billy (14651)
Seat 4: CarboPP (21833)
Seat 5: Lamantin_556 (20000)
Seat 6: FrEs0811 (31952)
*** ANTE/BLINDS ***
O-Billy posts ante 25
CarboPP posts ante 25
Rasputin21 posts ante 25
MathisKcr posts ante 25
Lamantin_556 posts ante 25
FrEs0811 posts ante 25
O-Billy posts small blind 100
CarboPP posts big blind 200
Dealt to MathisKcr [4d 5s]
*** PRE-FLOP *** 
Lamantin_556 calls 200
FrEs0811 folds
Rasputin21 folds
MathisKcr folds
O-Billy folds
CarboPP checks
*** FLOP *** [Qd 2h 9h]
CarboPP bets 227
Lamantin_556 folds
CarboPP collected 877 from pot
*** SUMMARY ***
Total pot 877 | No rake
Board: [Qd 2h 9h]
Seat 4: CarboPP (big blind) won 877


Winamax Poker - Tournament "MYSTERY KO" buyIn: 1.80€ + 0.20€ level: 1 - HandId: #4549413283307716612-20-1772984710 - Holdem no limit (25/100/200) - 2026/03/08 15:45:10 UTC
Table: 'MYSTERY KO(1059242823)#0003' 6-max (real money) Seat #3 is the button
Seat 1: Rasputin21 (22599)
Seat 2: MathisKcr (28940)
Seat 3: O-Billy (14526)
Seat 4: CarboPP (22258)
Seat 5: Lamantin_556 (19775)
Seat 6: FrEs0811 (31927)
*** ANTE/BLINDS ***
CarboPP posts ante 25
Lamantin_556 posts ante 25
Rasputin21 posts ante 25
MathisKcr posts ante 25
O-Billy posts ante 25
FrEs0811 posts ante 25
CarboPP posts small blind 100
Lamantin_556 posts big blind 200
Dealt to MathisKcr [3s Ks]
*** PRE-FLOP *** 
FrEs0811 folds
Rasputin21 raises 200 to 400
MathisKcr folds
O-Billy folds
CarboPP calls 300
Lamantin_556 folds
*** FLOP *** [4s Kc 9h]
CarboPP checks
Rasputin21 bets 380
CarboPP calls 380
*** TURN *** [4s Kc 9h][Qh]
CarboPP checks
Rasputin21 checks
*** RIVER *** [4s Kc 9h Qh][Qs]
CarboPP checks
Rasputin21 checks
*** SHOW DOWN ***
CarboPP shows [2d Ah] (One pair : Queens)
Rasputin21 shows [4h Ad] (Two pairs : Queens and 4)
Rasputin21 collected 1910 from pot
*** SUMMARY ***
Total pot 1910 | No rake
Board: [4s Kc 9h Qh Qs]
Seat 1: Rasputin21 showed [4h Ad] and won 1910 with Two pairs : Queens and 4
Seat 4: CarboPP (small blind) showed [2d Ah] and lost with One pair : Queens


Winamax Poker - Tournament "MYSTERY KO" buyIn: 1.80€ + 0.20€ level: 1 - HandId: #4549413283307716612-21-1772984789 - Holdem no limit (25/100/200) - 2026/03/08 15:46:29 UTC
Table: 'MYSTERY KO(1059242823)#0003' 6-max (real money) Seat #4 is the button
Seat 1: Rasputin21 (23704)
Seat 2: MathisKcr (28915)
Seat 3: O-Billy (14501)
Seat 4: CarboPP (21453)
Seat 5: Lamantin_556 (19550)
Seat 6: FrEs0811 (31902)
*** ANTE/BLINDS ***
Lamantin_556 posts ante 25
FrEs0811 posts ante 25
Rasputin21 posts ante 25
MathisKcr posts ante 25
O-Billy posts ante 25
CarboPP posts ante 25
Lamantin_556 posts small blind 100
FrEs0811 posts big blind 200
Dealt to MathisKcr [Th Ac]
*** PRE-FLOP *** 
Rasputin21 folds
MathisKcr raises 200 to 400
O-Billy folds
CarboPP folds
Lamantin_556 folds
FrEs0811 folds
MathisKcr collected 850 from pot
*** SUMMARY ***
Total pot 850 | No rake
Seat 2: MathisKcr won 850


Winamax Poker - Tournament "MYSTERY KO" buyIn: 1.80€ + 0.20€ level: 1 - HandId: #4549413283307716612-22-1772984805 - Holdem no limit (25/100/200) - 2026/03/08 15:46:45 UTC
Table: 'MYSTERY KO(1059242823)#0003' 6-max (real money) Seat #5 is the button
Seat 1: Rasputin21 (23679)
Seat 2: MathisKcr (29340)
Seat 3: O-Billy (14476)
Seat 4: CarboPP (21428)
Seat 5: Lamantin_556 (19425)
Seat 6: FrEs0811 (31677)
*** ANTE/BLINDS ***
FrEs0811 posts ante 25
Rasputin21 posts ante 25
MathisKcr posts ante 25
O-Billy posts ante 25
CarboPP posts ante 25
Lamantin_556 posts ante 25
FrEs0811 posts small blind 100
Rasputin21 posts big blind 200
Dealt to MathisKcr [7s 2s]
*** PRE-FLOP *** 
MathisKcr folds
O-Billy folds
CarboPP folds
Lamantin_556 folds
FrEs0811 folds
Rasputin21 collected 450 from pot
*** SUMMARY ***
Total pot 450 | No rake
Seat 1: Rasputin21 (big blind) won 450


Winamax Poker - Tournament "MYSTERY KO" buyIn: 1.80€ + 0.20€ level: 1 - HandId: #4549413283307716612-23-1772984823 - Holdem no limit (25/100/200) - 2026/03/08 15:47:03 UTC
Table: 'MYSTERY KO(1059242823)#0003' 6-max (real money) Seat #6 is the button
Seat 1: Rasputin21 (23904)
Seat 2: MathisKcr (29315)
Seat 3: O-Billy (14451)
Seat 4: CarboPP (21403)
Seat 5: Lamantin_556 (19400)
Seat 6: FrEs0811 (31552)
*** ANTE/BLINDS ***
Rasputin21 posts ante 25
MathisKcr posts ante 25
O-Billy posts ante 25
CarboPP posts ante 25
Lamantin_556 posts ante 25
FrEs0811 posts ante 25
Rasputin21 posts small blind 100
MathisKcr posts big blind 200
Dealt to MathisKcr [4d Ac]
*** PRE-FLOP *** 
O-Billy folds
CarboPP folds
Lamantin_556 folds
FrEs0811 folds
Rasputin21 folds
MathisKcr collected 450 from pot
*** SUMMARY ***
Total pot 450 | No rake
Seat 2: MathisKcr (big blind) won 450


Winamax Poker - Tournament "MYSTERY KO" buyIn: 1.80€ + 0.20€ level: 1 - HandId: #4549413283307716612-24-1772984840 - Holdem no limit (25/100/200) - 2026/03/08 15:47:20 UTC
Table: 'MYSTERY KO(1059242823)#0003' 6-max (real money) Seat #1 is the button
Seat 1: Rasputin21 (23779)
Seat 2: MathisKcr (29540)
Seat 3: O-Billy (14426)
Seat 4: CarboPP (21378)
Seat 5: Lamantin_556 (19375)
Seat 6: FrEs0811 (31527)
*** ANTE/BLINDS ***
MathisKcr posts ante 25
O-Billy posts ante 25
Rasputin21 posts ante 25
CarboPP posts ante 25
Lamantin_556 posts ante 25
FrEs0811 posts ante 25
MathisKcr posts small blind 100
O-Billy posts big blind 200
Dealt to MathisKcr [Ah Jd]
*** PRE-FLOP *** 
CarboPP raises 300 to 500
Lamantin_556 calls 500
FrEs0811 calls 500
Rasputin21 folds
MathisKcr raises 1000 to 1500
O-Billy raises 3000 to 4500
CarboPP calls 4000
Lamantin_556 calls 4000
FrEs0811 folds
MathisKcr raises 25015 to 29515 and is all-in
O-Billy calls 9901 and is all-in
CarboPP calls 16853 and is all-in
Lamantin_556 folds
*** FLOP *** [Qh 5h Ac]
*** TURN *** [Qh 5h Ac][Qd]
*** RIVER *** [Qh 5h Ac Qd][7h]
*** SHOW DOWN ***
O-Billy shows [As Kd] (Two pairs : Aces and Queens)
MathisKcr shows [Ah Jd] (Two pairs : Aces and Queens)
CarboPP shows [Qs 9s] (Trips of Queens)
CarboPP collected 62257 from main pot
MathisKcr collected 8162 from side pot 1
*** SUMMARY ***
Total pot 70419 | No rake
Board: [Qh 5h Ac Qd 7h]
Seat 2: MathisKcr (small blind) showed [Ah Jd] and won 8162 with Two pairs : Aces and Queens
Seat 3: O-Billy (big blind) showed [As Kd] and lost with Two pairs : Aces and Queens
Seat 4: CarboPP showed [Qs 9s] and won 62257 with Trips of Queens


Winamax Poker - Tournament "MYSTERY KO" buyIn: 1.80€ + 0.20€ level: 1 - HandId: #4549413283307716612-25-1772984895 - Holdem no limit (25/100/200) - 2026/03/08 15:48:15 UTC
Table: 'MYSTERY KO(1059242823)#0003' 6-max (real money) Seat #2 is the button
Seat 1: Rasputin21 (23754)
Seat 2: MathisKcr (8162)
Seat 4: CarboPP (62257)
Seat 5: Lamantin_556 (14850)
Seat 6: FrEs0811 (31002)
*** ANTE/BLINDS ***
CarboPP posts ante 25
Rasputin21 posts ante 25
MathisKcr posts ante 25
Lamantin_556 posts ante 25
FrEs0811 posts ante 25
CarboPP posts big blind 200
Dealt to MathisKcr [Jc 3c]
*** PRE-FLOP *** 
Lamantin_556 folds
FrEs0811 folds
Rasputin21 folds
MathisKcr raises 200 to 400
CarboPP calls 200
*** FLOP *** [Ac Qc 6s]
CarboPP checks
MathisKcr bets 463
CarboPP folds
MathisKcr collected 1388 from pot
*** SUMMARY ***
Total pot 1388 | No rake
Board: [Ac Qc 6s]
Seat 2: MathisKcr (button) won 1388


Winamax Poker - Tournament "MYSTERY KO" buyIn: 1.80€ + 0.20€ level: 1 - HandId: #4549413283307716612-26-1772984925 - Holdem no limit (25/100/200) - 2026/03/08 15:48:45 UTC
Table: 'MYSTERY KO(1059242823)#0003' 6-max (real money) Seat #3 is the button
Seat 1: Rasputin21 (23729)
Seat 2: MathisKcr (8662)
Seat 4: CarboPP (61832)
Seat 5: Lamantin_556 (14825)
Seat 6: FrEs0811 (30977)
*** ANTE/BLINDS ***
CarboPP posts ante 25
Lamantin_556 posts ante 25
Rasputin21 posts ante 25
MathisKcr posts ante 25
FrEs0811 posts ante 25
CarboPP posts small blind 100
Lamantin_556 posts big blind 200
Dealt to MathisKcr [4d Kh]
*** PRE-FLOP *** 
FrEs0811 folds
Rasputin21 folds
MathisKcr raises 200 to 400
CarboPP calls 300
Lamantin_556 folds
*** FLOP *** [7d Qh Td]
CarboPP checks
MathisKcr checks
*** TURN *** [7d Qh Td][5s]
CarboPP bets 394
MathisKcr folds
CarboPP collected 1519 from pot
*** SUMMARY ***
Total pot 1519 | No rake
Board: [7d Qh Td 5s]
Seat 4: CarboPP (small blind) won 1519


Winamax Poker - Tournament "MYSTERY KO" buyIn: 1.80€ + 0.20€ level: 1 - HandId: #4549413283307716612-27-1772984982 - Holdem no limit (25/100/200) - 2026/03/08 15:49:42 UTC
Table: 'MYSTERY KO(1059242823)#0003' 6-max (real money) Seat #4 is the button
Seat 1: Rasputin21 (23704)
Seat 2: MathisKcr (8237)
Seat 3: kinkin.a.60 (20000)
Seat 4: CarboPP (62532)
Seat 5: Lamantin_556 (14600)
Seat 6: FrEs0811 (30952)
*** ANTE/BLINDS ***
Lamantin_556 posts ante 25
FrEs0811 posts ante 25
Rasputin21 posts ante 25
MathisKcr posts ante 25
kinkin.a.60 posts ante 25
CarboPP posts ante 25
Lamantin_556 posts small blind 100
FrEs0811 posts big blind 200
Dealt to MathisKcr [7c Qd]
*** PRE-FLOP *** 
Rasputin21 raises 240 to 440
MathisKcr folds
kinkin.a.60 calls 440
CarboPP folds
Lamantin_556 calls 340
FrEs0811 folds
*** FLOP *** [Ac 4s Ad]
Lamantin_556 checks
Rasputin21 bets 700
kinkin.a.60 folds
Lamantin_556 folds
Rasputin21 collected 2370 from pot
*** SUMMARY ***
Total pot 2370 | No rake
Board: [Ac 4s Ad]
Seat 1: Rasputin21 won 2370


Winamax Poker - Tournament "MYSTERY KO" buyIn: 1.80€ + 0.20€ level: 1 - HandId: #4549413283307716612-28-1772985017 - Holdem no limit (25/100/200) - 2026/03/08 15:50:17 UTC
Table: 'MYSTERY KO(1059242823)#0003' 6-max (real money) Seat #5 is the button
Seat 1: Rasputin21 (24909)
Seat 2: MathisKcr (8212)
Seat 3: kinkin.a.60 (19535)
Seat 4: CarboPP (62507)
Seat 5: Lamantin_556 (14135)
Seat 6: FrEs0811 (30727)
*** ANTE/BLINDS ***
FrEs0811 posts ante 25
Rasputin21 posts ante 25
MathisKcr posts ante 25
kinkin.a.60 posts ante 25
CarboPP posts ante 25
Lamantin_556 posts ante 25
FrEs0811 posts small blind 100
Rasputin21 posts big blind 200
Dealt to MathisKcr [3h 2s]
*** PRE-FLOP *** 
MathisKcr folds
kinkin.a.60 folds
CarboPP folds
Lamantin_556 calls 200
FrEs0811 calls 100
Rasputin21 raises 500 to 700
Lamantin_556 calls 500
FrEs0811 calls 500
*** FLOP *** [9h 2c 8h]
FrEs0811 checks
Rasputin21 checks
Lamantin_556 checks
*** TURN *** [9h 2c 8h][6d]
FrEs0811 checks
Rasputin21 checks
Lamantin_556 checks
*** RIVER *** [9h 2c 8h 6d][4h]
FrEs0811 checks
Rasputin21 checks
Lamantin_556 checks
*** SHOW DOWN ***
Rasputin21 shows [Jd Qd] (High card : Queen)
FrEs0811 shows [Ah Td] (High card : Ace)
Lamantin_556 shows [Ks 4s] (One pair : 4)
Lamantin_556 collected 2250 from pot
*** SUMMARY ***
Total pot 2250 | No rake
Board: [9h 2c 8h 6d 4h]
Seat 1: Rasputin21 (big blind) showed [Jd Qd] and lost with High card : Queen
Seat 5: Lamantin_556 (button) showed [Ks 4s] and won 2250 with One pair : 4
Seat 6: FrEs0811 (small blind) showed [Ah Td] and lost with High card : Ace


Winamax Poker - Tournament "MYSTERY KO" buyIn: 1.80€ + 0.20€ level: 1 - HandId: #4549413283307716612-29-1772985064 - Holdem no limit (25/100/200) - 2026/03/08 15:51:04 UTC
Table: 'MYSTERY KO(1059242823)#0003' 6-max (real money) Seat #6 is the button
Seat 1: Rasputin21 (24184)
Seat 2: MathisKcr (8187)
Seat 3: kinkin.a.60 (19510)
Seat 4: CarboPP (62482)
Seat 5: Lamantin_556 (15660)
Seat 6: FrEs0811 (30002)
*** ANTE/BLINDS ***
Rasputin21 posts ante 25
MathisKcr posts ante 25
kinkin.a.60 posts ante 25
CarboPP posts ante 25
Lamantin_556 posts ante 25
FrEs0811 posts ante 25
Rasputin21 posts small blind 100
MathisKcr posts big blind 200
Dealt to MathisKcr [9d 7s]
*** PRE-FLOP *** 
kinkin.a.60 folds
CarboPP folds
Lamantin_556 folds
FrEs0811 folds
Rasputin21 raises 500 to 700
MathisKcr folds
Rasputin21 collected 1050 from pot
*** SUMMARY ***
Total pot 1050 | No rake
Seat 1: Rasputin21 (small blind) won 1050


Winamax Poker - Tournament "MYSTERY KO" buyIn: 1.80€ + 0.20€ level: 1 - HandId: #4549413283307716612-30-1772985102 - Holdem no limit (25/100/200) - 2026/03/08 15:51:42 UTC
Table: 'MYSTERY KO(1059242823)#0003' 6-max (real money) Seat #1 is the button
Seat 1: Rasputin21 (24509)
Seat 2: MathisKcr (7962)
Seat 3: kinkin.a.60 (19485)
Seat 4: CarboPP (62457)
Seat 5: Lamantin_556 (15635)
Seat 6: FrEs0811 (29977)
*** ANTE/BLINDS ***
MathisKcr posts ante 25
kinkin.a.60 posts ante 25
Rasputin21 posts ante 25
CarboPP posts ante 25
Lamantin_556 posts ante 25
FrEs0811 posts ante 25
MathisKcr posts small blind 100
kinkin.a.60 posts big blind 200
Dealt to MathisKcr [7s Tc]
*** PRE-FLOP *** 
CarboPP folds
Lamantin_556 calls 200
FrEs0811 folds
Rasputin21 folds
MathisKcr calls 100
kinkin.a.60 checks
*** FLOP *** [Jh 9h 3d]
MathisKcr checks
kinkin.a.60 checks
Lamantin_556 checks
*** TURN *** [Jh 9h 3d][Ad]
MathisKcr checks
kinkin.a.60 checks
Lamantin_556 checks
*** RIVER *** [Jh 9h 3d Ad][Kd]
MathisKcr checks
kinkin.a.60 bets 600
Lamantin_556 folds
MathisKcr folds
kinkin.a.60 collected 1350 from pot
*** SUMMARY ***
Total pot 1350 | No rake
Board: [Jh 9h 3d Ad Kd]
Seat 3: kinkin.a.60 (big blind) won 1350


Winamax Poker - Tournament "MYSTERY KO" buyIn: 1.80€ + 0.20€ level: 1 - HandId: #4549413283307716612-31-1772985188 - Holdem no limit (25/100/200) - 2026/03/08 15:53:08 UTC
Table: 'MYSTERY KO(1059242823)#0003' 6-max (real money) Seat #2 is the button
Seat 1: Rasputin21 (24484)
Seat 2: MathisKcr (7737)
Seat 3: kinkin.a.60 (20010)
Seat 4: CarboPP (62432)
Seat 5: Lamantin_556 (15410)
Seat 6: FrEs0811 (29952)
*** ANTE/BLINDS ***
kinkin.a.60 posts ante 25
CarboPP posts ante 25
Rasputin21 posts ante 25
MathisKcr posts ante 25
Lamantin_556 posts ante 25
FrEs0811 posts ante 25
kinkin.a.60 posts small blind 100
CarboPP posts big blind 200
Dealt to MathisKcr [5h 8h]
*** PRE-FLOP *** 
Lamantin_556 calls 200
FrEs0811 raises 200 to 400
Rasputin21 folds
MathisKcr raises 7312 to 7712 and is all-in
kinkin.a.60 folds
CarboPP folds
Lamantin_556 folds
FrEs0811 folds
MathisKcr collected 8762 from pot
*** SUMMARY ***
Total pot 8762 | No rake
Seat 2: MathisKcr (button) won 8762


Winamax Poker - Tournament "MYSTERY KO" buyIn: 1.80€ + 0.20€ level: 1 - HandId: #4549413283307716612-32-1772985221 - Holdem no limit (25/100/200) - 2026/03/08 15:53:41 UTC
Table: 'MYSTERY KO(1059242823)#0003' 6-max (real money) Seat #3 is the button
Seat 1: Rasputin21 (24459)
Seat 2: MathisKcr (8762)
Seat 3: kinkin.a.60 (19885)
Seat 4: CarboPP (62207)
Seat 5: Lamantin_556 (15185)
Seat 6: FrEs0811 (29527)
*** ANTE/BLINDS ***
CarboPP posts ante 25
Lamantin_556 posts ante 25
Rasputin21 posts ante 25
MathisKcr posts ante 25
kinkin.a.60 posts ante 25
FrEs0811 posts ante 25
CarboPP posts small blind 100
Lamantin_556 posts big blind 200
Dealt to MathisKcr [9d 3d]
*** PRE-FLOP *** 
FrEs0811 folds
Rasputin21 raises 200 to 400
MathisKcr folds
kinkin.a.60 calls 400
CarboPP calls 300
Lamantin_556 calls 200
*** FLOP *** [9s 8h Jd]
CarboPP bets 613
Lamantin_556 calls 613
Rasputin21 folds
kinkin.a.60 calls 613
*** TURN *** [9s 8h Jd][9c]
CarboPP bets 3589
Lamantin_556 raises 10558 to 14147 and is all-in
kinkin.a.60 folds
CarboPP folds
Lamantin_556 collected 21325 from pot
*** SUMMARY ***
Total pot 21325 | No rake
Board: [9s 8h Jd 9c]
Seat 5: Lamantin_556 (big blind) won 21325


Winamax Poker - Tournament "MYSTERY KO" buyIn: 1.80€ + 0.20€ level: 1 - HandId: #4549413283307716612-33-1772985661 - Holdem no limit (25/100/200) - 2026/03/08 16:01:01 UTC
Table: 'MYSTERY KO(1059242823)#0003' 6-max (real money) Seat #4 is the button
Seat 1: Rasputin21 (24034)
Seat 2: MathisKcr (8737)
Seat 3: kinkin.a.60 (18847)
Seat 4: CarboPP (57580)
Seat 5: Lamantin_556 (21325)
Seat 6: FrEs0811 (29502)
*** ANTE/BLINDS ***
Lamantin_556 posts ante 25
FrEs0811 posts ante 25
Rasputin21 posts ante 25
MathisKcr posts ante 25
kinkin.a.60 posts ante 25
CarboPP posts ante 25
Lamantin_556 posts small blind 100
FrEs0811 posts big blind 200
Dealt to MathisKcr [5d 4s]
*** PRE-FLOP *** 
Rasputin21 folds
MathisKcr folds
kinkin.a.60 folds
CarboPP folds
Lamantin_556 folds
FrEs0811 collected 450 from pot
*** SUMMARY ***
Total pot 450 | No rake
Seat 6: FrEs0811 (big blind) won 450


Winamax Poker - Tournament "MYSTERY KO" buyIn: 1.80€ + 0.20€ level: 1 - HandId: #4549413283307716612-34-1772985699 - Holdem no limit (25/100/200) - 2026/03/08 16:01:39 UTC
Table: 'MYSTERY KO(1059242823)#0003' 6-max (real money) Seat #5 is the button
Seat 1: Rasputin21 (24009)
Seat 2: MathisKcr (8712)
Seat 3: kinkin.a.60 (18822)
Seat 4: CarboPP (57555)
Seat 5: Lamantin_556 (21200)
Seat 6: FrEs0811 (29727)
*** ANTE/BLINDS ***
FrEs0811 posts ante 25
Rasputin21 posts ante 25
MathisKcr posts ante 25
kinkin.a.60 posts ante 25
CarboPP posts ante 25
Lamantin_556 posts ante 25
FrEs0811 posts small blind 100
Rasputin21 posts big blind 200
Dealt to MathisKcr [7d 3c]
*** PRE-FLOP *** 
MathisKcr folds
kinkin.a.60 folds
CarboPP folds
Lamantin_556 calls 200
FrEs0811 folds
Rasputin21 raises 700 to 900
Lamantin_556 folds
Rasputin21 collected 1350 from pot
*** SUMMARY ***
Total pot 1350 | No rake
Seat 1: Rasputin21 (big blind) won 1350


Winamax Poker - Tournament "MYSTERY KO" buyIn: 1.80€ + 0.20€ level: 1 - HandId: #4549413283307716612-35-1772985732 - Holdem no limit (25/100/200) - 2026/03/08 16:02:12 UTC
Table: 'MYSTERY KO(1059242823)#0003' 6-max (real money) Seat #6 is the button
Seat 1: Rasputin21 (24434)
Seat 2: MathisKcr (8687)
Seat 3: kinkin.a.60 (18797)
Seat 4: CarboPP (57530)
Seat 5: Lamantin_556 (20975)
Seat 6: FrEs0811 (29602)
*** ANTE/BLINDS ***
Rasputin21 posts ante 25
MathisKcr posts ante 25
kinkin.a.60 posts ante 25
CarboPP posts ante 25
Lamantin_556 posts ante 25
FrEs0811 posts ante 25
Rasputin21 posts small blind 100
MathisKcr posts big blind 200
Dealt to MathisKcr [Kd Js]
*** PRE-FLOP *** 
kinkin.a.60 folds
CarboPP folds
Lamantin_556 folds
FrEs0811 folds
Rasputin21 folds
MathisKcr collected 450 from pot
*** SUMMARY ***
Total pot 450 | No rake
Seat 2: MathisKcr (big blind) won 450


Winamax Poker - Tournament "MYSTERY KO" buyIn: 1.80€ + 0.20€ level: 1 - HandId: #4549413283307716612-36-1772985758 - Holdem no limit (25/100/200) - 2026/03/08 16:02:38 UTC
Table: 'MYSTERY KO(1059242823)#0003' 6-max (real money) Seat #1 is the button
Seat 1: Rasputin21 (24309)
Seat 2: MathisKcr (8912)
Seat 3: kinkin.a.60 (18772)
Seat 4: CarboPP (57505)
Seat 5: Lamantin_556 (20950)
Seat 6: FrEs0811 (29577)
*** ANTE/BLINDS ***
MathisKcr posts ante 25
kinkin.a.60 posts ante 25
Rasputin21 posts ante 25
CarboPP posts ante 25
Lamantin_556 posts ante 25
FrEs0811 posts ante 25
MathisKcr posts small blind 100
kinkin.a.60 posts big blind 200
Dealt to MathisKcr [2c 8c]
*** PRE-FLOP *** 
CarboPP folds
Lamantin_556 folds
FrEs0811 folds
Rasputin21 folds
MathisKcr raises 400 to 600
kinkin.a.60 folds
MathisKcr collected 950 from pot
*** SUMMARY ***
Total pot 950 | No rake
Seat 2: MathisKcr (small blind) won 950


Winamax Poker - Tournament "MYSTERY KO" buyIn: 1.80€ + 0.20€ level: 1 - HandId: #4549413283307716612-37-1772985792 - Holdem no limit (25/100/200) - 2026/03/08 16:03:12 UTC
Table: 'MYSTERY KO(1059242823)#0003' 6-max (real money) Seat #2 is the button
Seat 1: Rasputin21 (24284)
Seat 2: MathisKcr (9237)
Seat 3: kinkin.a.60 (18547)
Seat 4: CarboPP (57480)
Seat 5: Lamantin_556 (20925)
Seat 6: FrEs0811 (29552)
*** ANTE/BLINDS ***
kinkin.a.60 posts ante 25
CarboPP posts ante 25
Rasputin21 posts ante 25
MathisKcr posts ante 25
Lamantin_556 posts ante 25
FrEs0811 posts ante 25
kinkin.a.60 posts small blind 100
CarboPP posts big blind 200
Dealt to MathisKcr [3d Js]
*** PRE-FLOP *** 
Lamantin_556 folds
FrEs0811 folds
Rasputin21 folds
MathisKcr folds
kinkin.a.60 folds
CarboPP collected 450 from pot
*** SUMMARY ***
Total pot 450 | No rake
Seat 4: CarboPP (big blind) won 450


Winamax Poker - Tournament "MYSTERY KO" buyIn: 1.80€ + 0.20€ level: 1 - HandId: #4549413283307716612-38-1772985841 - Holdem no limit (25/100/200) - 2026/03/08 16:04:01 UTC
Table: 'MYSTERY KO(1059242823)#0003' 6-max (real money) Seat #3 is the button
Seat 1: Rasputin21 (24259)
Seat 2: MathisKcr (9212)
Seat 3: kinkin.a.60 (18422)
Seat 4: CarboPP (57705)
Seat 5: Lamantin_556 (20900)
Seat 6: FrEs0811 (29527)
*** ANTE/BLINDS ***
CarboPP posts ante 25
Lamantin_556 posts ante 25
Rasputin21 posts ante 25
MathisKcr posts ante 25
kinkin.a.60 posts ante 25
FrEs0811 posts ante 25
CarboPP posts small blind 100
Lamantin_556 posts big blind 200
Dealt to MathisKcr [7d Td]
*** PRE-FLOP *** 
FrEs0811 folds
Rasputin21 folds
MathisKcr folds
kinkin.a.60 folds
CarboPP folds
Lamantin_556 collected 450 from pot
*** SUMMARY ***
Total pot 450 | No rake
Seat 5: Lamantin_556 (big blind) won 450


Winamax Poker - Tournament "MYSTERY KO" buyIn: 1.80€ + 0.20€ level: 1 - HandId: #4549413283307716612-39-1772985885 - Holdem no limit (25/100/200) - 2026/03/08 16:04:45 UTC
Table: 'MYSTERY KO(1059242823)#0003' 6-max (real money) Seat #4 is the button
Seat 1: Rasputin21 (24234)
Seat 2: MathisKcr (9187)
Seat 3: kinkin.a.60 (18397)
Seat 4: CarboPP (57580)
Seat 5: Lamantin_556 (21125)
Seat 6: FrEs0811 (29502)
*** ANTE/BLINDS ***
Lamantin_556 posts ante 25
FrEs0811 posts ante 25
Rasputin21 posts ante 25
MathisKcr posts ante 25
kinkin.a.60 posts ante 25
CarboPP posts ante 25
Lamantin_556 posts small blind 100
FrEs0811 posts big blind 200
Dealt to MathisKcr [Ts 9d]
*** PRE-FLOP *** 
Rasputin21 folds
MathisKcr raises 200 to 400
kinkin.a.60 folds
CarboPP folds
Lamantin_556 folds
FrEs0811 calls 200
*** FLOP *** [4c Ac 6d]
FrEs0811 checks
MathisKcr checks
*** TURN *** [4c Ac 6d][3h]
FrEs0811 checks
MathisKcr checks
*** RIVER *** [4c Ac 6d 3h][Ad]
FrEs0811 checks
MathisKcr checks
*** SHOW DOWN ***
MathisKcr shows [Ts 9d] (One pair : Aces)
FrEs0811 shows [Kd 2d] (One pair : Aces)
FrEs0811 collected 1050 from pot
*** SUMMARY ***
Total pot 1050 | No rake
Board: [4c Ac 6d 3h Ad]
Seat 2: MathisKcr showed [Ts 9d] and lost with One pair : Aces
Seat 6: FrEs0811 (big blind) showed [Kd 2d] and won 1050 with One pair : Aces


Winamax Poker - Tournament "MYSTERY KO" buyIn: 1.80€ + 0.20€ level: 1 - HandId: #4549413283307716612-40-1772985940 - Holdem no limit (25/100/200) - 2026/03/08 16:05:40 UTC
Table: 'MYSTERY KO(1059242823)#0003' 6-max (real money) Seat #5 is the button
Seat 1: Rasputin21 (24209)
Seat 2: MathisKcr (8762)
Seat 3: kinkin.a.60 (18372)
Seat 4: CarboPP (57555)
Seat 5: Lamantin_556 (21000)
Seat 6: FrEs0811 (30127)
*** ANTE/BLINDS ***
FrEs0811 posts ante 25
Rasputin21 posts ante 25
MathisKcr posts ante 25
kinkin.a.60 posts ante 25
CarboPP posts ante 25
Lamantin_556 posts ante 25
FrEs0811 posts small blind 100
Rasputin21 posts big blind 200
Dealt to MathisKcr [5h 6d]
*** PRE-FLOP *** 
MathisKcr folds
kinkin.a.60 folds
CarboPP raises 300 to 500
Lamantin_556 folds
FrEs0811 calls 400
Rasputin21 folds
*** FLOP *** [Jh Kd As]
FrEs0811 checks
CarboPP checks
*** TURN *** [Jh Kd As][9d]
FrEs0811 bets 200
CarboPP calls 200
*** RIVER *** [Jh Kd As 9d][Jc]
FrEs0811 bets 1900
CarboPP raises 2943 to 4843
FrEs0811 calls 2943
*** SHOW DOWN ***
CarboPP shows [8s 8c] (Two pairs : Jacks and 8)
FrEs0811 shows [Qc Tc] (Straight Ace high)
FrEs0811 collected 11436 from pot
*** SUMMARY ***
Total pot 11436 | No rake
Board: [Jh Kd As 9d Jc]
Seat 4: CarboPP showed [8s 8c] and lost with Two pairs : Jacks and 8
Seat 6: FrEs0811 (small blind) showed [Qc Tc] and won 11436 with Straight Ace high


Winamax Poker - Tournament "MYSTERY KO" buyIn: 1.80€ + 0.20€ level: 1 - HandId: #4549413283307716612-41-1772986011 - Holdem no limit (25/100/200) - 2026/03/08 16:06:51 UTC
Table: 'MYSTERY KO(1059242823)#0003' 6-max (real money) Seat #6 is the button
Seat 1: Rasputin21 (23984)
Seat 2: MathisKcr (8737)
Seat 3: kinkin.a.60 (18347)
Seat 4: CarboPP (51987)
Seat 5: Lamantin_556 (20975)
Seat 6: FrEs0811 (35995)
*** ANTE/BLINDS ***
Rasputin21 posts ante 25
MathisKcr posts ante 25
kinkin.a.60 posts ante 25
CarboPP posts ante 25
Lamantin_556 posts ante 25
FrEs0811 posts ante 25
Rasputin21 posts small blind 100
MathisKcr posts big blind 200
Dealt to MathisKcr [6d 3h]
*** PRE-FLOP *** 
kinkin.a.60 raises 300 to 500
CarboPP folds
Lamantin_556 calls 500
FrEs0811 folds
Rasputin21 calls 400
MathisKcr folds
*** FLOP *** [Js 5h 9h]
Rasputin21 bets 611
kinkin.a.60 folds
Lamantin_556 folds
Rasputin21 collected 2461 from pot
*** SUMMARY ***
Total pot 2461 | No rake
Board: [Js 5h 9h]
Seat 1: Rasputin21 (small blind) won 2461


Winamax Poker - Tournament "MYSTERY KO" buyIn: 1.80€ + 0.20€ level: 1 - HandId: #4549413283307716612-42-1772986070 - Holdem no limit (25/100/200) - 2026/03/08 16:07:50 UTC
Table: 'MYSTERY KO(1059242823)#0003' 6-max (real money) Seat #1 is the button
Seat 1: Rasputin21 (25309)
Seat 2: MathisKcr (8512)
Seat 3: kinkin.a.60 (17822)
Seat 4: CarboPP (51962)
Seat 5: Lamantin_556 (20450)
Seat 6: FrEs0811 (35970)
*** ANTE/BLINDS ***
MathisKcr posts ante 25
kinkin.a.60 posts ante 25
Rasputin21 posts ante 25
CarboPP posts ante 25
Lamantin_556 posts ante 25
FrEs0811 posts ante 25
MathisKcr posts small blind 100
kinkin.a.60 posts big blind 200
Dealt to MathisKcr [2h 2s]
*** PRE-FLOP *** 
CarboPP folds
Lamantin_556 folds
FrEs0811 folds
Rasputin21 folds
MathisKcr raises 8287 to 8487 and is all-in
kinkin.a.60 folds
MathisKcr collected 8837 from pot
*** SUMMARY ***
Total pot 8837 | No rake
Seat 2: MathisKcr (small blind) won 8837


Winamax Poker - Tournament "MYSTERY KO" buyIn: 1.80€ + 0.20€ level: 1 - HandId: #4549413283307716612-43-1772986103 - Holdem no limit (25/100/200) - 2026/03/08 16:08:23 UTC
Table: 'MYSTERY KO(1059242823)#0003' 6-max (real money) Seat #2 is the button
Seat 1: Rasputin21 (25284)
Seat 2: MathisKcr (8837)
Seat 3: kinkin.a.60 (17597)
Seat 4: CarboPP (51937)
Seat 5: Lamantin_556 (20425)
Seat 6: FrEs0811 (35945)
*** ANTE/BLINDS ***
kinkin.a.60 posts ante 25
CarboPP posts ante 25
Rasputin21 posts ante 25
MathisKcr posts ante 25
Lamantin_556 posts ante 25
FrEs0811 posts ante 25
kinkin.a.60 posts small blind 100
CarboPP posts big blind 200
Dealt to MathisKcr [Js Qh]
*** PRE-FLOP *** 
Lamantin_556 folds
FrEs0811 folds
Rasputin21 folds
MathisKcr raises 8612 to 8812 and is all-in
kinkin.a.60 folds
CarboPP folds
MathisKcr collected 9262 from pot
*** SUMMARY ***
Total pot 9262 | No rake
Seat 2: MathisKcr (button) won 9262


Winamax Poker - Tournament "MYSTERY KO" buyIn: 1.80€ + 0.20€ level: 1 - HandId: #4549413283307716612-44-1772986144 - Holdem no limit (25/100/200) - 2026/03/08 16:09:04 UTC
Table: 'MYSTERY KO(1059242823)#0003' 6-max (real money) Seat #3 is the button
Seat 1: Rasputin21 (25259)
Seat 2: MathisKcr (9262)
Seat 3: kinkin.a.60 (17472)
Seat 4: CarboPP (51712)
Seat 5: Lamantin_556 (20400)
Seat 6: FrEs0811 (35920)
*** ANTE/BLINDS ***
CarboPP posts ante 25
Lamantin_556 posts ante 25
Rasputin21 posts ante 25
MathisKcr posts ante 25
kinkin.a.60 posts ante 25
FrEs0811 posts ante 25
CarboPP posts small blind 100
Lamantin_556 posts big blind 200
Dealt to MathisKcr [8h 6h]
*** PRE-FLOP *** 
FrEs0811 folds
Rasputin21 folds
MathisKcr folds
kinkin.a.60 folds
CarboPP folds
Lamantin_556 collected 450 from pot
*** SUMMARY ***
Total pot 450 | No rake
Seat 5: Lamantin_556 (big blind) won 450


Winamax Poker - Tournament "MYSTERY KO" buyIn: 1.80€ + 0.20€ level: 1 - HandId: #4549413283307716612-45-1772986166 - Holdem no limit (25/100/200) - 2026/03/08 16:09:26 UTC
Table: 'MYSTERY KO(1059242823)#0003' 6-max (real money) Seat #4 is the button
Seat 1: Rasputin21 (25234)
Seat 2: MathisKcr (9237)
Seat 3: kinkin.a.60 (17447)
Seat 4: CarboPP (51587)
Seat 5: Lamantin_556 (20625)
Seat 6: FrEs0811 (35895)
*** ANTE/BLINDS ***
Lamantin_556 posts ante 25
FrEs0811 posts ante 25
Rasputin21 posts ante 25
MathisKcr posts ante 25
kinkin.a.60 posts ante 25
CarboPP posts ante 25
Lamantin_556 posts small blind 100
FrEs0811 posts big blind 200
Dealt to MathisKcr [3s 5d]
*** PRE-FLOP *** 
Rasputin21 folds
MathisKcr folds
kinkin.a.60 folds
CarboPP raises 300 to 500
Lamantin_556 folds
FrEs0811 calls 300
*** FLOP *** [3c 7s 5s]
FrEs0811 checks
CarboPP checks
*** TURN *** [3c 7s 5s][Jc]
FrEs0811 checks
CarboPP checks
*** RIVER *** [3c 7s 5s Jc][Jd]
FrEs0811 checks
CarboPP bets 813
FrEs0811 folds
CarboPP collected 2063 from pot
*** SUMMARY ***
Total pot 2063 | No rake
Board: [3c 7s 5s Jc Jd]
Seat 4: CarboPP (button) won 2063


Winamax Poker - Tournament "MYSTERY KO" buyIn: 1.80€ + 0.20€ level: 1 - HandId: #4549413283307716612-46-1772986216 - Holdem no limit (25/100/200) - 2026/03/08 16:10:16 UTC
Table: 'MYSTERY KO(1059242823)#0003' 6-max (real money) Seat #5 is the button
Seat 1: Rasputin21 (25209)
Seat 2: MathisKcr (9212)
Seat 3: kinkin.a.60 (17422)
Seat 4: CarboPP (52312)
Seat 5: Lamantin_556 (20500)
Seat 6: FrEs0811 (35370)
*** ANTE/BLINDS ***
FrEs0811 posts ante 25
Rasputin21 posts ante 25
MathisKcr posts ante 25
kinkin.a.60 posts ante 25
CarboPP posts ante 25
Lamantin_556 posts ante 25
FrEs0811 posts small blind 100
Rasputin21 posts big blind 200
Dealt to MathisKcr [2h 3c]
*** PRE-FLOP *** 
MathisKcr folds
kinkin.a.60 folds
CarboPP raises 300 to 500
Lamantin_556 folds
FrEs0811 folds
Rasputin21 folds
CarboPP collected 950 from pot
*** SUMMARY ***
Total pot 950 | No rake
Seat 4: CarboPP won 950


Winamax Poker - Tournament "MYSTERY KO" buyIn: 1.80€ + 0.20€ level: 1 - HandId: #4549413283307716612-47-1772986237 - Holdem no limit (25/100/200) - 2026/03/08 16:10:37 UTC
Table: 'MYSTERY KO(1059242823)#0003' 6-max (real money) Seat #6 is the button
Seat 1: Rasputin21 (24984)
Seat 2: MathisKcr (9187)
Seat 3: kinkin.a.60 (17397)
Seat 4: CarboPP (52737)
Seat 5: Lamantin_556 (20475)
Seat 6: FrEs0811 (35245)
*** ANTE/BLINDS ***
Rasputin21 posts ante 25
MathisKcr posts ante 25
kinkin.a.60 posts ante 25
CarboPP posts ante 25
Lamantin_556 posts ante 25
FrEs0811 posts ante 25
Rasputin21 posts small blind 100
MathisKcr posts big blind 200
Dealt to MathisKcr [Tc Qs]
*** PRE-FLOP *** 
kinkin.a.60 folds
CarboPP folds
Lamantin_556 folds
FrEs0811 folds
Rasputin21 calls 100
MathisKcr raises 8962 to 9162 and is all-in
Rasputin21 folds
MathisKcr collected 9512 from pot
*** SUMMARY ***
Total pot 9512 | No rake
Seat 2: MathisKcr (big blind) won 9512


Winamax Poker - Tournament "MYSTERY KO" buyIn: 1.80€ + 0.20€ level: 2 - HandId: #4549413283307716612-48-1772986277 - Holdem no limit (30/125/250) - 2026/03/08 16:11:17 UTC
Table: 'MYSTERY KO(1059242823)#0003' 6-max (real money) Seat #1 is the button
Seat 1: Rasputin21 (24759)
Seat 2: MathisKcr (9512)
Seat 3: kinkin.a.60 (17372)
Seat 4: CarboPP (52712)
Seat 5: Lamantin_556 (20450)
Seat 6: FrEs0811 (35220)
*** ANTE/BLINDS ***
MathisKcr posts ante 30
kinkin.a.60 posts ante 30
Rasputin21 posts ante 30
CarboPP posts ante 30
Lamantin_556 posts ante 30
FrEs0811 posts ante 30
MathisKcr posts small blind 125
kinkin.a.60 posts big blind 250
Dealt to MathisKcr [8d 4h]
*** PRE-FLOP *** 
CarboPP folds
Lamantin_556 folds
FrEs0811 raises 250 to 500
Rasputin21 folds
MathisKcr folds
kinkin.a.60 calls 250
*** FLOP *** [Jc 5h 2d]
kinkin.a.60 checks
FrEs0811 bets 848
kinkin.a.60 folds
FrEs0811 collected 2153 from pot
*** SUMMARY ***
Total pot 2153 | No rake
Board: [Jc 5h 2d]
Seat 6: FrEs0811 won 2153


Winamax Poker - Tournament "MYSTERY KO" buyIn: 1.80€ + 0.20€ level: 2 - HandId: #4549413283307716612-49-1772986329 - Holdem no limit (30/125/250) - 2026/03/08 16:12:09 UTC
Table: 'MYSTERY KO(1059242823)#0003' 6-max (real money) Seat #2 is the button
Seat 1: Rasputin21 (24729)
Seat 2: MathisKcr (9357)
Seat 3: kinkin.a.60 (16842)
Seat 4: CarboPP (52682)
Seat 5: Lamantin_556 (20420)
Seat 6: FrEs0811 (35995)
*** ANTE/BLINDS ***
kinkin.a.60 posts ante 30
CarboPP posts ante 30
Rasputin21 posts ante 30
MathisKcr posts ante 30
Lamantin_556 posts ante 30
FrEs0811 posts ante 30
kinkin.a.60 posts small blind 125
CarboPP posts big blind 250
Dealt to MathisKcr [Jc Jh]
*** PRE-FLOP *** 
Lamantin_556 calls 250
FrEs0811 folds
Rasputin21 raises 875 to 1125
MathisKcr raises 8202 to 9327 and is all-in
kinkin.a.60 folds
CarboPP folds
Lamantin_556 folds
Rasputin21 raises 15372 to 24699 and is all-in
*** FLOP *** [8c 8h Ac]
*** TURN *** [8c 8h Ac][Tc]
*** RIVER *** [8c 8h Ac Tc][3d]
*** SHOW DOWN ***
Rasputin21 shows [9c 9d] (Two pairs : 9 and 8)
MathisKcr shows [Jc Jh] (Two pairs : Jacks and 8)
MathisKcr collected 19459 from main pot
Rasputin21 collected 15372 from side pot 1
*** SUMMARY ***
Total pot 34831 | No rake
Board: [8c 8h Ac Tc 3d]
Seat 1: Rasputin21 showed [9c 9d] and won 15372 with Two pairs : 9 and 8
Seat 2: MathisKcr (button) showed [Jc Jh] and won 19459 with Two pairs : Jacks and 8


Winamax Poker - Tournament "MYSTERY KO" buyIn: 1.80€ + 0.20€ level: 2 - HandId: #4549413283307716612-50-1772986383 - Holdem no limit (30/125/250) - 2026/03/08 16:13:03 UTC
Table: 'MYSTERY KO(1059242823)#0003' 6-max (real money) Seat #3 is the button
Seat 1: Rasputin21 (15372)
Seat 2: MathisKcr (19459)
Seat 3: kinkin.a.60 (16687)
Seat 4: CarboPP (52402)
Seat 5: Lamantin_556 (20140)
Seat 6: FrEs0811 (35965)
*** ANTE/BLINDS ***
CarboPP posts ante 30
Lamantin_556 posts ante 30
Rasputin21 posts ante 30
MathisKcr posts ante 30
kinkin.a.60 posts ante 30
FrEs0811 posts ante 30
CarboPP posts small blind 125
Lamantin_556 posts big blind 250
Dealt to MathisKcr [5s Jc]
*** PRE-FLOP *** 
FrEs0811 folds
Rasputin21 folds
MathisKcr folds
kinkin.a.60 raises 375 to 625
CarboPP folds
Lamantin_556 folds
kinkin.a.60 collected 1180 from pot
*** SUMMARY ***
Total pot 1180 | No rake
Seat 3: kinkin.a.60 (button) won 1180


Winamax Poker - Tournament "MYSTERY KO" buyIn: 1.80€ + 0.20€ level: 2 - HandId: #4549413283307716612-51-1772986399 - Holdem no limit (30/125/250) - 2026/03/08 16:13:19 UTC
Table: 'MYSTERY KO(1059242823)#0003' 6-max (real money) Seat #4 is the button
Seat 1: Rasputin21 (15342)
Seat 2: MathisKcr (19429)
Seat 3: kinkin.a.60 (17212)
Seat 4: CarboPP (52247)
Seat 5: Lamantin_556 (19860)
Seat 6: FrEs0811 (35935)
*** ANTE/BLINDS ***
Lamantin_556 posts ante 30
FrEs0811 posts ante 30
Rasputin21 posts ante 30
MathisKcr posts ante 30
kinkin.a.60 posts ante 30
CarboPP posts ante 30
Lamantin_556 posts small blind 125
FrEs0811 posts big blind 250
Dealt to MathisKcr [Ks 3c]
*** PRE-FLOP *** 
Rasputin21 folds
MathisKcr calls 250
kinkin.a.60 calls 250
CarboPP folds
Lamantin_556 raises 750 to 1000
FrEs0811 folds
MathisKcr folds
kinkin.a.60 calls 750
*** FLOP *** [Jd Qh Tc]
Lamantin_556 checks
kinkin.a.60 checks
*** TURN *** [Jd Qh Tc][4d]
Lamantin_556 checks
kinkin.a.60 checks
*** RIVER *** [Jd Qh Tc 4d][4h]
Lamantin_556 checks
kinkin.a.60 checks
*** SHOW DOWN ***
kinkin.a.60 shows [8s 5s] (One pair : 4)
Lamantin_556 shows [9s Ac] (One pair : 4)
Lamantin_556 collected 2680 from pot
*** SUMMARY ***
Total pot 2680 | No rake
Board: [Jd Qh Tc 4d 4h]
Seat 3: kinkin.a.60 showed [8s 5s] and lost with One pair : 4
Seat 5: Lamantin_556 (small blind) showed [9s Ac] and won 2680 with One pair : 4


Winamax Poker - Tournament "MYSTERY KO" buyIn: 1.80€ + 0.20€ level: 2 - HandId: #4549413283307716612-52-1772986451 - Holdem no limit (30/125/250) - 2026/03/08 16:14:11 UTC
Table: 'MYSTERY KO(1059242823)#0003' 6-max (real money) Seat #5 is the button
Seat 1: Rasputin21 (15312)
Seat 2: MathisKcr (19149)
Seat 3: kinkin.a.60 (16182)
Seat 4: CarboPP (52217)
Seat 5: Lamantin_556 (21510)
Seat 6: FrEs0811 (35655)
*** ANTE/BLINDS ***
FrEs0811 posts ante 30
Rasputin21 posts ante 30
MathisKcr posts ante 30
kinkin.a.60 posts ante 30
CarboPP posts ante 30
Lamantin_556 posts ante 30
FrEs0811 posts small blind 125
Rasputin21 posts big blind 250
Dealt to MathisKcr [3d 8s]
*** PRE-FLOP *** 
MathisKcr folds
kinkin.a.60 folds
CarboPP raises 375 to 625
Lamantin_556 folds
FrEs0811 folds
Rasputin21 raises 2250 to 2875
CarboPP folds
Rasputin21 collected 3805 from pot
*** SUMMARY ***
Total pot 3805 | No rake
Seat 1: Rasputin21 (big blind) won 3805


Winamax Poker - Tournament "MYSTERY KO" buyIn: 1.80€ + 0.20€ level: 2 - HandId: #4549413283307716612-53-1772986484 - Holdem no limit (30/125/250) - 2026/03/08 16:14:44 UTC
Table: 'MYSTERY KO(1059242823)#0003' 6-max (real money) Seat #6 is the button
Seat 1: Rasputin21 (16212)
Seat 2: MathisKcr (19119)
Seat 3: kinkin.a.60 (16152)
Seat 4: CarboPP (51562)
Seat 5: Lamantin_556 (21480)
Seat 6: FrEs0811 (35500)
*** ANTE/BLINDS ***
Rasputin21 posts ante 30
MathisKcr posts ante 30
kinkin.a.60 posts ante 30
CarboPP posts ante 30
Lamantin_556 posts ante 30
FrEs0811 posts ante 30
Rasputin21 posts small blind 125
MathisKcr posts big blind 250
Dealt to MathisKcr [Kh As]
*** PRE-FLOP *** 
kinkin.a.60 folds
CarboPP calls 250
Lamantin_556 folds
FrEs0811 folds
Rasputin21 folds
MathisKcr raises 375 to 625
CarboPP calls 375
*** FLOP *** [3h 7d Qc]
MathisKcr bets 544
CarboPP calls 544
*** TURN *** [3h 7d Qc][4c]
MathisKcr checks
CarboPP bets 925
MathisKcr calls 925
*** RIVER *** [3h 7d Qc 4c][Jd]
MathisKcr bets 16995 and is all-in
CarboPP folds
MathisKcr collected 21488 from pot
*** SUMMARY ***
Total pot 21488 | No rake
Board: [3h 7d Qc 4c Jd]
Seat 2: MathisKcr (big blind) won 21488


Winamax Poker - Tournament "MYSTERY KO" buyIn: 1.80€ + 0.20€ level: 2 - HandId: #4549413283307716612-54-1772986522 - Holdem no limit (30/125/250) - 2026/03/08 16:15:22 UTC
Table: 'MYSTERY KO(1059242823)#0003' 6-max (real money) Seat #1 is the button
Seat 1: Rasputin21 (16057)
Seat 2: MathisKcr (21488)
Seat 3: kinkin.a.60 (16122)
Seat 4: CarboPP (49438)
Seat 5: Lamantin_556 (21450)
Seat 6: FrEs0811 (35470)
*** ANTE/BLINDS ***
MathisKcr posts ante 30
kinkin.a.60 posts ante 30
Rasputin21 posts ante 30
CarboPP posts ante 30
Lamantin_556 posts ante 30
FrEs0811 posts ante 30
MathisKcr posts small blind 125
kinkin.a.60 posts big blind 250
Dealt to MathisKcr [2h Ah]
*** PRE-FLOP *** 
CarboPP calls 250
Lamantin_556 calls 250
FrEs0811 folds
Rasputin21 folds
MathisKcr raises 500 to 750
kinkin.a.60 folds
CarboPP calls 500
Lamantin_556 calls 500
*** FLOP *** [3h Ad 5c]
MathisKcr bets 938
CarboPP calls 938
Lamantin_556 calls 938
*** TURN *** [3h Ad 5c][Qd]
MathisKcr bets 1923
CarboPP folds
Lamantin_556 calls 1923
*** RIVER *** [3h Ad 5c Qd][3s]
MathisKcr bets 4670
Lamantin_556 calls 4670
*** SHOW DOWN ***
MathisKcr shows [2h Ah] (Two pairs : Aces and 3)
Lamantin_556 shows [As 4h] (Two pairs : Aces and 3)
Lamantin_556 collected 9340 from pot
MathisKcr collected 9340 from pot
*** SUMMARY ***
Total pot 18680 | No rake
Board: [3h Ad 5c Qd 3s]
Seat 2: MathisKcr (small blind) showed [2h Ah] and won 9340 with Two pairs : Aces and 3
Seat 5: Lamantin_556 showed [As 4h] and won 9340 with Two pairs : Aces and 3


Winamax Poker - Tournament "MYSTERY KO" buyIn: 1.80€ + 0.20€ level: 2 - HandId: #4549413283307716612-55-1772986595 - Holdem no limit (30/125/250) - 2026/03/08 16:16:35 UTC
Table: 'MYSTERY KO(1059242823)#0003' 6-max (real money) Seat #2 is the button
Seat 1: Rasputin21 (16027)
Seat 2: MathisKcr (22517)
Seat 3: kinkin.a.60 (15842)
Seat 4: CarboPP (47720)
Seat 5: Lamantin_556 (22479)
Seat 6: FrEs0811 (35440)
*** ANTE/BLINDS ***
kinkin.a.60 posts ante 30
CarboPP posts ante 30
Rasputin21 posts ante 30
MathisKcr posts ante 30
Lamantin_556 posts ante 30
FrEs0811 posts ante 30
kinkin.a.60 posts small blind 125
CarboPP posts big blind 250
Dealt to MathisKcr [9d Td]
*** PRE-FLOP *** 
Lamantin_556 folds
FrEs0811 folds
Rasputin21 raises 300 to 550
MathisKcr calls 550
kinkin.a.60 folds
CarboPP folds
*** FLOP *** [Qd 5s 3d]
Rasputin21 bets 546
MathisKcr calls 546
*** TURN *** [Qd 5s 3d][Ts]
Rasputin21 checks
MathisKcr bets 1786
Rasputin21 calls 1786
*** RIVER *** [Qd 5s 3d Ts][Kd]
Rasputin21 checks
MathisKcr bets 3160
Rasputin21 folds
MathisKcr collected 9479 from pot
*** SUMMARY ***
Total pot 9479 | No rake
Board: [Qd 5s 3d Ts Kd]
Seat 2: MathisKcr (button) won 9479


Winamax Poker - Tournament "MYSTERY KO" buyIn: 1.80€ + 0.20€ level: 2 - HandId: #4549413283307716612-56-1772986668 - Holdem no limit (30/125/250) - 2026/03/08 16:17:48 UTC
Table: 'MYSTERY KO(1059242823)#0003' 6-max (real money) Seat #3 is the button
Seat 1: Rasputin21 (13115)
Seat 2: MathisKcr (25924)
Seat 3: kinkin.a.60 (15687)
Seat 4: CarboPP (47440)
Seat 5: Lamantin_556 (22449)
Seat 6: FrEs0811 (35410)
*** ANTE/BLINDS ***
CarboPP posts ante 30
Lamantin_556 posts ante 30
Rasputin21 posts ante 30
MathisKcr posts ante 30
kinkin.a.60 posts ante 30
FrEs0811 posts ante 30
CarboPP posts small blind 125
Lamantin_556 posts big blind 250
Dealt to MathisKcr [Kc 8c]
*** PRE-FLOP *** 
FrEs0811 folds
Rasputin21 folds
MathisKcr raises 250 to 500
kinkin.a.60 folds
CarboPP folds
Lamantin_556 calls 250
*** FLOP *** [9h 4h Ac]
Lamantin_556 checks
MathisKcr bets 457
Lamantin_556 calls 457
*** TURN *** [9h 4h Ac][9d]
Lamantin_556 checks
MathisKcr bets 1110
Lamantin_556 calls 1110
*** RIVER *** [9h 4h Ac 9d][Jh]
Lamantin_556 checks
MathisKcr checks
*** SHOW DOWN ***
MathisKcr shows [Kc 8c] (One pair : 9)
Lamantin_556 shows [Kh 8h] (Flush King high)
Lamantin_556 collected 4439 from pot
*** SUMMARY ***
Total pot 4439 | No rake
Board: [9h 4h Ac 9d Jh]
Seat 2: MathisKcr showed [Kc 8c] and lost with One pair : 9
Seat 5: Lamantin_556 (big blind) showed [Kh 8h] and won 4439 with Flush King high


Winamax Poker - Tournament "MYSTERY KO" buyIn: 1.80€ + 0.20€ level: 3 - HandId: #4549413283307716612-57-1772986703 - Holdem no limit (35/150/300) - 2026/03/08 16:18:23 UTC
Table: 'MYSTERY KO(1059242823)#0003' 6-max (real money) Seat #4 is the button
Seat 1: Rasputin21 (13085)
Seat 2: MathisKcr (23827)
Seat 3: kinkin.a.60 (15657)
Seat 4: CarboPP (47285)
Seat 5: Lamantin_556 (24791)
Seat 6: FrEs0811 (35380)
*** ANTE/BLINDS ***
Lamantin_556 posts ante 35
FrEs0811 posts ante 35
Rasputin21 posts ante 35
MathisKcr posts ante 35
kinkin.a.60 posts ante 35
CarboPP posts ante 35
Lamantin_556 posts small blind 150
FrEs0811 posts big blind 300
Dealt to MathisKcr [Ah 8h]
*** PRE-FLOP *** 
Rasputin21 folds
MathisKcr raises 450 to 750
kinkin.a.60 folds
CarboPP folds
Lamantin_556 folds
FrEs0811 folds
MathisKcr collected 1410 from pot
*** SUMMARY ***
Total pot 1410 | No rake
Seat 2: MathisKcr won 1410


Winamax Poker - Tournament "MYSTERY KO" buyIn: 1.80€ + 0.20€ level: 3 - HandId: #4549413283307716612-58-1772986746 - Holdem no limit (35/150/300) - 2026/03/08 16:19:06 UTC
Table: 'MYSTERY KO(1059242823)#0003' 6-max (real money) Seat #5 is the button
Seat 1: Rasputin21 (13050)
Seat 2: MathisKcr (24452)
Seat 3: kinkin.a.60 (15622)
Seat 4: CarboPP (47250)
Seat 5: Lamantin_556 (24606)
Seat 6: FrEs0811 (35045)
*** ANTE/BLINDS ***
FrEs0811 posts ante 35
Rasputin21 posts ante 35
MathisKcr posts ante 35
kinkin.a.60 posts ante 35
CarboPP posts ante 35
Lamantin_556 posts ante 35
FrEs0811 posts small blind 150
Rasputin21 posts big blind 300
Dealt to MathisKcr [8c 6d]
*** PRE-FLOP *** 
MathisKcr folds
kinkin.a.60 folds
CarboPP raises 450 to 750
Lamantin_556 folds
FrEs0811 folds
Rasputin21 raises 12265 to 13015 and is all-in
CarboPP folds
Rasputin21 collected 14125 from pot
*** SUMMARY ***
Total pot 14125 | No rake
Seat 1: Rasputin21 (big blind) won 14125


Winamax Poker - Tournament "MYSTERY KO" buyIn: 1.80€ + 0.20€ level: 3 - HandId: #4549413283307716612-59-1772986770 - Holdem no limit (35/150/300) - 2026/03/08 16:19:30 UTC
Table: 'MYSTERY KO(1059242823)#0003' 6-max (real money) Seat #6 is the button
Seat 1: Rasputin21 (14125)
Seat 2: MathisKcr (24417)
Seat 3: kinkin.a.60 (15587)
Seat 4: CarboPP (46465)
Seat 5: Lamantin_556 (24571)
Seat 6: FrEs0811 (34860)
*** ANTE/BLINDS ***
Rasputin21 posts ante 35
MathisKcr posts ante 35
kinkin.a.60 posts ante 35
CarboPP posts ante 35
Lamantin_556 posts ante 35
FrEs0811 posts ante 35
Rasputin21 posts small blind 150
MathisKcr posts big blind 300
Dealt to MathisKcr [4s 5h]
*** PRE-FLOP *** 
kinkin.a.60 folds
CarboPP raises 450 to 750
Lamantin_556 folds
FrEs0811 folds
Rasputin21 raises 13340 to 14090 and is all-in
MathisKcr folds
CarboPP calls 13340
*** FLOP *** [Ah 6c 8c]
*** TURN *** [Ah 6c 8c][8d]
*** RIVER *** [Ah 6c 8c 8d][Ac]
*** SHOW DOWN ***
CarboPP shows [Kh Jd] (Two pairs : Aces and 8)
Rasputin21 shows [4h Ad] (Full of Aces and 8)
Rasputin21 collected 28690 from pot
*** SUMMARY ***
Total pot 28690 | No rake
Board: [Ah 6c 8c 8d Ac]
Seat 1: Rasputin21 (small blind) showed [4h Ad] and won 28690 with Full of Aces and 8
Seat 4: CarboPP showed [Kh Jd] and lost with Two pairs : Aces and 8


Winamax Poker - Tournament "MYSTERY KO" buyIn: 1.80€ + 0.20€ level: 3 - HandId: #4549413283307716612-60-1772986800 - Holdem no limit (35/150/300) - 2026/03/08 16:20:00 UTC
Table: 'MYSTERY KO(1059242823)#0003' 6-max (real money) Seat #1 is the button
Seat 1: Rasputin21 (28690)
Seat 2: MathisKcr (24082)
Seat 3: kinkin.a.60 (15552)
Seat 4: CarboPP (32340)
Seat 5: Lamantin_556 (24536)
Seat 6: FrEs0811 (34825)
*** ANTE/BLINDS ***
MathisKcr posts ante 35
kinkin.a.60 posts ante 35
Rasputin21 posts ante 35
CarboPP posts ante 35
Lamantin_556 posts ante 35
FrEs0811 posts ante 35
MathisKcr posts small blind 150
kinkin.a.60 posts big blind 300
Dealt to MathisKcr [2s Kc]
*** PRE-FLOP *** 
CarboPP calls 300
Lamantin_556 folds
FrEs0811 calls 300
Rasputin21 folds
MathisKcr calls 150
kinkin.a.60 checks
*** FLOP *** [9h 8d 3s]
MathisKcr checks
kinkin.a.60 bets 705
CarboPP calls 705
FrEs0811 calls 705
MathisKcr folds
*** TURN *** [9h 8d 3s][6s]
kinkin.a.60 bets 2820
CarboPP raises 28480 to 31300 and is all-in
FrEs0811 folds
kinkin.a.60 calls 11692 and is all-in
*** RIVER *** [9h 8d 3s 6s][Td]
*** SHOW DOWN ***
kinkin.a.60 shows [Qd 9s] (One pair : 9)
CarboPP shows [9c 8c] (Two pairs : 9 and 8)
CarboPP collected 49337 from pot
*** SUMMARY ***
Total pot 49337 | No rake
Board: [9h 8d 3s 6s Td]
Seat 3: kinkin.a.60 (big blind) showed [Qd 9s] and lost with One pair : 9
Seat 4: CarboPP showed [9c 8c] and won 49337 with Two pairs : 9 and 8


Winamax Poker - Tournament "MYSTERY KO" buyIn: 1.80€ + 0.20€ level: 3 - HandId: #4549413283307716612-61-1772986889 - Holdem no limit (35/150/300) - 2026/03/08 16:21:29 UTC
Table: 'MYSTERY KO(1059242823)#0003' 6-max (real money) Seat #2 is the button
Seat 1: Rasputin21 (28655)
Seat 2: MathisKcr (23747)
Seat 4: CarboPP (49337)
Seat 5: Lamantin_556 (24501)
Seat 6: FrEs0811 (33785)
*** ANTE/BLINDS ***
CarboPP posts ante 35
Rasputin21 posts ante 35
MathisKcr posts ante 35
Lamantin_556 posts ante 35
FrEs0811 posts ante 35
CarboPP posts big blind 300
Dealt to MathisKcr [8c 5c]
*** PRE-FLOP *** 
Lamantin_556 folds
FrEs0811 folds
Rasputin21 folds
MathisKcr folds
CarboPP collected 475 from pot
*** SUMMARY ***
Total pot 475 | No rake
Seat 4: CarboPP (big blind) won 475


Winamax Poker - Tournament "MYSTERY KO" buyIn: 1.80€ + 0.20€ level: 3 - HandId: #4549413283307716612-62-1772986898 - Holdem no limit (35/150/300) - 2026/03/08 16:21:38 UTC
Table: 'MYSTERY KO(1059242823)#0003' 6-max (real money) Seat #3 is the button
Seat 1: Rasputin21 (28620)
Seat 2: MathisKcr (23712)
Seat 3: BBoyd (20000)
Seat 4: CarboPP (49477)
Seat 5: Lamantin_556 (24466)
Seat 6: FrEs0811 (33750)
*** ANTE/BLINDS ***
CarboPP posts ante 35
Lamantin_556 posts ante 35
Rasputin21 posts ante 35
MathisKcr posts ante 35
FrEs0811 posts ante 35
CarboPP posts small blind 150
Lamantin_556 posts big blind 300
Dealt to MathisKcr [Jh Jc]
*** PRE-FLOP *** 
FrEs0811 folds
Rasputin21 folds
MathisKcr raises 450 to 750
CarboPP folds
Lamantin_556 folds
MathisKcr collected 1375 from pot
*** SUMMARY ***
Total pot 1375 | No rake
Seat 2: MathisKcr won 1375


Winamax Poker - Tournament "MYSTERY KO" buyIn: 1.80€ + 0.20€ level: 3 - HandId: #4549413283307716612-63-1772986946 - Holdem no limit (35/150/300) - 2026/03/08 16:22:26 UTC
Table: 'MYSTERY KO(1059242823)#0003' 6-max (real money) Seat #4 is the button
Seat 1: Rasputin21 (28585)
Seat 2: MathisKcr (24302)
Seat 3: BBoyd (20000)
Seat 4: CarboPP (49292)
Seat 5: Lamantin_556 (24131)
Seat 6: FrEs0811 (33715)
*** ANTE/BLINDS ***
Lamantin_556 posts ante 35
FrEs0811 posts ante 35
Rasputin21 posts ante 35
MathisKcr posts ante 35
BBoyd posts ante 35
CarboPP posts ante 35
Lamantin_556 posts small blind 150
FrEs0811 posts big blind 300
Dealt to MathisKcr [6h Js]
*** PRE-FLOP *** 
Rasputin21 folds
MathisKcr folds
BBoyd folds
CarboPP folds
Lamantin_556 folds
FrEs0811 collected 660 from pot
*** SUMMARY ***
Total pot 660 | No rake
Seat 6: FrEs0811 (big blind) won 660


Winamax Poker - Tournament "MYSTERY KO" buyIn: 1.80€ + 0.20€ level: 3 - HandId: #4549413283307716612-64-1772986964 - Holdem no limit (35/150/300) - 2026/03/08 16:22:44 UTC
Table: 'MYSTERY KO(1059242823)#0003' 6-max (real money) Seat #5 is the button
Seat 1: Rasputin21 (28550)
Seat 2: MathisKcr (24267)
Seat 3: BBoyd (19965)
Seat 4: CarboPP (49257)
Seat 5: Lamantin_556 (23946)
Seat 6: FrEs0811 (34040)
*** ANTE/BLINDS ***
FrEs0811 posts ante 35
Rasputin21 posts ante 35
MathisKcr posts ante 35
BBoyd posts ante 35
CarboPP posts ante 35
Lamantin_556 posts ante 35
FrEs0811 posts small blind 150
Rasputin21 posts big blind 300
Dealt to MathisKcr [5c 8c]
*** PRE-FLOP *** 
MathisKcr folds
BBoyd folds
CarboPP folds
Lamantin_556 folds
FrEs0811 folds
Rasputin21 collected 660 from pot
*** SUMMARY ***
Total pot 660 | No rake
Seat 1: Rasputin21 (big blind) won 660


Winamax Poker - Tournament "MYSTERY KO" buyIn: 1.80€ + 0.20€ level: 3 - HandId: #4549413283307716612-65-1772986981 - Holdem no limit (35/150/300) - 2026/03/08 16:23:01 UTC
Table: 'MYSTERY KO(1059242823)#0003' 6-max (real money) Seat #6 is the button
Seat 1: Rasputin21 (28875)
Seat 2: MathisKcr (24232)
Seat 3: BBoyd (19930)
Seat 4: CarboPP (49222)
Seat 5: Lamantin_556 (23911)
Seat 6: FrEs0811 (33855)
*** ANTE/BLINDS ***
Rasputin21 posts ante 35
MathisKcr posts ante 35
BBoyd posts ante 35
CarboPP posts ante 35
Lamantin_556 posts ante 35
FrEs0811 posts ante 35
Rasputin21 posts small blind 150
MathisKcr posts big blind 300
Dealt to MathisKcr [2h 6h]
*** PRE-FLOP *** 
BBoyd folds
CarboPP folds
Lamantin_556 folds
FrEs0811 folds
Rasputin21 raises 750 to 1050
MathisKcr folds
Rasputin21 collected 1560 from pot
*** SUMMARY ***
Total pot 1560 | No rake
Seat 1: Rasputin21 (small blind) won 1560


Winamax Poker - Tournament "MYSTERY KO" buyIn: 1.80€ + 0.20€ level: 3 - HandId: #4549413283307716612-66-1772987021 - Holdem no limit (35/150/300) - 2026/03/08 16:23:41 UTC
Table: 'MYSTERY KO(1059242823)#0003' 6-max (real money) Seat #1 is the button
Seat 1: Rasputin21 (29350)
Seat 2: MathisKcr (23897)
Seat 3: BBoyd (19895)
Seat 4: CarboPP (49187)
Seat 5: Lamantin_556 (23876)
Seat 6: FrEs0811 (33820)
*** ANTE/BLINDS ***
MathisKcr posts ante 35
BBoyd posts ante 35
Rasputin21 posts ante 35
CarboPP posts ante 35
Lamantin_556 posts ante 35
FrEs0811 posts ante 35
MathisKcr posts small blind 150
BBoyd posts big blind 300
Dealt to MathisKcr [8h 8s]
*** PRE-FLOP *** 
CarboPP folds
Lamantin_556 folds
FrEs0811 folds
Rasputin21 folds
MathisKcr raises 450 to 750
BBoyd calls 450
*** FLOP *** [Jd 8d Kh]
MathisKcr checks
BBoyd checks
*** TURN *** [Jd 8d Kh][Tc]
MathisKcr bets 428
BBoyd folds
MathisKcr collected 2138 from pot
*** SUMMARY ***
Total pot 2138 | No rake
Board: [Jd 8d Kh Tc]
Seat 2: MathisKcr (small blind) won 2138


Winamax Poker - Tournament "MYSTERY KO" buyIn: 1.80€ + 0.20€ level: 3 - HandId: #4549413283307716612-67-1772987062 - Holdem no limit (35/150/300) - 2026/03/08 16:24:22 UTC
Table: 'MYSTERY KO(1059242823)#0003' 6-max (real money) Seat #2 is the button
Seat 1: Rasputin21 (29315)
Seat 2: MathisKcr (24822)
Seat 3: BBoyd (19110)
Seat 4: CarboPP (49152)
Seat 5: Lamantin_556 (23841)
Seat 6: FrEs0811 (33785)
*** ANTE/BLINDS ***
BBoyd posts ante 35
CarboPP posts ante 35
Rasputin21 posts ante 35
MathisKcr posts ante 35
Lamantin_556 posts ante 35
FrEs0811 posts ante 35
BBoyd posts small blind 150
CarboPP posts big blind 300
Dealt to MathisKcr [As 3h]
*** PRE-FLOP *** 
Lamantin_556 calls 300
FrEs0811 raises 300 to 600
Rasputin21 folds
MathisKcr calls 600
BBoyd folds
CarboPP folds
Lamantin_556 calls 300
*** FLOP *** [2c Ad 9c]
Lamantin_556 checks
FrEs0811 bets 1230
MathisKcr calls 1230
Lamantin_556 folds
*** TURN *** [2c Ad 9c][Jc]
FrEs0811 checks
MathisKcr bets 2460
FrEs0811 folds
MathisKcr collected 7380 from pot
*** SUMMARY ***
Total pot 7380 | No rake
Board: [2c Ad 9c Jc]
Seat 2: MathisKcr (button) won 7380


Winamax Poker - Tournament "MYSTERY KO" buyIn: 1.80€ + 0.20€ level: 3 - HandId: #4549413283307716612-68-1772987100 - Holdem no limit (35/150/300) - 2026/03/08 16:25:00 UTC
Table: 'MYSTERY KO(1059242823)#0003' 6-max (real money) Seat #3 is the button
Seat 1: Rasputin21 (29280)
Seat 2: MathisKcr (27877)
Seat 3: BBoyd (18925)
Seat 4: CarboPP (48817)
Seat 5: Lamantin_556 (23206)
Seat 6: FrEs0811 (31920)
*** ANTE/BLINDS ***
CarboPP posts ante 35
Lamantin_556 posts ante 35
Rasputin21 posts ante 35
MathisKcr posts ante 35
BBoyd posts ante 35
FrEs0811 posts ante 35
CarboPP posts small blind 150
Lamantin_556 posts big blind 300
Dealt to MathisKcr [Qh 5h]
*** PRE-FLOP *** 
FrEs0811 folds
Rasputin21 folds
MathisKcr raises 300 to 600
BBoyd raises 1800 to 2400
CarboPP folds
Lamantin_556 folds
MathisKcr folds
BBoyd collected 3660 from pot
*** SUMMARY ***
Total pot 3660 | No rake
Seat 3: BBoyd (button) won 3660


Winamax Poker - Tournament "MYSTERY KO" buyIn: 1.80€ + 0.20€ level: 4 - HandId: #4549413283307716612-69-1772987173 - Holdem no limit (40/175/350) - 2026/03/08 16:26:13 UTC
Table: 'MYSTERY KO(1059242823)#0003' 6-max (real money) Seat #4 is the button
Seat 1: Rasputin21 (29245)
Seat 2: MathisKcr (27242)
Seat 3: BBoyd (20150)
Seat 4: CarboPP (48632)
Seat 5: Lamantin_556 (22871)
Seat 6: FrEs0811 (31885)
*** ANTE/BLINDS ***
Lamantin_556 posts ante 40
FrEs0811 posts ante 40
Rasputin21 posts ante 40
MathisKcr posts ante 40
BBoyd posts ante 40
CarboPP posts ante 40
Lamantin_556 posts small blind 175
FrEs0811 posts big blind 350
Dealt to MathisKcr [4s 5h]
*** PRE-FLOP *** 
Rasputin21 folds
MathisKcr folds
BBoyd folds
CarboPP folds
Lamantin_556 raises 350 to 700
FrEs0811 calls 350
*** FLOP *** [Qs 3s As]
Lamantin_556 checks
FrEs0811 checks
*** TURN *** [Qs 3s As][6s]
Lamantin_556 checks
FrEs0811 bets 350
Lamantin_556 calls 350
*** RIVER *** [Qs 3s As 6s][Ac]
Lamantin_556 bets 5250
FrEs0811 calls 5250
*** SHOW DOWN ***
FrEs0811 shows [Js 9s] (Flush Ace high)
Lamantin_556 shows [Qc Qh] (Full of Queens and Aces)
Lamantin_556 collected 12840 from pot
*** SUMMARY ***
Total pot 12840 | No rake
Board: [Qs 3s As 6s Ac]
Seat 5: Lamantin_556 (small blind) showed [Qc Qh] and won 12840 with Full of Queens and Aces
Seat 6: FrEs0811 (big blind) showed [Js 9s] and lost with Flush Ace high


Winamax Poker - Tournament "MYSTERY KO" buyIn: 1.80€ + 0.20€ level: 4 - HandId: #4549413283307716612-70-1772987225 - Holdem no limit (40/175/350) - 2026/03/08 16:27:05 UTC
Table: 'MYSTERY KO(1059242823)#0003' 6-max (real money) Seat #5 is the button
Seat 1: Rasputin21 (29205)
Seat 2: MathisKcr (27202)
Seat 3: BBoyd (20110)
Seat 4: CarboPP (48592)
Seat 5: Lamantin_556 (29371)
Seat 6: FrEs0811 (25545)
*** ANTE/BLINDS ***
FrEs0811 posts ante 40
Rasputin21 posts ante 40
MathisKcr posts ante 40
BBoyd posts ante 40
CarboPP posts ante 40
Lamantin_556 posts ante 40
FrEs0811 posts small blind 175
Rasputin21 posts big blind 350
Dealt to MathisKcr [4c Qh]
*** PRE-FLOP *** 
MathisKcr folds
BBoyd folds
CarboPP raises 350 to 700
Lamantin_556 folds
FrEs0811 calls 525
Rasputin21 folds
*** FLOP *** [Th 8h Ah]
FrEs0811 checks
CarboPP bets 350
FrEs0811 raises 350 to 700
CarboPP calls 350
*** TURN *** [Th 8h Ah][Ks]
FrEs0811 checks
CarboPP checks
*** RIVER *** [Th 8h Ah Ks][3s]
FrEs0811 bets 3390
CarboPP calls 3390
*** SHOW DOWN ***
CarboPP shows [2s As] (One pair : Aces)
FrEs0811 shows [7h Kh] (Flush Ace high)
FrEs0811 collected 10170 from pot
*** SUMMARY ***
Total pot 10170 | No rake
Board: [Th 8h Ah Ks 3s]
Seat 4: CarboPP showed [2s As] and lost with One pair : Aces
Seat 6: FrEs0811 (small blind) showed [7h Kh] and won 10170 with Flush Ace high


Winamax Poker - Tournament "MYSTERY KO" buyIn: 1.80€ + 0.20€ level: 4 - HandId: #4549413283307716612-71-1772987306 - Holdem no limit (40/175/350) - 2026/03/08 16:28:26 UTC
Table: 'MYSTERY KO(1059242823)#0003' 6-max (real money) Seat #6 is the button
Seat 1: Rasputin21 (28815)
Seat 2: MathisKcr (27162)
Seat 3: BBoyd (20070)
Seat 4: CarboPP (43762)
Seat 5: Lamantin_556 (29331)
Seat 6: FrEs0811 (30885)
*** ANTE/BLINDS ***
Rasputin21 posts ante 40
MathisKcr posts ante 40
BBoyd posts ante 40
CarboPP posts ante 40
Lamantin_556 posts ante 40
FrEs0811 posts ante 40
Rasputin21 posts small blind 175
MathisKcr posts big blind 350
Dealt to MathisKcr [Qc Kd]
*** PRE-FLOP *** 
BBoyd folds
CarboPP calls 350
Lamantin_556 folds
FrEs0811 folds
Rasputin21 raises 1225 to 1575
MathisKcr calls 1225
CarboPP calls 1225
*** FLOP *** [Js 3c 5s]
Rasputin21 bets 1638
MathisKcr calls 1638
CarboPP folds
*** TURN *** [Js 3c 5s][8c]
Rasputin21 bets 5357
MathisKcr folds
Rasputin21 collected 13598 from pot
*** SUMMARY ***
Total pot 13598 | No rake
Board: [Js 3c 5s 8c]
Seat 1: Rasputin21 (small blind) won 13598


Winamax Poker - Tournament "MYSTERY KO" buyIn: 1.80€ + 0.20€ level: 4 - HandId: #4549413283307716612-72-1772987344 - Holdem no limit (40/175/350) - 2026/03/08 16:29:04 UTC
Table: 'MYSTERY KO(1059242823)#0003' 6-max (real money) Seat #1 is the button
Seat 1: Rasputin21 (33803)
Seat 2: MathisKcr (23909)
Seat 3: BBoyd (20030)
Seat 5: Lamantin_556 (29291)
Seat 6: FrEs0811 (30845)
*** ANTE/BLINDS ***
MathisKcr posts ante 40
BBoyd posts ante 40
Rasputin21 posts ante 40
Lamantin_556 posts ante 40
FrEs0811 posts ante 40
MathisKcr posts small blind 175
BBoyd posts big blind 350
Dealt to MathisKcr [3d Tc]
*** PRE-FLOP *** 
Lamantin_556 folds
FrEs0811 folds
Rasputin21 folds
MathisKcr raises 525 to 875
BBoyd calls 525
*** FLOP *** [4s Jc 9h]
MathisKcr checks
BBoyd checks
*** TURN *** [4s Jc 9h][Qs]
MathisKcr bets 1268
BBoyd folds
MathisKcr collected 3218 from pot
*** SUMMARY ***
Total pot 3218 | No rake
Board: [4s Jc 9h Qs]
Seat 2: MathisKcr (small blind) won 3218


Winamax Poker - Tournament "MYSTERY KO" buyIn: 1.80€ + 0.20€ level: 4 - HandId: #4549413283307716612-73-1772987367 - Holdem no limit (40/175/350) - 2026/03/08 16:29:27 UTC
Table: 'MYSTERY KO(1059242823)#0003' 6-max (real money) Seat #2 is the button
Seat 1: Rasputin21 (33763)
Seat 2: MathisKcr (24944)
Seat 3: BBoyd (19115)
Seat 5: Lamantin_556 (29251)
Seat 6: FrEs0811 (30805)
*** ANTE/BLINDS ***
BBoyd posts ante 40
Lamantin_556 posts ante 40
Rasputin21 posts ante 40
MathisKcr posts ante 40
FrEs0811 posts ante 40
BBoyd posts small blind 175
Lamantin_556 posts big blind 350
Dealt to MathisKcr [3s 6s]
*** PRE-FLOP *** 
FrEs0811 raises 350 to 700
Rasputin21 folds
MathisKcr folds
BBoyd raises 2100 to 2800
Lamantin_556 calls 2450
FrEs0811 calls 2100
*** FLOP *** [2d Kh Jc]
BBoyd checks
Lamantin_556 checks
FrEs0811 checks
*** TURN *** [2d Kh Jc][Td]
BBoyd bets 2838
Lamantin_556 raises 23573 to 26411 and is all-in
FrEs0811 folds
BBoyd calls 13437 and is all-in
*** RIVER *** [2d Kh Jc Td][7c]
*** SHOW DOWN ***
BBoyd shows [Kc Ks] (Trips of Kings)
Lamantin_556 shows [Ts Th] (Trips of Tens)
Lamantin_556 collected 10136 from side pot 1
BBoyd collected 41150 from main pot
*** SUMMARY ***
Total pot 51286 | No rake
Board: [2d Kh Jc Td 7c]
Seat 3: BBoyd (small blind) showed [Kc Ks] and won 41150 with Trips of Kings
Seat 5: Lamantin_556 (big blind) showed [Ts Th] and won 10136 with Trips of Tens


Winamax Poker - Tournament "MYSTERY KO" buyIn: 1.80€ + 0.20€ level: 4 - HandId: #4549413283307716612-74-1772987424 - Holdem no limit (40/175/350) - 2026/03/08 16:30:24 UTC
Table: 'MYSTERY KO(1059242823)#0003' 6-max (real money) Seat #3 is the button
Seat 1: Rasputin21 (33723)
Seat 2: MathisKcr (24904)
Seat 3: BBoyd (41150)
Seat 5: Lamantin_556 (10136)
Seat 6: FrEs0811 (27965)
*** ANTE/BLINDS ***
Lamantin_556 posts ante 40
FrEs0811 posts ante 40
Rasputin21 posts ante 40
MathisKcr posts ante 40
BBoyd posts ante 40
Lamantin_556 posts small blind 175
FrEs0811 posts big blind 350
Dealt to MathisKcr [7h Tc]
*** PRE-FLOP *** 
Rasputin21 folds
MathisKcr folds
BBoyd folds
Lamantin_556 calls 175
FrEs0811 checks
*** FLOP *** [Qs Kh 5h]
Lamantin_556 checks
FrEs0811 checks
*** TURN *** [Qs Kh 5h][7c]
Lamantin_556 checks
FrEs0811 checks
*** RIVER *** [Qs Kh 5h 7c][Td]
Lamantin_556 checks
FrEs0811 checks
*** SHOW DOWN ***
Lamantin_556 shows [Ah 4c] (High card : Ace)
FrEs0811 shows [6c As] (High card : Ace)
FrEs0811 collected 450 from pot
Lamantin_556 collected 450 from pot
*** SUMMARY ***
Total pot 900 | No rake
Board: [Qs Kh 5h 7c Td]
Seat 5: Lamantin_556 (small blind) showed [Ah 4c] and won 450 with High card : Ace
Seat 6: FrEs0811 (big blind) showed [6c As] and won 450 with High card : Ace


Winamax Poker - Tournament "MYSTERY KO" buyIn: 1.80€ + 0.20€ level: 4 - HandId: #4549413283307716612-75-1772987475 - Holdem no limit (40/175/350) - 2026/03/08 16:31:15 UTC
Table: 'MYSTERY KO(1059242823)#0003' 6-max (real money) Seat #5 is the button
Seat 1: Rasputin21 (33683)
Seat 2: MathisKcr (24864)
Seat 3: BBoyd (41110)
Seat 5: Lamantin_556 (10196)
Seat 6: FrEs0811 (28025)
*** ANTE/BLINDS ***
FrEs0811 posts ante 40
Rasputin21 posts ante 40
MathisKcr posts ante 40
BBoyd posts ante 40
Lamantin_556 posts ante 40
FrEs0811 posts small blind 175
Rasputin21 posts big blind 350
Dealt to MathisKcr [Ks 5h]
*** PRE-FLOP *** 
MathisKcr calls 350
BBoyd folds
Lamantin_556 folds
FrEs0811 calls 175
Rasputin21 checks
*** FLOP *** [8c 2c Td]
FrEs0811 checks
Rasputin21 checks
MathisKcr checks
*** TURN *** [8c 2c Td][7h]
FrEs0811 bets 438
Rasputin21 calls 438
MathisKcr folds
*** RIVER *** [8c 2c Td 7h][2d]
FrEs0811 bets 2126
Rasputin21 folds
FrEs0811 collected 4252 from pot
*** SUMMARY ***
Total pot 4252 | No rake
Board: [8c 2c Td 7h 2d]
Seat 6: FrEs0811 (small blind) won 4252


Winamax Poker - Tournament "MYSTERY KO" buyIn: 1.80€ + 0.20€ level: 5 - HandId: #4549413283307716612-76-1772987548 - Holdem no limit (50/200/400) - 2026/03/08 16:32:28 UTC
Table: 'MYSTERY KO(1059242823)#0003' 6-max (real money) Seat #6 is the button
Seat 1: Rasputin21 (32855)
Seat 2: MathisKcr (24474)
Seat 3: BBoyd (41070)
Seat 4: d0n_ (20000)
Seat 5: Lamantin_556 (10156)
Seat 6: FrEs0811 (29323)
*** ANTE/BLINDS ***
Rasputin21 posts ante 50
MathisKcr posts ante 50
BBoyd posts ante 50
d0n_ posts ante 50
Lamantin_556 posts ante 50
FrEs0811 posts ante 50
Rasputin21 posts small blind 200
MathisKcr posts big blind 400
Dealt to MathisKcr [5c Ad]
*** PRE-FLOP *** 
BBoyd folds
d0n_ folds
Lamantin_556 calls 400
FrEs0811 raises 400 to 800
Rasputin21 folds
MathisKcr calls 400
Lamantin_556 calls 400
*** FLOP *** [Jh 7c 6s]
MathisKcr checks
Lamantin_556 checks
FrEs0811 bets 2320
MathisKcr folds
Lamantin_556 folds
FrEs0811 collected 5220 from pot
*** SUMMARY ***
Total pot 5220 | No rake
Board: [Jh 7c 6s]
Seat 6: FrEs0811 (button) won 5220


Winamax Poker - Tournament "MYSTERY KO" buyIn: 1.80€ + 0.20€ level: 5 - HandId: #4549413283307716612-77-1772987580 - Holdem no limit (50/200/400) - 2026/03/08 16:33:00 UTC
Table: 'MYSTERY KO(1059242823)#0003' 6-max (real money) Seat #1 is the button
Seat 1: Rasputin21 (32605)
Seat 2: MathisKcr (23624)
Seat 3: BBoyd (41020)
Seat 4: d0n_ (19950)
Seat 5: Lamantin_556 (9306)
Seat 6: FrEs0811 (31373)
*** ANTE/BLINDS ***
MathisKcr posts ante 50
BBoyd posts ante 50
Rasputin21 posts ante 50
d0n_ posts ante 50
Lamantin_556 posts ante 50
FrEs0811 posts ante 50
MathisKcr posts small blind 200
BBoyd posts big blind 400
Dealt to MathisKcr [4c 9c]
*** PRE-FLOP *** 
d0n_ raises 400 to 800
Lamantin_556 folds
FrEs0811 folds
Rasputin21 folds
MathisKcr folds
BBoyd calls 400
*** FLOP *** [6d 3s 7h]
BBoyd checks
d0n_ checks
*** TURN *** [6d 3s 7h][Ks]
BBoyd checks
d0n_ bets 1400
BBoyd folds
d0n_ collected 3500 from pot
*** SUMMARY ***
Total pot 3500 | No rake
Board: [6d 3s 7h Ks]
Seat 4: d0n_ won 3500


Winamax Poker - Tournament "MYSTERY KO" buyIn: 1.80€ + 0.20€ level: 5 - HandId: #4549413283307716612-78-1772987626 - Holdem no limit (50/200/400) - 2026/03/08 16:33:46 UTC
Table: 'MYSTERY KO(1059242823)#0003' 6-max (real money) Seat #2 is the button
Seat 1: Rasputin21 (32555)
Seat 2: MathisKcr (23374)
Seat 3: BBoyd (40170)
Seat 4: d0n_ (21200)
Seat 5: Lamantin_556 (9256)
Seat 6: FrEs0811 (31323)
*** ANTE/BLINDS ***
BBoyd posts ante 50
d0n_ posts ante 50
Rasputin21 posts ante 50
MathisKcr posts ante 50
Lamantin_556 posts ante 50
FrEs0811 posts ante 50
BBoyd posts small blind 200
d0n_ posts big blind 400
Dealt to MathisKcr [6h 4h]
*** PRE-FLOP *** 
Lamantin_556 folds
FrEs0811 folds
Rasputin21 folds
MathisKcr folds
BBoyd calls 200
d0n_ raises 1200 to 1600
BBoyd calls 1200
*** FLOP *** [3h Ac Kc]
BBoyd checks
d0n_ bets 1155
BBoyd folds
d0n_ collected 4655 from pot
*** SUMMARY ***
Total pot 4655 | No rake
Board: [3h Ac Kc]
Seat 4: d0n_ (big blind) won 4655


Winamax Poker - Tournament "MYSTERY KO" buyIn: 1.80€ + 0.20€ level: 5 - HandId: #4549413283307716612-79-1772987692 - Holdem no limit (50/200/400) - 2026/03/08 16:34:52 UTC
Table: 'MYSTERY KO(1059242823)#0003' 6-max (real money) Seat #3 is the button
Seat 1: Rasputin21 (32505)
Seat 2: MathisKcr (23324)
Seat 3: BBoyd (38520)
Seat 4: d0n_ (23050)
Seat 5: Lamantin_556 (9206)
Seat 6: FrEs0811 (31273)
*** ANTE/BLINDS ***
d0n_ posts ante 50
Lamantin_556 posts ante 50
Rasputin21 posts ante 50
MathisKcr posts ante 50
BBoyd posts ante 50
FrEs0811 posts ante 50
d0n_ posts small blind 200
Lamantin_556 posts big blind 400
Dealt to MathisKcr [2h Th]
*** PRE-FLOP *** 
FrEs0811 folds
Rasputin21 folds
MathisKcr folds
BBoyd raises 600 to 1000
d0n_ folds
Lamantin_556 calls 600
*** FLOP *** [3c 6s 8c]
Lamantin_556 checks
BBoyd checks
*** TURN *** [3c 6s 8c][9h]
Lamantin_556 checks
BBoyd bets 2200
Lamantin_556 folds
BBoyd collected 4700 from pot
*** SUMMARY ***
Total pot 4700 | No rake
Board: [3c 6s 8c 9h]
Seat 3: BBoyd (button) won 4700


Winamax Poker - Tournament "MYSTERY KO" buyIn: 1.80€ + 0.20€ level: 5 - HandId: #4549413283307716612-80-1772987752 - Holdem no limit (50/200/400) - 2026/03/08 16:35:52 UTC
Table: 'MYSTERY KO(1059242823)#0003' 6-max (real money) Seat #4 is the button
Seat 1: Rasputin21 (32455)
Seat 2: MathisKcr (23274)
Seat 3: BBoyd (39970)
Seat 4: d0n_ (22800)
Seat 5: Lamantin_556 (8156)
Seat 6: FrEs0811 (31223)
*** ANTE/BLINDS ***
Lamantin_556 posts ante 50
FrEs0811 posts ante 50
Rasputin21 posts ante 50
MathisKcr posts ante 50
BBoyd posts ante 50
d0n_ posts ante 50
Lamantin_556 posts small blind 200
FrEs0811 posts big blind 400
Dealt to MathisKcr [Qc Ah]
*** PRE-FLOP *** 
Rasputin21 folds
MathisKcr raises 400 to 800
BBoyd raises 39120 to 39920 and is all-in
d0n_ folds
Lamantin_556 folds
FrEs0811 folds
MathisKcr calls 22424 and is all-in
*** FLOP *** [3s Tc 7d]
*** TURN *** [3s Tc 7d][Jd]
*** RIVER *** [3s Tc 7d Jd][6h]
*** SHOW DOWN ***
MathisKcr shows [Qc Ah] (High card : Ace)
BBoyd shows [7h 5c] (One pair : 7)
BBoyd collected 64044 from pot
*** SUMMARY ***
Total pot 64044 | No rake
Board: [3s Tc 7d Jd 6h]
Seat 2: MathisKcr showed [Qc Ah] and lost with High card : Ace
Seat 3: BBoyd showed [7h 5c] and won 64044 with One pair : 7


