Winamax Poker - Tournament "Expresso Nitro" buyIn: 0.93€ + 0.07€ level: 1 - HandId: #4667988233609543681-1-1774775715 - Holdem no limit (10/20) - 2026/03/29 09:15:15 UTC
Table: 'Expresso Nitro(1086850705)#0' 3-max (real money) Seat #2 is the button
Seat 1: SB-Crack3531 (300)
Seat 2: GoatDz213 (300)
Seat 3: MathisKcr (300)
*** ANTE/BLINDS ***
MathisKcr posts small blind 10
SB-Crack3531 posts big blind 20
Dealt to MathisKcr [9s 7c]
*** PRE-FLOP *** 
GoatDz213 raises 50 to 70
MathisKcr folds
SB-Crack3531 calls 50
*** FLOP *** [5c 2c 6c]
SB-Crack3531 bets 150
GoatDz213 folds
SB-Crack3531 collected 300 from pot
*** SUMMARY ***
Total pot 300 | No rake
Board: [5c 2c 6c]
Seat 1: SB-Crack3531 (big blind) won 300


Winamax Poker - Tournament "Expresso Nitro" buyIn: 0.93€ + 0.07€ level: 1 - HandId: #4667988233609543681-2-1774775734 - Holdem no limit (10/20) - 2026/03/29 09:15:34 UTC
Table: 'Expresso Nitro(1086850705)#0' 3-max (real money) Seat #3 is the button
Seat 1: SB-Crack3531 (380)
Seat 2: GoatDz213 (230)
Seat 3: MathisKcr (290)
*** ANTE/BLINDS ***
SB-Crack3531 posts small blind 10
GoatDz213 posts big blind 20
Dealt to MathisKcr [7d Tc]
*** PRE-FLOP *** 
MathisKcr folds
SB-Crack3531 folds
GoatDz213 collected 30 from pot
*** SUMMARY ***
Total pot 30 | No rake
Seat 2: GoatDz213 (big blind) won 30


Winamax Poker - Tournament "Expresso Nitro" buyIn: 0.93€ + 0.07€ level: 1 - HandId: #4667988233609543681-3-1774775740 - Holdem no limit (10/20) - 2026/03/29 09:15:40 UTC
Table: 'Expresso Nitro(1086850705)#0' 3-max (real money) Seat #1 is the button
Seat 1: SB-Crack3531 (370)
Seat 2: GoatDz213 (240)
Seat 3: MathisKcr (290)
*** ANTE/BLINDS ***
GoatDz213 posts small blind 10
MathisKcr posts big blind 20
Dealt to MathisKcr [Kh As]
*** PRE-FLOP *** 
SB-Crack3531 folds
GoatDz213 calls 10
MathisKcr raises 270 to 290 and is all-in
GoatDz213 folds
MathisKcr collected 310 from pot
*** SUMMARY ***
Total pot 310 | No rake
Seat 3: MathisKcr (big blind) won 310


Winamax Poker - Tournament "Expresso Nitro" buyIn: 0.93€ + 0.07€ level: 1 - HandId: #4667988233609543681-4-1774775751 - Holdem no limit (10/20) - 2026/03/29 09:15:51 UTC
Table: 'Expresso Nitro(1086850705)#0' 3-max (real money) Seat #2 is the button
Seat 1: SB-Crack3531 (370)
Seat 2: GoatDz213 (220)
Seat 3: MathisKcr (310)
*** ANTE/BLINDS ***
MathisKcr posts small blind 10
SB-Crack3531 posts big blind 20
Dealt to MathisKcr [Ts 2s]
*** PRE-FLOP *** 
GoatDz213 raises 200 to 220 and is all-in
MathisKcr folds
SB-Crack3531 calls 200
*** FLOP *** [Td 5d Ac]
*** TURN *** [Td 5d Ac][2d]
*** RIVER *** [Td 5d Ac 2d][3h]
*** SHOW DOWN ***
GoatDz213 shows [Kh 7h] (High card : Ace)
SB-Crack3531 shows [9c 5c] (One pair : 5)
SB-Crack3531 collected 450 from pot
*** SUMMARY ***
Total pot 450 | No rake
Board: [Td 5d Ac 2d 3h]
Seat 1: SB-Crack3531 (big blind) showed [9c 5c] and won 450 with One pair : 5
Seat 2: GoatDz213 (button) showed [Kh 7h] and lost with High card : Ace


Winamax Poker - Tournament "Expresso Nitro" buyIn: 0.93€ + 0.07€ level: 1 - HandId: #4667988233609543681-5-1774775765 - Holdem no limit (10/20) - 2026/03/29 09:16:05 UTC
Table: 'Expresso Nitro(1086850705)#0' 3-max (real money) Seat #1 is the button
Seat 1: SB-Crack3531 (600)
Seat 3: MathisKcr (300)
*** ANTE/BLINDS ***
SB-Crack3531 posts small blind 10
MathisKcr posts big blind 20
Dealt to MathisKcr [5h 3s]
*** PRE-FLOP *** 
SB-Crack3531 calls 10
MathisKcr checks
*** FLOP *** [8s 2h Qd]
MathisKcr checks
SB-Crack3531 bets 40
MathisKcr folds
SB-Crack3531 collected 80 from pot
*** SUMMARY ***
Total pot 80 | No rake
Board: [8s 2h Qd]
Seat 1: SB-Crack3531 (small blind) (button) won 80


Winamax Poker - Tournament "Expresso Nitro" buyIn: 0.93€ + 0.07€ level: 2 - HandId: #4667988233609543681-6-1774775796 - Holdem no limit (15/30) - 2026/03/29 09:16:36 UTC
Table: 'Expresso Nitro(1086850705)#0' 3-max (real money) Seat #3 is the button
Seat 1: SB-Crack3531 (620)
Seat 3: MathisKcr (280)
*** ANTE/BLINDS ***
MathisKcr posts small blind 15
SB-Crack3531 posts big blind 30
Dealt to MathisKcr [Kd Ah]
*** PRE-FLOP *** 
MathisKcr raises 250 to 280 and is all-in
SB-Crack3531 calls 250
*** FLOP *** [7d 6h 8s]
*** TURN *** [7d 6h 8s][4c]
*** RIVER *** [7d 6h 8s 4c][6d]
*** SHOW DOWN ***
SB-Crack3531 shows [Ts As] (One pair : 6)
MathisKcr shows [Kd Ah] (One pair : 6)
MathisKcr collected 560 from pot
*** SUMMARY ***
Total pot 560 | No rake
Board: [7d 6h 8s 4c 6d]
Seat 1: SB-Crack3531 (big blind) showed [Ts As] and lost with One pair : 6
Seat 3: MathisKcr (small blind) (button) showed [Kd Ah] and won 560 with One pair : 6


Winamax Poker - Tournament "Expresso Nitro" buyIn: 0.93€ + 0.07€ level: 2 - HandId: #4667988233609543681-7-1774775811 - Holdem no limit (15/30) - 2026/03/29 09:16:51 UTC
Table: 'Expresso Nitro(1086850705)#0' 3-max (real money) Seat #1 is the button
Seat 1: SB-Crack3531 (340)
Seat 3: MathisKcr (560)
*** ANTE/BLINDS ***
SB-Crack3531 posts small blind 15
MathisKcr posts big blind 30
Dealt to MathisKcr [7d Qc]
*** PRE-FLOP *** 
SB-Crack3531 raises 60 to 90
MathisKcr folds
SB-Crack3531 collected 120 from pot
*** SUMMARY ***
Total pot 120 | No rake
Seat 1: SB-Crack3531 (small blind) (button) won 120


Winamax Poker - Tournament "Expresso Nitro" buyIn: 0.93€ + 0.07€ level: 2 - HandId: #4667988233609543681-8-1774775819 - Holdem no limit (15/30) - 2026/03/29 09:16:59 UTC
Table: 'Expresso Nitro(1086850705)#0' 3-max (real money) Seat #3 is the button
Seat 1: SB-Crack3531 (370)
Seat 3: MathisKcr (530)
*** ANTE/BLINDS ***
MathisKcr posts small blind 15
SB-Crack3531 posts big blind 30
Dealt to MathisKcr [9c 7d]
*** PRE-FLOP *** 
MathisKcr folds
SB-Crack3531 collected 45 from pot
*** SUMMARY ***
Total pot 45 | No rake
Seat 1: SB-Crack3531 (big blind) won 45


Winamax Poker - Tournament "Expresso Nitro" buyIn: 0.93€ + 0.07€ level: 2 - HandId: #4667988233609543681-9-1774775824 - Holdem no limit (15/30) - 2026/03/29 09:17:04 UTC
Table: 'Expresso Nitro(1086850705)#0' 3-max (real money) Seat #1 is the button
Seat 1: SB-Crack3531 (385)
Seat 3: MathisKcr (515)
*** ANTE/BLINDS ***
SB-Crack3531 posts small blind 15
MathisKcr posts big blind 30
Dealt to MathisKcr [Td 7c]
*** PRE-FLOP *** 
SB-Crack3531 calls 15
MathisKcr checks
*** FLOP *** [2h 2d 6s]
MathisKcr checks
SB-Crack3531 checks
*** TURN *** [2h 2d 6s][2c]
MathisKcr checks
SB-Crack3531 checks
*** RIVER *** [2h 2d 6s 2c][Tc]
MathisKcr bets 90
SB-Crack3531 folds
MathisKcr collected 150 from pot
*** SUMMARY ***
Total pot 150 | No rake
Board: [2h 2d 6s 2c Tc]
Seat 3: MathisKcr (big blind) won 150


Winamax Poker - Tournament "Expresso Nitro" buyIn: 0.93€ + 0.07€ level: 3 - HandId: #4667988233609543681-10-1774775852 - Holdem no limit (20/40) - 2026/03/29 09:17:32 UTC
Table: 'Expresso Nitro(1086850705)#0' 3-max (real money) Seat #3 is the button
Seat 1: SB-Crack3531 (355)
Seat 3: MathisKcr (545)
*** ANTE/BLINDS ***
MathisKcr posts small blind 20
SB-Crack3531 posts big blind 40
Dealt to MathisKcr [6c Jd]
*** PRE-FLOP *** 
MathisKcr raises 505 to 545 and is all-in
SB-Crack3531 folds
MathisKcr collected 585 from pot
*** SUMMARY ***
Total pot 585 | No rake
Seat 3: MathisKcr (small blind) (button) won 585


Winamax Poker - Tournament "Expresso Nitro" buyIn: 0.93€ + 0.07€ level: 3 - HandId: #4667988233609543681-11-1774775864 - Holdem no limit (20/40) - 2026/03/29 09:17:44 UTC
Table: 'Expresso Nitro(1086850705)#0' 3-max (real money) Seat #1 is the button
Seat 1: SB-Crack3531 (315)
Seat 3: MathisKcr (585)
*** ANTE/BLINDS ***
SB-Crack3531 posts small blind 20
MathisKcr posts big blind 40
Dealt to MathisKcr [Jc 2c]
*** PRE-FLOP *** 
SB-Crack3531 calls 20
MathisKcr checks
*** FLOP *** [8d Qs Jd]
MathisKcr bets 52
SB-Crack3531 calls 52
*** TURN *** [8d Qs Jd][6d]
MathisKcr bets 493 and is all-in
SB-Crack3531 calls 223 and is all-in
*** RIVER *** [8d Qs Jd 6d][Kh]
*** SHOW DOWN ***
SB-Crack3531 shows [9d 6c] (One pair : 6)
MathisKcr shows [Jc 2c] (One pair : Jacks)
MathisKcr collected 900 from pot
*** SUMMARY ***
Total pot 900 | No rake
Board: [8d Qs Jd 6d Kh]
Seat 1: SB-Crack3531 (small blind) (button) showed [9d 6c] and lost with One pair : 6
Seat 3: MathisKcr (big blind) showed [Jc 2c] and won 900 with One pair : Jacks


