Winamax Poker - Tournament "Expresso Nitro" buyIn: 0.93€ + 0.07€ level: 1 - HandId: #4688820212269580289-1-1775567649 - Holdem no limit (10/20) - 2026/04/07 13:14:09 UTC
Table: 'Expresso Nitro(1091701028)#0' 3-max (real money) Seat #1 is the button
Seat 1: MathisKcr (300)
Seat 2: SincuKlk (300)
Seat 3: Nadia-13310 (300)
*** ANTE/BLINDS ***
SincuKlk posts small blind 10
Nadia-13310 posts big blind 20
Dealt to MathisKcr [Jh 9d]
*** PRE-FLOP *** 
MathisKcr raises 20 to 40
SincuKlk folds
Nadia-13310 calls 20
*** FLOP *** [3d 3h 4d]
Nadia-13310 checks
MathisKcr checks
*** TURN *** [3d 3h 4d][Qh]
Nadia-13310 checks
MathisKcr checks
*** RIVER *** [3d 3h 4d Qh][6s]
Nadia-13310 checks
MathisKcr checks
*** SHOW DOWN ***
MathisKcr shows [Jh 9d] (One pair : 3)
Nadia-13310 shows [2s Ad] (One pair : 3)
Nadia-13310 collected 90 from pot
*** SUMMARY ***
Total pot 90 | No rake
Board: [3d 3h 4d Qh 6s]
Seat 1: MathisKcr (button) showed [Jh 9d] and lost with One pair : 3
Seat 3: Nadia-13310 (big blind) showed [2s Ad] and won 90 with One pair : 3


Winamax Poker - Tournament "Expresso Nitro" buyIn: 0.93€ + 0.07€ level: 1 - HandId: #4688820212269580289-2-1775567672 - Holdem no limit (10/20) - 2026/04/07 13:14:32 UTC
Table: 'Expresso Nitro(1091701028)#0' 3-max (real money) Seat #2 is the button
Seat 1: MathisKcr (260)
Seat 2: SincuKlk (290)
Seat 3: Nadia-13310 (350)
*** ANTE/BLINDS ***
Nadia-13310 posts small blind 10
MathisKcr posts big blind 20
Dealt to MathisKcr [9d Kd]
*** PRE-FLOP *** 
SincuKlk folds
Nadia-13310 calls 10
MathisKcr raises 240 to 260 and is all-in
Nadia-13310 folds
MathisKcr collected 280 from pot
*** SUMMARY ***
Total pot 280 | No rake
Seat 1: MathisKcr (big blind) won 280


Winamax Poker - Tournament "Expresso Nitro" buyIn: 0.93€ + 0.07€ level: 1 - HandId: #4688820212269580289-3-1775567681 - Holdem no limit (10/20) - 2026/04/07 13:14:41 UTC
Table: 'Expresso Nitro(1091701028)#0' 3-max (real money) Seat #3 is the button
Seat 1: MathisKcr (280)
Seat 2: SincuKlk (290)
Seat 3: Nadia-13310 (330)
*** ANTE/BLINDS ***
MathisKcr posts small blind 10
SincuKlk posts big blind 20
Dealt to MathisKcr [Kd 4h]
*** PRE-FLOP *** 
Nadia-13310 folds
MathisKcr raises 260 to 280 and is all-in
SincuKlk folds
MathisKcr collected 300 from pot
*** SUMMARY ***
Total pot 300 | No rake
Seat 1: MathisKcr (small blind) won 300


Winamax Poker - Tournament "Expresso Nitro" buyIn: 0.93€ + 0.07€ level: 1 - HandId: #4688820212269580289-4-1775567691 - Holdem no limit (10/20) - 2026/04/07 13:14:51 UTC
Table: 'Expresso Nitro(1091701028)#0' 3-max (real money) Seat #1 is the button
Seat 1: MathisKcr (300)
Seat 2: SincuKlk (270)
Seat 3: Nadia-13310 (330)
*** ANTE/BLINDS ***
SincuKlk posts small blind 10
Nadia-13310 posts big blind 20
Dealt to MathisKcr [Kc 8s]
*** PRE-FLOP *** 
MathisKcr raises 20 to 40
SincuKlk raises 230 to 270 and is all-in
Nadia-13310 folds
MathisKcr folds
SincuKlk collected 330 from pot
*** SUMMARY ***
Total pot 330 | No rake
Seat 2: SincuKlk (small blind) won 330


Winamax Poker - Tournament "Expresso Nitro" buyIn: 0.93€ + 0.07€ level: 2 - HandId: #4688820212269580289-5-1775567714 - Holdem no limit (15/30) - 2026/04/07 13:15:14 UTC
Table: 'Expresso Nitro(1091701028)#0' 3-max (real money) Seat #2 is the button
Seat 1: MathisKcr (260)
Seat 2: SincuKlk (330)
Seat 3: Nadia-13310 (310)
*** ANTE/BLINDS ***
Nadia-13310 posts small blind 15
MathisKcr posts big blind 30
Dealt to MathisKcr [Ts 3d]
*** PRE-FLOP *** 
SincuKlk folds
Nadia-13310 folds
MathisKcr collected 45 from pot
*** SUMMARY ***
Total pot 45 | No rake
Seat 1: MathisKcr (big blind) won 45


Winamax Poker - Tournament "Expresso Nitro" buyIn: 0.93€ + 0.07€ level: 2 - HandId: #4688820212269580289-6-1775567722 - Holdem no limit (15/30) - 2026/04/07 13:15:22 UTC
Table: 'Expresso Nitro(1091701028)#0' 3-max (real money) Seat #3 is the button
Seat 1: MathisKcr (275)
Seat 2: SincuKlk (330)
Seat 3: Nadia-13310 (295)
*** ANTE/BLINDS ***
MathisKcr posts small blind 15
SincuKlk posts big blind 30
Dealt to MathisKcr [6s 8h]
*** PRE-FLOP *** 
Nadia-13310 folds
MathisKcr folds
SincuKlk collected 45 from pot
*** SUMMARY ***
Total pot 45 | No rake
Seat 2: SincuKlk (big blind) won 45


Winamax Poker - Tournament "Expresso Nitro" buyIn: 0.93€ + 0.07€ level: 2 - HandId: #4688820212269580289-7-1775567728 - Holdem no limit (15/30) - 2026/04/07 13:15:28 UTC
Table: 'Expresso Nitro(1091701028)#0' 3-max (real money) Seat #1 is the button
Seat 1: MathisKcr (260)
Seat 2: SincuKlk (345)
Seat 3: Nadia-13310 (295)
*** ANTE/BLINDS ***
SincuKlk posts small blind 15
Nadia-13310 posts big blind 30
Dealt to MathisKcr [Qs Kh]
*** PRE-FLOP *** 
MathisKcr raises 230 to 260 and is all-in
SincuKlk folds
Nadia-13310 folds
MathisKcr collected 305 from pot
*** SUMMARY ***
Total pot 305 | No rake
Seat 1: MathisKcr (button) won 305


Winamax Poker - Tournament "Expresso Nitro" buyIn: 0.93€ + 0.07€ level: 2 - HandId: #4688820212269580289-8-1775567744 - Holdem no limit (15/30) - 2026/04/07 13:15:44 UTC
Table: 'Expresso Nitro(1091701028)#0' 3-max (real money) Seat #2 is the button
Seat 1: MathisKcr (305)
Seat 2: SincuKlk (330)
Seat 3: Nadia-13310 (265)
*** ANTE/BLINDS ***
Nadia-13310 posts small blind 15
MathisKcr posts big blind 30
Dealt to MathisKcr [6c 4d]
*** PRE-FLOP *** 
SincuKlk folds
Nadia-13310 calls 15
MathisKcr checks
*** FLOP *** [7d 4h Td]
Nadia-13310 checks
MathisKcr bets 39
Nadia-13310 folds
MathisKcr collected 99 from pot
*** SUMMARY ***
Total pot 99 | No rake
Board: [7d 4h Td]
Seat 1: MathisKcr (big blind) won 99


Winamax Poker - Tournament "Expresso Nitro" buyIn: 0.93€ + 0.07€ level: 2 - HandId: #4688820212269580289-9-1775567757 - Holdem no limit (15/30) - 2026/04/07 13:15:57 UTC
Table: 'Expresso Nitro(1091701028)#0' 3-max (real money) Seat #3 is the button
Seat 1: MathisKcr (335)
Seat 2: SincuKlk (330)
Seat 3: Nadia-13310 (235)
*** ANTE/BLINDS ***
MathisKcr posts small blind 15
SincuKlk posts big blind 30
Dealt to MathisKcr [3h 8c]
*** PRE-FLOP *** 
Nadia-13310 calls 30
MathisKcr folds
SincuKlk checks
*** FLOP *** [Qd 6c 5c]
SincuKlk bets 45
Nadia-13310 folds
SincuKlk collected 120 from pot
*** SUMMARY ***
Total pot 120 | No rake
Board: [Qd 6c 5c]
Seat 2: SincuKlk (big blind) won 120


Winamax Poker - Tournament "Expresso Nitro" buyIn: 0.93€ + 0.07€ level: 3 - HandId: #4688820212269580289-10-1775567771 - Holdem no limit (20/40) - 2026/04/07 13:16:11 UTC
Table: 'Expresso Nitro(1091701028)#0' 3-max (real money) Seat #1 is the button
Seat 1: MathisKcr (320)
Seat 2: SincuKlk (375)
Seat 3: Nadia-13310 (205)
*** ANTE/BLINDS ***
SincuKlk posts small blind 20
Nadia-13310 posts big blind 40
Dealt to MathisKcr [5s Kd]
*** PRE-FLOP *** 
MathisKcr raises 280 to 320 and is all-in
SincuKlk raises 55 to 375 and is all-in
Nadia-13310 folds
*** FLOP *** [4c 6s 3s]
*** TURN *** [4c 6s 3s][4h]
*** RIVER *** [4c 6s 3s 4h][4d]
*** SHOW DOWN ***
MathisKcr shows [5s Kd] (Trips of 4)
SincuKlk shows [Qd As] (Trips of 4)
SincuKlk collected 735 from pot
*** SUMMARY ***
Total pot 735 | No rake
Board: [4c 6s 3s 4h 4d]
Seat 1: MathisKcr (button) showed [5s Kd] and lost with Trips of 4
Seat 2: SincuKlk (small blind) showed [Qd As] and won 735 with Trips of 4


