Winamax Poker - Tournament "Expresso Nitro" buyIn: 0.93€ + 0.07€ level: 1 - HandId: #4689212239704489985-1-1775579338 - Holdem no limit (10/20) - 2026/04/07 16:28:58 UTC
Table: 'Expresso Nitro(1091792304)#0' 3-max (real money) Seat #1 is the button
Seat 1: MathisKcr (300)
Seat 2: zepekinois02 (300)
Seat 3: EC8120 (300)
*** ANTE/BLINDS ***
zepekinois02 posts small blind 10
EC8120 posts big blind 20
Dealt to MathisKcr [5d Ah]
*** PRE-FLOP *** 
MathisKcr raises 20 to 40
zepekinois02 calls 30
EC8120 calls 20
*** FLOP *** [Kd 5c 3s]
zepekinois02 checks
EC8120 checks
MathisKcr bets 42
zepekinois02 folds
EC8120 folds
MathisKcr collected 162 from pot
*** SUMMARY ***
Total pot 162 | No rake
Board: [Kd 5c 3s]
Seat 1: MathisKcr (button) won 162


Winamax Poker - Tournament "Expresso Nitro" buyIn: 0.93€ + 0.07€ level: 2 - HandId: #4689212239704489985-2-1775579396 - Holdem no limit (15/30) - 2026/04/07 16:29:56 UTC
Table: 'Expresso Nitro(1091792304)#0' 3-max (real money) Seat #2 is the button
Seat 1: MathisKcr (380)
Seat 2: zepekinois02 (260)
Seat 3: EC8120 (260)
*** ANTE/BLINDS ***
EC8120 posts small blind 15
MathisKcr posts big blind 30
Dealt to MathisKcr [Ts Ad]
*** PRE-FLOP *** 
zepekinois02 folds
EC8120 raises 230 to 260 and is all-in
MathisKcr calls 230
*** FLOP *** [8s 3d 3c]
*** TURN *** [8s 3d 3c][3s]
*** RIVER *** [8s 3d 3c 3s][4s]
*** SHOW DOWN ***
MathisKcr shows [Ts Ad] (Trips of 3)
EC8120 shows [7s 5s] (Flush 8 high)
EC8120 collected 520 from pot
*** SUMMARY ***
Total pot 520 | No rake
Board: [8s 3d 3c 3s 4s]
Seat 1: MathisKcr (big blind) showed [Ts Ad] and lost with Trips of 3
Seat 3: EC8120 (small blind) showed [7s 5s] and won 520 with Flush 8 high


Winamax Poker - Tournament "Expresso Nitro" buyIn: 0.93€ + 0.07€ level: 2 - HandId: #4689212239704489985-3-1775579424 - Holdem no limit (15/30) - 2026/04/07 16:30:24 UTC
Table: 'Expresso Nitro(1091792304)#0' 3-max (real money) Seat #3 is the button
Seat 1: MathisKcr (120)
Seat 2: zepekinois02 (260)
Seat 3: EC8120 (520)
*** ANTE/BLINDS ***
MathisKcr posts small blind 15
zepekinois02 posts big blind 30
Dealt to MathisKcr [Ah 6h]
*** PRE-FLOP *** 
EC8120 raises 490 to 520 and is all-in
MathisKcr calls 105 and is all-in
zepekinois02 folds
*** FLOP *** [3d 2h 3c]
*** TURN *** [3d 2h 3c][6d]
*** RIVER *** [3d 2h 3c 6d][9h]
*** SHOW DOWN ***
MathisKcr shows [Ah 6h] (Two pairs : 6 and 3)
EC8120 shows [Td 8d] (One pair : 3)
EC8120 collected 400 from side pot 1
MathisKcr collected 270 from main pot
*** SUMMARY ***
Total pot 670 | No rake
Board: [3d 2h 3c 6d 9h]
Seat 1: MathisKcr (small blind) showed [Ah 6h] and won 270 with Two pairs : 6 and 3
Seat 3: EC8120 (button) showed [Td 8d] and won 400 with One pair : 3


Winamax Poker - Tournament "Expresso Nitro" buyIn: 0.93€ + 0.07€ level: 2 - HandId: #4689212239704489985-4-1775579445 - Holdem no limit (15/30) - 2026/04/07 16:30:45 UTC
Table: 'Expresso Nitro(1091792304)#0' 3-max (real money) Seat #1 is the button
Seat 1: MathisKcr (270)
Seat 2: zepekinois02 (230)
Seat 3: EC8120 (400)
*** ANTE/BLINDS ***
zepekinois02 posts small blind 15
EC8120 posts big blind 30
Dealt to MathisKcr [Ah 2c]
*** PRE-FLOP *** 
MathisKcr raises 240 to 270 and is all-in
zepekinois02 calls 215 and is all-in
EC8120 folds
*** FLOP *** [Ad 3s Ts]
*** TURN *** [Ad 3s Ts][6h]
*** RIVER *** [Ad 3s Ts 6h][Qc]
*** SHOW DOWN ***
zepekinois02 shows [Qd Jh] (One pair : Queens)
MathisKcr shows [Ah 2c] (One pair : Aces)
MathisKcr collected 530 from pot
*** SUMMARY ***
Total pot 530 | No rake
Board: [Ad 3s Ts 6h Qc]
Seat 1: MathisKcr (button) showed [Ah 2c] and won 530 with One pair : Aces
Seat 2: zepekinois02 (small blind) showed [Qd Jh] and lost with One pair : Queens


Winamax Poker - Tournament "Expresso Nitro" buyIn: 0.93€ + 0.07€ level: 3 - HandId: #4689212239704489985-5-1775579477 - Holdem no limit (20/40) - 2026/04/07 16:31:17 UTC
Table: 'Expresso Nitro(1091792304)#0' 3-max (real money) Seat #3 is the button
Seat 1: MathisKcr (530)
Seat 3: EC8120 (370)
*** ANTE/BLINDS ***
EC8120 posts small blind 20
MathisKcr posts big blind 40
Dealt to MathisKcr [3d 6h]
*** PRE-FLOP *** 
EC8120 calls 20
MathisKcr checks
*** FLOP *** [9c 7h 6c]
MathisKcr bets 80
EC8120 calls 80
*** TURN *** [9c 7h 6c][5c]
MathisKcr checks
EC8120 bets 250 and is all-in
MathisKcr folds
EC8120 collected 490 from pot
*** SUMMARY ***
Total pot 490 | No rake
Board: [9c 7h 6c 5c]
Seat 3: EC8120 (small blind) (button) won 490


Winamax Poker - Tournament "Expresso Nitro" buyIn: 0.93€ + 0.07€ level: 3 - HandId: #4689212239704489985-6-1775579511 - Holdem no limit (20/40) - 2026/04/07 16:31:51 UTC
Table: 'Expresso Nitro(1091792304)#0' 3-max (real money) Seat #1 is the button
Seat 1: MathisKcr (410)
Seat 3: EC8120 (490)
*** ANTE/BLINDS ***
MathisKcr posts small blind 20
EC8120 posts big blind 40
Dealt to MathisKcr [Qs 2c]
*** PRE-FLOP *** 
MathisKcr raises 370 to 410 and is all-in
EC8120 folds
MathisKcr collected 450 from pot
*** SUMMARY ***
Total pot 450 | No rake
Seat 1: MathisKcr (small blind) (button) won 450


Winamax Poker - Tournament "Expresso Nitro" buyIn: 0.93€ + 0.07€ level: 4 - HandId: #4689212239704489985-7-1775579524 - Holdem no limit (30/60) - 2026/04/07 16:32:04 UTC
Table: 'Expresso Nitro(1091792304)#0' 3-max (real money) Seat #3 is the button
Seat 1: MathisKcr (450)
Seat 3: EC8120 (450)
*** ANTE/BLINDS ***
EC8120 posts small blind 30
MathisKcr posts big blind 60
Dealt to MathisKcr [5s Ah]
*** PRE-FLOP *** 
EC8120 raises 390 to 450 and is all-in
MathisKcr calls 390 and is all-in
*** FLOP *** [Qh 2d 9s]
*** TURN *** [Qh 2d 9s][4c]
*** RIVER *** [Qh 2d 9s 4c][Qc]
*** SHOW DOWN ***
EC8120 shows [7h 6c] (One pair : Queens)
MathisKcr shows [5s Ah] (One pair : Queens)
MathisKcr collected 900 from pot
*** SUMMARY ***
Total pot 900 | No rake
Board: [Qh 2d 9s 4c Qc]
Seat 1: MathisKcr (big blind) showed [5s Ah] and won 900 with One pair : Queens
Seat 3: EC8120 (small blind) (button) showed [7h 6c] and lost with One pair : Queens


