Winamax Poker - Tournament "Expresso Nitro" buyIn: 0.93€ + 0.07€ level: 1 - HandId: #4601444922313146369-1-1772389003 - Holdem no limit (10/20) - 2026/03/01 18:16:43 UTC
Table: 'Expresso Nitro(1071357383)#0' 3-max (real money) Seat #1 is the button
Seat 1: MathisKcr (300)
Seat 2: Lau004 (300)
Seat 3: waddel.05 (300)
*** ANTE/BLINDS ***
Lau004 posts small blind 10
waddel.05 posts big blind 20
Dealt to MathisKcr [Jc 3d]
*** PRE-FLOP *** 
MathisKcr folds
Lau004 folds
waddel.05 collected 30 from pot
*** SUMMARY ***
Total pot 30 | No rake
Seat 3: waddel.05 (big blind) won 30


Winamax Poker - Tournament "Expresso Nitro" buyIn: 0.93€ + 0.07€ level: 1 - HandId: #4601444922313146369-2-1772389011 - Holdem no limit (10/20) - 2026/03/01 18:16:51 UTC
Table: 'Expresso Nitro(1071357383)#0' 3-max (real money) Seat #2 is the button
Seat 1: MathisKcr (300)
Seat 2: Lau004 (290)
Seat 3: waddel.05 (310)
*** ANTE/BLINDS ***
waddel.05 posts small blind 10
MathisKcr posts big blind 20
Dealt to MathisKcr [8c 6d]
*** PRE-FLOP *** 
Lau004 folds
waddel.05 calls 10
MathisKcr checks
*** FLOP *** [Ah 3s 4c]
waddel.05 checks
MathisKcr checks
*** TURN *** [Ah 3s 4c][6s]
waddel.05 checks
MathisKcr bets 20
waddel.05 calls 20
*** RIVER *** [Ah 3s 4c 6s][Js]
waddel.05 checks
MathisKcr bets 52
waddel.05 calls 52
*** SHOW DOWN ***
MathisKcr shows [8c 6d] (One pair : 6)
waddel.05 shows [5c Jc] (One pair : Jacks)
waddel.05 collected 184 from pot
*** SUMMARY ***
Total pot 184 | No rake
Board: [Ah 3s 4c 6s Js]
Seat 1: MathisKcr (big blind) showed [8c 6d] and lost with One pair : 6
Seat 3: waddel.05 (small blind) showed [5c Jc] and won 184 with One pair : Jacks


Winamax Poker - Tournament "Expresso Nitro" buyIn: 0.93€ + 0.07€ level: 1 - HandId: #4601444922313146369-3-1772389041 - Holdem no limit (10/20) - 2026/03/01 18:17:21 UTC
Table: 'Expresso Nitro(1071357383)#0' 3-max (real money) Seat #3 is the button
Seat 1: MathisKcr (208)
Seat 2: Lau004 (290)
Seat 3: waddel.05 (402)
*** ANTE/BLINDS ***
MathisKcr posts small blind 10
Lau004 posts big blind 20
Dealt to MathisKcr [Tc As]
*** PRE-FLOP *** 
waddel.05 folds
MathisKcr raises 188 to 208 and is all-in
Lau004 folds
MathisKcr collected 228 from pot
*** SUMMARY ***
Total pot 228 | No rake
Seat 1: MathisKcr (small blind) won 228


Winamax Poker - Tournament "Expresso Nitro" buyIn: 0.93€ + 0.07€ level: 1 - HandId: #4601444922313146369-4-1772389052 - Holdem no limit (10/20) - 2026/03/01 18:17:32 UTC
Table: 'Expresso Nitro(1071357383)#0' 3-max (real money) Seat #1 is the button
Seat 1: MathisKcr (228)
Seat 2: Lau004 (270)
Seat 3: waddel.05 (402)
*** ANTE/BLINDS ***
Lau004 posts small blind 10
waddel.05 posts big blind 20
Dealt to MathisKcr [7h As]
*** PRE-FLOP *** 
MathisKcr raises 208 to 228 and is all-in
Lau004 folds
waddel.05 raises 174 to 402 and is all-in
*** FLOP *** [Ts 4h Qd]
*** TURN *** [Ts 4h Qd][7d]
*** RIVER *** [Ts 4h Qd 7d][3h]
*** SHOW DOWN ***
MathisKcr shows [7h As] (One pair : 7)
waddel.05 shows [Qs Kh] (One pair : Queens)
waddel.05 collected 640 from pot
*** SUMMARY ***
Total pot 640 | No rake
Board: [Ts 4h Qd 7d 3h]
Seat 1: MathisKcr (button) showed [7h As] and lost with One pair : 7
Seat 3: waddel.05 (big blind) showed [Qs Kh] and won 640 with One pair : Queens


