Winamax Poker - Tournament "Expresso Nitro" buyIn: 0.93€ + 0.07€ level: 1 - HandId: #4667946190174683137-1-1774773865 - Holdem no limit (10/20) - 2026/03/29 08:44:25 UTC
Table: 'Expresso Nitro(1086840916)#0' 3-max (real money) Seat #3 is the button
Seat 1: cepicoti62 (300)
Seat 2: Yorunner (300)
Seat 3: MathisKcr (300)
*** ANTE/BLINDS ***
cepicoti62 posts small blind 10
Yorunner posts big blind 20
Dealt to MathisKcr [Qs 8c]
*** PRE-FLOP *** 
MathisKcr raises 20 to 40
cepicoti62 folds
Yorunner folds
MathisKcr collected 70 from pot
*** SUMMARY ***
Total pot 70 | No rake
Seat 3: MathisKcr (button) won 70


Winamax Poker - Tournament "Expresso Nitro" buyIn: 0.93€ + 0.07€ level: 1 - HandId: #4667946190174683137-2-1774773884 - Holdem no limit (10/20) - 2026/03/29 08:44:44 UTC
Table: 'Expresso Nitro(1086840916)#0' 3-max (real money) Seat #1 is the button
Seat 1: cepicoti62 (290)
Seat 2: Yorunner (280)
Seat 3: MathisKcr (330)
*** ANTE/BLINDS ***
Yorunner posts small blind 10
MathisKcr posts big blind 20
Dealt to MathisKcr [2s 3s]
*** PRE-FLOP *** 
cepicoti62 folds
Yorunner folds
MathisKcr collected 30 from pot
*** SUMMARY ***
Total pot 30 | No rake
Seat 3: MathisKcr (big blind) won 30


Winamax Poker - Tournament "Expresso Nitro" buyIn: 0.93€ + 0.07€ level: 1 - HandId: #4667946190174683137-3-1774773893 - Holdem no limit (10/20) - 2026/03/29 08:44:53 UTC
Table: 'Expresso Nitro(1086840916)#0' 3-max (real money) Seat #2 is the button
Seat 1: cepicoti62 (290)
Seat 2: Yorunner (270)
Seat 3: MathisKcr (340)
*** ANTE/BLINDS ***
MathisKcr posts small blind 10
cepicoti62 posts big blind 20
Dealt to MathisKcr [Kh 2h]
*** PRE-FLOP *** 
Yorunner folds
MathisKcr raises 320 to 340 and is all-in
cepicoti62 calls 270 and is all-in
*** FLOP *** [7d Ad Qs]
*** TURN *** [7d Ad Qs][2d]
*** RIVER *** [7d Ad Qs 2d][9d]
*** SHOW DOWN ***
cepicoti62 shows [Jc Kd] (Flush Ace high)
MathisKcr shows [Kh 2h] (One pair : 2)
MathisKcr collected 50 from side pot 1
cepicoti62 collected 580 from main pot
*** SUMMARY ***
Total pot 630 | No rake
Board: [7d Ad Qs 2d 9d]
Seat 1: cepicoti62 (big blind) showed [Jc Kd] and won 580 with Flush Ace high
Seat 3: MathisKcr (small blind) showed [Kh 2h] and won 50 with One pair : 2


Winamax Poker - Tournament "Expresso Nitro" buyIn: 0.93€ + 0.07€ level: 1 - HandId: #4667946190174683137-4-1774773914 - Holdem no limit (10/20) - 2026/03/29 08:45:14 UTC
Table: 'Expresso Nitro(1086840916)#0' 3-max (real money) Seat #3 is the button
Seat 1: cepicoti62 (580)
Seat 2: Yorunner (270)
Seat 3: MathisKcr (50)
*** ANTE/BLINDS ***
cepicoti62 posts small blind 10
Yorunner posts big blind 20
Dealt to MathisKcr [8c Jc]
*** PRE-FLOP *** 
MathisKcr raises 20 to 40
cepicoti62 folds
Yorunner folds
MathisKcr collected 70 from pot
*** SUMMARY ***
Total pot 70 | No rake
Seat 3: MathisKcr (button) won 70


Winamax Poker - Tournament "Expresso Nitro" buyIn: 0.93€ + 0.07€ level: 1 - HandId: #4667946190174683137-5-1774773922 - Holdem no limit (10/20) - 2026/03/29 08:45:22 UTC
Table: 'Expresso Nitro(1086840916)#0' 3-max (real money) Seat #1 is the button
Seat 1: cepicoti62 (570)
Seat 2: Yorunner (250)
Seat 3: MathisKcr (80)
*** ANTE/BLINDS ***
Yorunner posts small blind 10
MathisKcr posts big blind 20
Dealt to MathisKcr [7d 7h]
*** PRE-FLOP *** 
cepicoti62 folds
Yorunner folds
MathisKcr collected 30 from pot
*** SUMMARY ***
Total pot 30 | No rake
Seat 3: MathisKcr (big blind) won 30


Winamax Poker - Tournament "Expresso Nitro" buyIn: 0.93€ + 0.07€ level: 2 - HandId: #4667946190174683137-6-1774773927 - Holdem no limit (15/30) - 2026/03/29 08:45:27 UTC
Table: 'Expresso Nitro(1086840916)#0' 3-max (real money) Seat #2 is the button
Seat 1: cepicoti62 (570)
Seat 2: Yorunner (240)
Seat 3: MathisKcr (90)
*** ANTE/BLINDS ***
MathisKcr posts small blind 15
cepicoti62 posts big blind 30
Dealt to MathisKcr [8s 8h]
*** PRE-FLOP *** 
Yorunner folds
MathisKcr raises 60 to 90 and is all-in
cepicoti62 raises 480 to 570 and is all-in
*** FLOP *** [4s 2s Kc]
*** TURN *** [4s 2s Kc][Jh]
*** RIVER *** [4s 2s Kc Jh][7h]
*** SHOW DOWN ***
cepicoti62 shows [7s As] (One pair : 7)
MathisKcr shows [8s 8h] (One pair : 8)
MathisKcr collected 180 from main pot
cepicoti62 collected 480 from side pot 1
*** SUMMARY ***
Total pot 660 | No rake
Board: [4s 2s Kc Jh 7h]
Seat 1: cepicoti62 (big blind) showed [7s As] and won 480 with One pair : 7
Seat 3: MathisKcr (small blind) showed [8s 8h] and won 180 with One pair : 8


Winamax Poker - Tournament "Expresso Nitro" buyIn: 0.93€ + 0.07€ level: 2 - HandId: #4667946190174683137-7-1774773944 - Holdem no limit (15/30) - 2026/03/29 08:45:44 UTC
Table: 'Expresso Nitro(1086840916)#0' 3-max (real money) Seat #3 is the button
Seat 1: cepicoti62 (480)
Seat 2: Yorunner (240)
Seat 3: MathisKcr (180)
*** ANTE/BLINDS ***
cepicoti62 posts small blind 15
Yorunner posts big blind 30
Dealt to MathisKcr [Kd Ah]
*** PRE-FLOP *** 
MathisKcr raises 30 to 60
cepicoti62 folds
Yorunner folds
MathisKcr collected 105 from pot
*** SUMMARY ***
Total pot 105 | No rake
Seat 3: MathisKcr (button) won 105


Winamax Poker - Tournament "Expresso Nitro" buyIn: 0.93€ + 0.07€ level: 2 - HandId: #4667946190174683137-8-1774773962 - Holdem no limit (15/30) - 2026/03/29 08:46:02 UTC
Table: 'Expresso Nitro(1086840916)#0' 3-max (real money) Seat #1 is the button
Seat 1: cepicoti62 (465)
Seat 2: Yorunner (210)
Seat 3: MathisKcr (225)
*** ANTE/BLINDS ***
Yorunner posts small blind 15
MathisKcr posts big blind 30
Dealt to MathisKcr [3d 5s]
*** PRE-FLOP *** 
cepicoti62 folds
Yorunner raises 180 to 210 and is all-in
MathisKcr folds
Yorunner collected 240 from pot
*** SUMMARY ***
Total pot 240 | No rake
Seat 2: Yorunner (small blind) won 240


Winamax Poker - Tournament "Expresso Nitro" buyIn: 0.93€ + 0.07€ level: 2 - HandId: #4667946190174683137-9-1774773973 - Holdem no limit (15/30) - 2026/03/29 08:46:13 UTC
Table: 'Expresso Nitro(1086840916)#0' 3-max (real money) Seat #2 is the button
Seat 1: cepicoti62 (465)
Seat 2: Yorunner (240)
Seat 3: MathisKcr (195)
*** ANTE/BLINDS ***
MathisKcr posts small blind 15
cepicoti62 posts big blind 30
Dealt to MathisKcr [Qd Kd]
*** PRE-FLOP *** 
Yorunner folds
MathisKcr raises 165 to 195 and is all-in
cepicoti62 folds
MathisKcr collected 225 from pot
*** SUMMARY ***
Total pot 225 | No rake
Seat 3: MathisKcr (small blind) won 225


Winamax Poker - Tournament "Expresso Nitro" buyIn: 0.93€ + 0.07€ level: 2 - HandId: #4667946190174683137-10-1774773981 - Holdem no limit (15/30) - 2026/03/29 08:46:21 UTC
Table: 'Expresso Nitro(1086840916)#0' 3-max (real money) Seat #3 is the button
Seat 1: cepicoti62 (435)
Seat 2: Yorunner (240)
Seat 3: MathisKcr (225)
*** ANTE/BLINDS ***
cepicoti62 posts small blind 15
Yorunner posts big blind 30
Dealt to MathisKcr [9h Kh]
*** PRE-FLOP *** 
MathisKcr raises 195 to 225 and is all-in
cepicoti62 folds
Yorunner folds
MathisKcr collected 270 from pot
*** SUMMARY ***
Total pot 270 | No rake
Seat 3: MathisKcr (button) won 270


Winamax Poker - Tournament "Expresso Nitro" buyIn: 0.93€ + 0.07€ level: 3 - HandId: #4667946190174683137-11-1774773993 - Holdem no limit (20/40) - 2026/03/29 08:46:33 UTC
Table: 'Expresso Nitro(1086840916)#0' 3-max (real money) Seat #1 is the button
Seat 1: cepicoti62 (420)
Seat 2: Yorunner (210)
Seat 3: MathisKcr (270)
*** ANTE/BLINDS ***
Yorunner posts small blind 20
MathisKcr posts big blind 40
Dealt to MathisKcr [Ks 6c]
*** PRE-FLOP *** 
cepicoti62 raises 380 to 420 and is all-in
Yorunner folds
MathisKcr folds
cepicoti62 collected 480 from pot
*** SUMMARY ***
Total pot 480 | No rake
Seat 1: cepicoti62 (button) won 480


Winamax Poker - Tournament "Expresso Nitro" buyIn: 0.93€ + 0.07€ level: 3 - HandId: #4667946190174683137-12-1774774008 - Holdem no limit (20/40) - 2026/03/29 08:46:48 UTC
Table: 'Expresso Nitro(1086840916)#0' 3-max (real money) Seat #2 is the button
Seat 1: cepicoti62 (480)
Seat 2: Yorunner (190)
Seat 3: MathisKcr (230)
*** ANTE/BLINDS ***
MathisKcr posts small blind 20
cepicoti62 posts big blind 40
Dealt to MathisKcr [5d 3c]
*** PRE-FLOP *** 
Yorunner folds
MathisKcr folds
cepicoti62 collected 60 from pot
*** SUMMARY ***
Total pot 60 | No rake
Seat 1: cepicoti62 (big blind) won 60


Winamax Poker - Tournament "Expresso Nitro" buyIn: 0.93€ + 0.07€ level: 3 - HandId: #4667946190174683137-13-1774774017 - Holdem no limit (20/40) - 2026/03/29 08:46:57 UTC
Table: 'Expresso Nitro(1086840916)#0' 3-max (real money) Seat #3 is the button
Seat 1: cepicoti62 (500)
Seat 2: Yorunner (190)
Seat 3: MathisKcr (210)
*** ANTE/BLINDS ***
cepicoti62 posts small blind 20
Yorunner posts big blind 40
Dealt to MathisKcr [4h 6h]
*** PRE-FLOP *** 
MathisKcr folds
cepicoti62 folds
Yorunner collected 60 from pot
*** SUMMARY ***
Total pot 60 | No rake
Seat 2: Yorunner (big blind) won 60


Winamax Poker - Tournament "Expresso Nitro" buyIn: 0.93€ + 0.07€ level: 3 - HandId: #4667946190174683137-14-1774774022 - Holdem no limit (20/40) - 2026/03/29 08:47:02 UTC
Table: 'Expresso Nitro(1086840916)#0' 3-max (real money) Seat #1 is the button
Seat 1: cepicoti62 (480)
Seat 2: Yorunner (210)
Seat 3: MathisKcr (210)
*** ANTE/BLINDS ***
Yorunner posts small blind 20
MathisKcr posts big blind 40
Dealt to MathisKcr [5h Jc]
*** PRE-FLOP *** 
cepicoti62 folds
Yorunner raises 170 to 210 and is all-in
MathisKcr folds
Yorunner collected 250 from pot
*** SUMMARY ***
Total pot 250 | No rake
Seat 2: Yorunner (small blind) won 250


Winamax Poker - Tournament "Expresso Nitro" buyIn: 0.93€ + 0.07€ level: 3 - HandId: #4667946190174683137-15-1774774032 - Holdem no limit (20/40) - 2026/03/29 08:47:12 UTC
Table: 'Expresso Nitro(1086840916)#0' 3-max (real money) Seat #2 is the button
Seat 1: cepicoti62 (480)
Seat 2: Yorunner (250)
Seat 3: MathisKcr (170)
*** ANTE/BLINDS ***
MathisKcr posts small blind 20
cepicoti62 posts big blind 40
Dealt to MathisKcr [As 8s]
*** PRE-FLOP *** 
Yorunner folds
MathisKcr raises 130 to 170 and is all-in
cepicoti62 folds
MathisKcr collected 210 from pot
*** SUMMARY ***
Total pot 210 | No rake
Seat 3: MathisKcr (small blind) won 210


Winamax Poker - Tournament "Expresso Nitro" buyIn: 0.93€ + 0.07€ level: 3 - HandId: #4667946190174683137-16-1774774040 - Holdem no limit (20/40) - 2026/03/29 08:47:20 UTC
Table: 'Expresso Nitro(1086840916)#0' 3-max (real money) Seat #3 is the button
Seat 1: cepicoti62 (440)
Seat 2: Yorunner (250)
Seat 3: MathisKcr (210)
*** ANTE/BLINDS ***
cepicoti62 posts small blind 20
Yorunner posts big blind 40
Dealt to MathisKcr [8d 2h]
*** PRE-FLOP *** 
MathisKcr folds
cepicoti62 folds
Yorunner collected 60 from pot
*** SUMMARY ***
Total pot 60 | No rake
Seat 2: Yorunner (big blind) won 60


Winamax Poker - Tournament "Expresso Nitro" buyIn: 0.93€ + 0.07€ level: 4 - HandId: #4667946190174683137-17-1774774047 - Holdem no limit (30/60) - 2026/03/29 08:47:27 UTC
Table: 'Expresso Nitro(1086840916)#0' 3-max (real money) Seat #1 is the button
Seat 1: cepicoti62 (420)
Seat 2: Yorunner (270)
Seat 3: MathisKcr (210)
*** ANTE/BLINDS ***
Yorunner posts small blind 30
MathisKcr posts big blind 60
Dealt to MathisKcr [2c 7s]
*** PRE-FLOP *** 
cepicoti62 raises 360 to 420 and is all-in
Yorunner calls 240 and is all-in
MathisKcr folds
*** FLOP *** [Td 3s 7c]
*** TURN *** [Td 3s 7c][6h]
*** RIVER *** [Td 3s 7c 6h][Th]
*** SHOW DOWN ***
cepicoti62 shows [Ac 5s] (One pair : Tens)
Yorunner shows [As Jd] (One pair : Tens)
Yorunner collected 600 from main pot
cepicoti62 collected 150 from side pot 1
*** SUMMARY ***
Total pot 750 | No rake
Board: [Td 3s 7c 6h Th]
Seat 1: cepicoti62 (button) showed [Ac 5s] and won 150 with One pair : Tens
Seat 2: Yorunner (small blind) showed [As Jd] and won 600 with One pair : Tens


Winamax Poker - Tournament "Expresso Nitro" buyIn: 0.93€ + 0.07€ level: 4 - HandId: #4667946190174683137-18-1774774062 - Holdem no limit (30/60) - 2026/03/29 08:47:42 UTC
Table: 'Expresso Nitro(1086840916)#0' 3-max (real money) Seat #2 is the button
Seat 1: cepicoti62 (150)
Seat 2: Yorunner (600)
Seat 3: MathisKcr (150)
*** ANTE/BLINDS ***
MathisKcr posts small blind 30
cepicoti62 posts big blind 60
Dealt to MathisKcr [Jc 6c]
*** PRE-FLOP *** 
Yorunner folds
MathisKcr raises 90 to 150 and is all-in
cepicoti62 calls 90 and is all-in
*** FLOP *** [5s 9d 4s]
*** TURN *** [5s 9d 4s][4h]
*** RIVER *** [5s 9d 4s 4h][7s]
*** SHOW DOWN ***
MathisKcr shows [Jc 6c] (One pair : 4)
cepicoti62 shows [Jh Qs] (One pair : 4)
cepicoti62 collected 300 from pot
*** SUMMARY ***
Total pot 300 | No rake
Board: [5s 9d 4s 4h 7s]
Seat 1: cepicoti62 (big blind) showed [Jh Qs] and won 300 with One pair : 4
Seat 3: MathisKcr (small blind) showed [Jc 6c] and lost with One pair : 4


