Winamax Poker - Tournament "Expresso Nitro" buyIn: 0.93€ + 0.07€ level: 1 - HandId: #4577753216988479489-1-1771409445 - Holdem no limit (10/20) - 2026/02/18 10:10:45 UTC
Table: 'Expresso Nitro(1065841228)#0' 3-max (real money) Seat #1 is the button
Seat 1: ChaChaJPC (300)
Seat 2: MathisKcr (300)
Seat 3: Cinel52 (300)
*** ANTE/BLINDS ***
MathisKcr posts small blind 10
Cinel52 posts big blind 20
Dealt to MathisKcr [2h 9h]
*** PRE-FLOP *** 
ChaChaJPC folds
MathisKcr folds
Cinel52 collected 30 from pot
*** SUMMARY ***
Total pot 30 | No rake
Seat 3: Cinel52 (big blind) won 30


Winamax Poker - Tournament "Expresso Nitro" buyIn: 0.93€ + 0.07€ level: 1 - HandId: #4577753216988479489-2-1771409450 - Holdem no limit (10/20) - 2026/02/18 10:10:50 UTC
Table: 'Expresso Nitro(1065841228)#0' 3-max (real money) Seat #2 is the button
Seat 1: ChaChaJPC (300)
Seat 2: MathisKcr (290)
Seat 3: Cinel52 (310)
*** ANTE/BLINDS ***
Cinel52 posts small blind 10
ChaChaJPC posts big blind 20
Dealt to MathisKcr [3d Jd]
*** PRE-FLOP *** 
MathisKcr raises 20 to 40
Cinel52 raises 270 to 310 and is all-in
ChaChaJPC folds
MathisKcr folds
Cinel52 collected 370 from pot
*** SUMMARY ***
Total pot 370 | No rake
Seat 3: Cinel52 (small blind) won 370


Winamax Poker - Tournament "Expresso Nitro" buyIn: 0.93€ + 0.07€ level: 1 - HandId: #4577753216988479489-3-1771409462 - Holdem no limit (10/20) - 2026/02/18 10:11:02 UTC
Table: 'Expresso Nitro(1065841228)#0' 3-max (real money) Seat #3 is the button
Seat 1: ChaChaJPC (280)
Seat 2: MathisKcr (250)
Seat 3: Cinel52 (370)
*** ANTE/BLINDS ***
ChaChaJPC posts small blind 10
MathisKcr posts big blind 20
Dealt to MathisKcr [5c 7h]
*** PRE-FLOP *** 
Cinel52 folds
ChaChaJPC folds
MathisKcr collected 30 from pot
*** SUMMARY ***
Total pot 30 | No rake
Seat 2: MathisKcr (big blind) won 30


Winamax Poker - Tournament "Expresso Nitro" buyIn: 0.93€ + 0.07€ level: 1 - HandId: #4577753216988479489-4-1771409468 - Holdem no limit (10/20) - 2026/02/18 10:11:08 UTC
Table: 'Expresso Nitro(1065841228)#0' 3-max (real money) Seat #1 is the button
Seat 1: ChaChaJPC (270)
Seat 2: MathisKcr (260)
Seat 3: Cinel52 (370)
*** ANTE/BLINDS ***
MathisKcr posts small blind 10
Cinel52 posts big blind 20
Dealt to MathisKcr [Ad 6d]
*** PRE-FLOP *** 
ChaChaJPC folds
MathisKcr raises 20 to 40
Cinel52 calls 20
*** FLOP *** [Th 9d 4c]
MathisKcr checks
Cinel52 checks
*** TURN *** [Th 9d 4c][2s]
MathisKcr bets 30
Cinel52 folds
MathisKcr collected 110 from pot
*** SUMMARY ***
Total pot 110 | No rake
Board: [Th 9d 4c 2s]
Seat 2: MathisKcr (small blind) won 110


Winamax Poker - Tournament "Expresso Nitro" buyIn: 0.93€ + 0.07€ level: 1 - HandId: #4577753216988479489-5-1771409486 - Holdem no limit (10/20) - 2026/02/18 10:11:26 UTC
Table: 'Expresso Nitro(1065841228)#0' 3-max (real money) Seat #2 is the button
Seat 1: ChaChaJPC (270)
Seat 2: MathisKcr (300)
Seat 3: Cinel52 (330)
*** ANTE/BLINDS ***
Cinel52 posts small blind 10
ChaChaJPC posts big blind 20
Dealt to MathisKcr [Qc 2s]
*** PRE-FLOP *** 
MathisKcr folds
Cinel52 calls 10
ChaChaJPC checks
*** FLOP *** [Tc As 3s]
Cinel52 checks
ChaChaJPC checks
*** TURN *** [Tc As 3s][2d]
Cinel52 bets 20
ChaChaJPC calls 20
*** RIVER *** [Tc As 3s 2d][4d]
Cinel52 checks
ChaChaJPC checks
*** SHOW DOWN ***
ChaChaJPC shows [3d 7c] (One pair : 3)
Cinel52 shows [9s Td] (One pair : Tens)
Cinel52 collected 80 from pot
*** SUMMARY ***
Total pot 80 | No rake
Board: [Tc As 3s 2d 4d]
Seat 1: ChaChaJPC (big blind) showed [3d 7c] and lost with One pair : 3
Seat 3: Cinel52 (small blind) showed [9s Td] and won 80 with One pair : Tens


Winamax Poker - Tournament "Expresso Nitro" buyIn: 0.93€ + 0.07€ level: 2 - HandId: #4577753216988479489-6-1771409503 - Holdem no limit (15/30) - 2026/02/18 10:11:43 UTC
Table: 'Expresso Nitro(1065841228)#0' 3-max (real money) Seat #3 is the button
Seat 1: ChaChaJPC (230)
Seat 2: MathisKcr (300)
Seat 3: Cinel52 (370)
*** ANTE/BLINDS ***
ChaChaJPC posts small blind 15
MathisKcr posts big blind 30
Dealt to MathisKcr [9c 9s]
*** PRE-FLOP *** 
Cinel52 folds
ChaChaJPC calls 15
MathisKcr raises 30 to 60
ChaChaJPC calls 30
*** FLOP *** [3d 2c Js]
ChaChaJPC checks
MathisKcr bets 75
ChaChaJPC folds
MathisKcr collected 195 from pot
*** SUMMARY ***
Total pot 195 | No rake
Board: [3d 2c Js]
Seat 2: MathisKcr (big blind) won 195


Winamax Poker - Tournament "Expresso Nitro" buyIn: 0.93€ + 0.07€ level: 2 - HandId: #4577753216988479489-7-1771409518 - Holdem no limit (15/30) - 2026/02/18 10:11:58 UTC
Table: 'Expresso Nitro(1065841228)#0' 3-max (real money) Seat #1 is the button
Seat 1: ChaChaJPC (170)
Seat 2: MathisKcr (360)
Seat 3: Cinel52 (370)
*** ANTE/BLINDS ***
MathisKcr posts small blind 15
Cinel52 posts big blind 30
Dealt to MathisKcr [9d 2d]
*** PRE-FLOP *** 
ChaChaJPC raises 60 to 90
MathisKcr folds
Cinel52 folds
ChaChaJPC collected 135 from pot
*** SUMMARY ***
Total pot 135 | No rake
Seat 1: ChaChaJPC (button) won 135


Winamax Poker - Tournament "Expresso Nitro" buyIn: 0.93€ + 0.07€ level: 2 - HandId: #4577753216988479489-8-1771409526 - Holdem no limit (15/30) - 2026/02/18 10:12:06 UTC
Table: 'Expresso Nitro(1065841228)#0' 3-max (real money) Seat #2 is the button
Seat 1: ChaChaJPC (215)
Seat 2: MathisKcr (345)
Seat 3: Cinel52 (340)
*** ANTE/BLINDS ***
Cinel52 posts small blind 15
ChaChaJPC posts big blind 30
Dealt to MathisKcr [5c 6d]
*** PRE-FLOP *** 
MathisKcr folds
Cinel52 calls 15
ChaChaJPC checks
*** FLOP *** [9c 2h 6s]
Cinel52 bets 30
ChaChaJPC calls 30
*** TURN *** [9c 2h 6s][Tc]
Cinel52 bets 30
ChaChaJPC folds
Cinel52 collected 150 from pot
*** SUMMARY ***
Total pot 150 | No rake
Board: [9c 2h 6s Tc]
Seat 3: Cinel52 (small blind) won 150


Winamax Poker - Tournament "Expresso Nitro" buyIn: 0.93€ + 0.07€ level: 2 - HandId: #4577753216988479489-9-1771409540 - Holdem no limit (15/30) - 2026/02/18 10:12:20 UTC
Table: 'Expresso Nitro(1065841228)#0' 3-max (real money) Seat #3 is the button
Seat 1: ChaChaJPC (155)
Seat 2: MathisKcr (345)
Seat 3: Cinel52 (400)
*** ANTE/BLINDS ***
ChaChaJPC posts small blind 15
MathisKcr posts big blind 30
Dealt to MathisKcr [Ts 7c]
*** PRE-FLOP *** 
Cinel52 folds
ChaChaJPC raises 60 to 90
MathisKcr folds
ChaChaJPC collected 120 from pot
*** SUMMARY ***
Total pot 120 | No rake
Seat 1: ChaChaJPC (small blind) won 120


Winamax Poker - Tournament "Expresso Nitro" buyIn: 0.93€ + 0.07€ level: 2 - HandId: #4577753216988479489-10-1771409549 - Holdem no limit (15/30) - 2026/02/18 10:12:29 UTC
Table: 'Expresso Nitro(1065841228)#0' 3-max (real money) Seat #1 is the button
Seat 1: ChaChaJPC (185)
Seat 2: MathisKcr (315)
Seat 3: Cinel52 (400)
*** ANTE/BLINDS ***
MathisKcr posts small blind 15
Cinel52 posts big blind 30
Dealt to MathisKcr [2d 8c]
*** PRE-FLOP *** 
ChaChaJPC raises 30 to 60
MathisKcr folds
Cinel52 raises 340 to 400 and is all-in
ChaChaJPC calls 125 and is all-in
*** FLOP *** [Td Qs 6c]
*** TURN *** [Td Qs 6c][Ad]
*** RIVER *** [Td Qs 6c Ad][7c]
*** SHOW DOWN ***
ChaChaJPC shows [Ks 4s] (High card : Ace)
Cinel52 shows [7h 7d] (Trips of 7)
Cinel52 collected 600 from pot
*** SUMMARY ***
Total pot 600 | No rake
Board: [Td Qs 6c Ad 7c]
Seat 1: ChaChaJPC (button) showed [Ks 4s] and lost with High card : Ace
Seat 3: Cinel52 (big blind) showed [7h 7d] and won 600 with Trips of 7


Winamax Poker - Tournament "Expresso Nitro" buyIn: 0.93€ + 0.07€ level: 3 - HandId: #4577753216988479489-11-1771409564 - Holdem no limit (20/40) - 2026/02/18 10:12:44 UTC
Table: 'Expresso Nitro(1065841228)#0' 3-max (real money) Seat #3 is the button
Seat 2: MathisKcr (300)
Seat 3: Cinel52 (600)
*** ANTE/BLINDS ***
Cinel52 posts small blind 20
MathisKcr posts big blind 40
Dealt to MathisKcr [6c 4d]
*** PRE-FLOP *** 
Cinel52 folds
MathisKcr collected 60 from pot
*** SUMMARY ***
Total pot 60 | No rake
Seat 2: MathisKcr (big blind) won 60


Winamax Poker - Tournament "Expresso Nitro" buyIn: 0.93€ + 0.07€ level: 3 - HandId: #4577753216988479489-12-1771409569 - Holdem no limit (20/40) - 2026/02/18 10:12:49 UTC
Table: 'Expresso Nitro(1065841228)#0' 3-max (real money) Seat #2 is the button
Seat 2: MathisKcr (320)
Seat 3: Cinel52 (580)
*** ANTE/BLINDS ***
MathisKcr posts small blind 20
Cinel52 posts big blind 40
Dealt to MathisKcr [4d Ad]
*** PRE-FLOP *** 
MathisKcr raises 60 to 100
Cinel52 folds
MathisKcr collected 140 from pot
*** SUMMARY ***
Total pot 140 | No rake
Seat 2: MathisKcr (small blind) (button) won 140


Winamax Poker - Tournament "Expresso Nitro" buyIn: 0.93€ + 0.07€ level: 3 - HandId: #4577753216988479489-13-1771409576 - Holdem no limit (20/40) - 2026/02/18 10:12:56 UTC
Table: 'Expresso Nitro(1065841228)#0' 3-max (real money) Seat #3 is the button
Seat 2: MathisKcr (360)
Seat 3: Cinel52 (540)
*** ANTE/BLINDS ***
Cinel52 posts small blind 20
MathisKcr posts big blind 40
Dealt to MathisKcr [As 8d]
*** PRE-FLOP *** 
Cinel52 calls 20
MathisKcr raises 40 to 80
Cinel52 folds
MathisKcr collected 120 from pot
*** SUMMARY ***
Total pot 120 | No rake
Seat 2: MathisKcr (big blind) won 120


Winamax Poker - Tournament "Expresso Nitro" buyIn: 0.93€ + 0.07€ level: 3 - HandId: #4577753216988479489-14-1771409585 - Holdem no limit (20/40) - 2026/02/18 10:13:05 UTC
Table: 'Expresso Nitro(1065841228)#0' 3-max (real money) Seat #2 is the button
Seat 2: MathisKcr (400)
Seat 3: Cinel52 (500)
*** ANTE/BLINDS ***
MathisKcr posts small blind 20
Cinel52 posts big blind 40
Dealt to MathisKcr [8s 9h]
*** PRE-FLOP *** 
MathisKcr raises 40 to 80
Cinel52 folds
MathisKcr collected 120 from pot
*** SUMMARY ***
Total pot 120 | No rake
Seat 2: MathisKcr (small blind) (button) won 120


Winamax Poker - Tournament "Expresso Nitro" buyIn: 0.93€ + 0.07€ level: 3 - HandId: #4577753216988479489-15-1771409593 - Holdem no limit (20/40) - 2026/02/18 10:13:13 UTC
Table: 'Expresso Nitro(1065841228)#0' 3-max (real money) Seat #3 is the button
Seat 2: MathisKcr (440)
Seat 3: Cinel52 (460)
*** ANTE/BLINDS ***
Cinel52 posts small blind 20
MathisKcr posts big blind 40
Dealt to MathisKcr [5d 8h]
*** PRE-FLOP *** 
Cinel52 raises 40 to 80
MathisKcr calls 40
*** FLOP *** [7h 3h Jc]
MathisKcr checks
Cinel52 bets 56
MathisKcr folds
Cinel52 collected 216 from pot
*** SUMMARY ***
Total pot 216 | No rake
Board: [7h 3h Jc]
Seat 3: Cinel52 (small blind) (button) won 216


Winamax Poker - Tournament "Expresso Nitro" buyIn: 0.93€ + 0.07€ level: 3 - HandId: #4577753216988479489-16-1771409603 - Holdem no limit (20/40) - 2026/02/18 10:13:23 UTC
Table: 'Expresso Nitro(1065841228)#0' 3-max (real money) Seat #2 is the button
Seat 2: MathisKcr (360)
Seat 3: Cinel52 (540)
*** ANTE/BLINDS ***
MathisKcr posts small blind 20
Cinel52 posts big blind 40
Dealt to MathisKcr [5c Ah]
*** PRE-FLOP *** 
MathisKcr raises 40 to 80
Cinel52 calls 40
*** FLOP *** [3d Ad Js]
Cinel52 checks
MathisKcr bets 40
Cinel52 calls 40
*** TURN *** [3d Ad Js][9c]
Cinel52 checks
MathisKcr bets 60
Cinel52 folds
MathisKcr collected 300 from pot
*** SUMMARY ***
Total pot 300 | No rake
Board: [3d Ad Js 9c]
Seat 2: MathisKcr (small blind) (button) won 300


Winamax Poker - Tournament "Expresso Nitro" buyIn: 0.93€ + 0.07€ level: 4 - HandId: #4577753216988479489-17-1771409623 - Holdem no limit (30/60) - 2026/02/18 10:13:43 UTC
Table: 'Expresso Nitro(1065841228)#0' 3-max (real money) Seat #3 is the button
Seat 2: MathisKcr (480)
Seat 3: Cinel52 (420)
*** ANTE/BLINDS ***
Cinel52 posts small blind 30
MathisKcr posts big blind 60
Dealt to MathisKcr [Th Qh]
*** PRE-FLOP *** 
Cinel52 raises 360 to 420 and is all-in
MathisKcr calls 360
*** FLOP *** [Jc 3d 7d]
*** TURN *** [Jc 3d 7d][Kh]
*** RIVER *** [Jc 3d 7d Kh][Ac]
*** SHOW DOWN ***
Cinel52 shows [2h 2d] (One pair : 2)
MathisKcr shows [Th Qh] (Straight Ace high)
MathisKcr collected 840 from pot
*** SUMMARY ***
Total pot 840 | No rake
Board: [Jc 3d 7d Kh Ac]
Seat 2: MathisKcr (big blind) showed [Th Qh] and won 840 with Straight Ace high
Seat 3: Cinel52 (small blind) (button) showed [2h 2d] and lost with One pair : 2


