Winamax Poker - Tournament "Kill The Fish" buyIn: 1.80€ + 0.20€ level: 1 - HandId: #4633389832498839557-1-1776083410 - Holdem no limit (25/100/200) - 2026/04/13 12:30:10 UTC
Table: 'Kill The Fish(1078795137)#004' 6-max (real money) Seat #3 is the button
Seat 1: LasPikan (20000, 0.90€ bounty)
Seat 2: Airjord23 (20000, 0.90€ bounty)
Seat 3: I_drAAKKen_l (20000, 0.90€ bounty)
Seat 4: Zucherman (20000, 0.90€ bounty)
Seat 5: TimeToBust (20000, 0.90€ bounty)
Seat 6: MathisKcr (20000, 0.90€ bounty)
*** ANTE/BLINDS ***
Zucherman posts ante 25
TimeToBust posts ante 25
LasPikan posts ante 25
Airjord23 posts ante 25
I_drAAKKen_l posts ante 25
MathisKcr posts ante 25
Zucherman posts small blind 100
TimeToBust posts big blind 200
Dealt to MathisKcr [7d 3h]
*** PRE-FLOP *** 
MathisKcr folds
LasPikan folds
Airjord23 folds
I_drAAKKen_l raises 200 to 400
Zucherman folds
TimeToBust folds
I_drAAKKen_l collected 850 from pot
*** SUMMARY ***
Total pot 850 | No rake
Seat 3: I_drAAKKen_l (button) won 850


Winamax Poker - Tournament "Kill The Fish" buyIn: 1.80€ + 0.20€ level: 1 - HandId: #4633389832498839557-2-1776083451 - Holdem no limit (25/100/200) - 2026/04/13 12:30:51 UTC
Table: 'Kill The Fish(1078795137)#004' 6-max (real money) Seat #4 is the button
Seat 2: Airjord23 (19975, 0.90€ bounty)
Seat 3: I_drAAKKen_l (20425, 0.90€ bounty)
Seat 4: Zucherman (19875, 0.90€ bounty)
Seat 5: TimeToBust (19775, 0.90€ bounty)
Seat 6: MathisKcr (19975, 0.90€ bounty)
*** ANTE/BLINDS ***
TimeToBust posts ante 25
MathisKcr posts ante 25
Airjord23 posts ante 25
I_drAAKKen_l posts ante 25
Zucherman posts ante 25
TimeToBust posts small blind 100
MathisKcr posts big blind 200
Dealt to MathisKcr [7c 7h]
*** PRE-FLOP *** 
Airjord23 folds
I_drAAKKen_l folds
Zucherman folds
TimeToBust calls 100
MathisKcr raises 400 to 600
TimeToBust folds
MathisKcr collected 925 from pot
*** SUMMARY ***
Total pot 925 | No rake
Seat 6: MathisKcr (big blind) won 925


Winamax Poker - Tournament "Kill The Fish" buyIn: 1.80€ + 0.20€ level: 1 - HandId: #4633389832498839557-3-1776083487 - Holdem no limit (25/100/200) - 2026/04/13 12:31:27 UTC
Table: 'Kill The Fish(1078795137)#004' 6-max (real money) Seat #5 is the button
Seat 1: Mugiwara1104 (20000, 0.90€ bounty)
Seat 2: Airjord23 (19950, 0.90€ bounty)
Seat 3: I_drAAKKen_l (20400, 0.90€ bounty)
Seat 4: Zucherman (19850, 0.90€ bounty)
Seat 5: TimeToBust (19550, 0.90€ bounty)
Seat 6: MathisKcr (20275, 0.90€ bounty)
*** ANTE/BLINDS ***
MathisKcr posts ante 25
Mugiwara1104 posts ante 25
Airjord23 posts ante 25
I_drAAKKen_l posts ante 25
Zucherman posts ante 25
TimeToBust posts ante 25
MathisKcr posts small blind 100
Mugiwara1104 posts big blind 200
Dealt to MathisKcr [7d Tc]
*** PRE-FLOP *** 
Airjord23 raises 300 to 500
I_drAAKKen_l folds
Zucherman folds
TimeToBust folds
MathisKcr folds
Mugiwara1104 folds
Airjord23 collected 950 from pot
*** SUMMARY ***
Total pot 950 | No rake
Seat 2: Airjord23 won 950


Winamax Poker - Tournament "Kill The Fish" buyIn: 1.80€ + 0.20€ level: 1 - HandId: #4633389832498839557-4-1776083513 - Holdem no limit (25/100/200) - 2026/04/13 12:31:53 UTC
Table: 'Kill The Fish(1078795137)#004' 6-max (real money) Seat #6 is the button
Seat 1: Mugiwara1104 (19775, 0.90€ bounty)
Seat 2: Airjord23 (20375, 0.90€ bounty)
Seat 3: I_drAAKKen_l (20375, 0.90€ bounty)
Seat 4: Zucherman (19825, 0.90€ bounty)
Seat 5: TimeToBust (19525, 0.90€ bounty)
Seat 6: MathisKcr (20150, 0.90€ bounty)
*** ANTE/BLINDS ***
Mugiwara1104 posts ante 25
Airjord23 posts ante 25
I_drAAKKen_l posts ante 25
Zucherman posts ante 25
TimeToBust posts ante 25
MathisKcr posts ante 25
Mugiwara1104 posts small blind 100
Airjord23 posts big blind 200
Dealt to MathisKcr [8c 4d]
*** PRE-FLOP *** 
I_drAAKKen_l folds
Zucherman folds
TimeToBust raises 200 to 400
MathisKcr folds
Mugiwara1104 folds
Airjord23 calls 200
*** FLOP *** [As Ts 2c]
Airjord23 checks
TimeToBust bets 357
Airjord23 raises 1340 to 1697
TimeToBust folds
Airjord23 collected 3104 from pot
*** SUMMARY ***
Total pot 3104 | No rake
Board: [As Ts 2c]
Seat 2: Airjord23 (big blind) won 3104


Winamax Poker - Tournament "Kill The Fish" buyIn: 1.80€ + 0.20€ level: 1 - HandId: #4633389832498839557-5-1776083554 - Holdem no limit (25/100/200) - 2026/04/13 12:32:34 UTC
Table: 'Kill The Fish(1078795137)#004' 6-max (real money) Seat #1 is the button
Seat 1: Mugiwara1104 (19650, 0.90€ bounty)
Seat 2: Airjord23 (21357, 0.90€ bounty)
Seat 3: I_drAAKKen_l (20350, 0.90€ bounty)
Seat 4: Zucherman (19800, 0.90€ bounty)
Seat 5: TimeToBust (18743, 0.90€ bounty)
Seat 6: MathisKcr (20125, 0.90€ bounty)
*** ANTE/BLINDS ***
Airjord23 posts ante 25
I_drAAKKen_l posts ante 25
Mugiwara1104 posts ante 25
Zucherman posts ante 25
TimeToBust posts ante 25
MathisKcr posts ante 25
Airjord23 posts small blind 100
I_drAAKKen_l posts big blind 200
Dealt to MathisKcr [2d Kc]
*** PRE-FLOP *** 
Zucherman raises 300 to 500
TimeToBust folds
MathisKcr folds
Mugiwara1104 folds
Airjord23 folds
I_drAAKKen_l folds
Zucherman collected 950 from pot
*** SUMMARY ***
Total pot 950 | No rake
Seat 4: Zucherman won 950


Winamax Poker - Tournament "Kill The Fish" buyIn: 1.80€ + 0.20€ level: 1 - HandId: #4633389832498839557-6-1776083594 - Holdem no limit (25/100/200) - 2026/04/13 12:33:14 UTC
Table: 'Kill The Fish(1078795137)#004' 6-max (real money) Seat #2 is the button
Seat 1: Mugiwara1104 (19625, 0.90€ bounty)
Seat 2: Airjord23 (21232, 0.90€ bounty)
Seat 3: I_drAAKKen_l (20125, 0.90€ bounty)
Seat 4: Zucherman (20225, 0.90€ bounty)
Seat 5: TimeToBust (18718, 0.90€ bounty)
Seat 6: MathisKcr (20100, 0.90€ bounty)
*** ANTE/BLINDS ***
I_drAAKKen_l posts ante 25
Zucherman posts ante 25
Mugiwara1104 posts ante 25
Airjord23 posts ante 25
TimeToBust posts ante 25
MathisKcr posts ante 25
I_drAAKKen_l posts small blind 100
Zucherman posts big blind 200
Dealt to MathisKcr [Qc 4d]
*** PRE-FLOP *** 
TimeToBust folds
MathisKcr folds
Mugiwara1104 folds
Airjord23 raises 240 to 440
I_drAAKKen_l folds
Zucherman folds
Airjord23 collected 890 from pot
*** SUMMARY ***
Total pot 890 | No rake
Seat 2: Airjord23 (button) won 890


Winamax Poker - Tournament "Kill The Fish" buyIn: 1.80€ + 0.20€ level: 1 - HandId: #4633389832498839557-7-1776083616 - Holdem no limit (25/100/200) - 2026/04/13 12:33:36 UTC
Table: 'Kill The Fish(1078795137)#004' 6-max (real money) Seat #3 is the button
Seat 1: Mugiwara1104 (19600, 0.90€ bounty)
Seat 2: Airjord23 (21657, 0.90€ bounty)
Seat 3: I_drAAKKen_l (20000, 0.90€ bounty)
Seat 4: Zucherman (20000, 0.90€ bounty)
Seat 5: TimeToBust (18693, 0.90€ bounty)
Seat 6: MathisKcr (20075, 0.90€ bounty)
*** ANTE/BLINDS ***
Zucherman posts ante 25
TimeToBust posts ante 25
Mugiwara1104 posts ante 25
Airjord23 posts ante 25
I_drAAKKen_l posts ante 25
MathisKcr posts ante 25
Zucherman posts small blind 100
TimeToBust posts big blind 200
Dealt to MathisKcr [4d Ad]
*** PRE-FLOP *** 
MathisKcr raises 200 to 400
Mugiwara1104 folds
Airjord23 folds
I_drAAKKen_l folds
Zucherman calls 300
TimeToBust raises 1200 to 1600
MathisKcr folds
Zucherman calls 1200
*** FLOP *** [8d Td Js]
Zucherman checks
TimeToBust bets 1275
Zucherman calls 1275
*** TURN *** [8d Td Js][7s]
Zucherman checks
TimeToBust bets 3213
Zucherman folds
TimeToBust collected 9513 from pot
*** SUMMARY ***
Total pot 9513 | No rake
Board: [8d Td Js 7s]
Seat 5: TimeToBust (big blind) won 9513


Winamax Poker - Tournament "Kill The Fish" buyIn: 1.80€ + 0.20€ level: 1 - HandId: #4633389832498839557-8-1776083728 - Holdem no limit (25/100/200) - 2026/04/13 12:35:28 UTC
Table: 'Kill The Fish(1078795137)#004' 6-max (real money) Seat #4 is the button
Seat 1: Mugiwara1104 (19575, 0.90€ bounty)
Seat 2: Airjord23 (21632, 0.90€ bounty)
Seat 3: I_drAAKKen_l (19975, 0.90€ bounty)
Seat 4: Zucherman (17100, 0.90€ bounty)
Seat 5: TimeToBust (22093, 0.90€ bounty)
Seat 6: MathisKcr (19650, 0.90€ bounty)
*** ANTE/BLINDS ***
TimeToBust posts ante 25
MathisKcr posts ante 25
Mugiwara1104 posts ante 25
Airjord23 posts ante 25
I_drAAKKen_l posts ante 25
Zucherman posts ante 25
TimeToBust posts small blind 100
MathisKcr posts big blind 200
Dealt to MathisKcr [2c 3c]
*** PRE-FLOP *** 
Mugiwara1104 folds
Airjord23 folds
I_drAAKKen_l folds
Zucherman folds
TimeToBust folds
MathisKcr collected 450 from pot
*** SUMMARY ***
Total pot 450 | No rake
Seat 6: MathisKcr (big blind) won 450


Winamax Poker - Tournament "Kill The Fish" buyIn: 1.80€ + 0.20€ level: 1 - HandId: #4633389832498839557-9-1776083750 - Holdem no limit (25/100/200) - 2026/04/13 12:35:50 UTC
Table: 'Kill The Fish(1078795137)#004' 6-max (real money) Seat #5 is the button
Seat 1: Mugiwara1104 (19550, 0.90€ bounty)
Seat 2: Airjord23 (21607, 0.90€ bounty)
Seat 3: I_drAAKKen_l (19950, 0.90€ bounty)
Seat 4: Zucherman (17075, 0.90€ bounty)
Seat 5: TimeToBust (21968, 0.90€ bounty)
Seat 6: MathisKcr (19875, 0.90€ bounty)
*** ANTE/BLINDS ***
MathisKcr posts ante 25
Mugiwara1104 posts ante 25
Airjord23 posts ante 25
I_drAAKKen_l posts ante 25
Zucherman posts ante 25
TimeToBust posts ante 25
MathisKcr posts small blind 100
Mugiwara1104 posts big blind 200
Dealt to MathisKcr [Qd Qc]
*** PRE-FLOP *** 
Airjord23 folds
I_drAAKKen_l folds
Zucherman folds
TimeToBust folds
MathisKcr raises 200 to 400
Mugiwara1104 calls 200
*** FLOP *** [Kc 5c 8s]
MathisKcr bets 333
Mugiwara1104 folds
MathisKcr collected 1283 from pot
*** SUMMARY ***
Total pot 1283 | No rake
Board: [Kc 5c 8s]
Seat 6: MathisKcr (small blind) won 1283


Winamax Poker - Tournament "Kill The Fish" buyIn: 1.80€ + 0.20€ level: 1 - HandId: #4633389832498839557-10-1776083804 - Holdem no limit (25/100/200) - 2026/04/13 12:36:44 UTC
Table: 'Kill The Fish(1078795137)#004' 6-max (real money) Seat #6 is the button
Seat 1: Mugiwara1104 (19125, 0.90€ bounty)
Seat 2: Airjord23 (21582, 0.90€ bounty)
Seat 3: I_drAAKKen_l (19925, 0.90€ bounty)
Seat 4: Zucherman (17050, 0.90€ bounty)
Seat 5: TimeToBust (21943, 0.90€ bounty)
Seat 6: MathisKcr (20400, 0.90€ bounty)
*** ANTE/BLINDS ***
Mugiwara1104 posts ante 25
Airjord23 posts ante 25
I_drAAKKen_l posts ante 25
Zucherman posts ante 25
TimeToBust posts ante 25
MathisKcr posts ante 25
Mugiwara1104 posts small blind 100
Airjord23 posts big blind 200
Dealt to MathisKcr [7s Jd]
*** PRE-FLOP *** 
I_drAAKKen_l folds
Zucherman folds
TimeToBust folds
MathisKcr folds
Mugiwara1104 calls 100
Airjord23 raises 550 to 750
Mugiwara1104 folds
Airjord23 collected 1100 from pot
*** SUMMARY ***
Total pot 1100 | No rake
Seat 2: Airjord23 (big blind) won 1100


Winamax Poker - Tournament "Kill The Fish" buyIn: 1.80€ + 0.20€ level: 1 - HandId: #4633389832498839557-11-1776083847 - Holdem no limit (25/100/200) - 2026/04/13 12:37:27 UTC
Table: 'Kill The Fish(1078795137)#004' 6-max (real money) Seat #1 is the button
Seat 1: Mugiwara1104 (18900, 0.90€ bounty)
Seat 2: Airjord23 (21907, 0.90€ bounty)
Seat 3: I_drAAKKen_l (19900, 0.90€ bounty)
Seat 4: Zucherman (17025, 0.90€ bounty)
Seat 5: TimeToBust (21918, 0.90€ bounty)
Seat 6: MathisKcr (20375, 0.90€ bounty)
*** ANTE/BLINDS ***
Airjord23 posts ante 25
I_drAAKKen_l posts ante 25
Mugiwara1104 posts ante 25
Zucherman posts ante 25
TimeToBust posts ante 25
MathisKcr posts ante 25
Airjord23 posts small blind 100
I_drAAKKen_l posts big blind 200
Dealt to MathisKcr [Qc 8d]
*** PRE-FLOP *** 
Zucherman calls 200
TimeToBust folds
MathisKcr raises 200 to 400
Mugiwara1104 folds
Airjord23 folds
I_drAAKKen_l folds
Zucherman calls 200
*** FLOP *** [4d Kh 8c]
Zucherman checks
MathisKcr bets 438
Zucherman calls 438
*** TURN *** [4d Kh 8c][6s]
Zucherman checks
MathisKcr bets 1063
Zucherman calls 1063
*** RIVER *** [4d Kh 8c 6s][Ac]
Zucherman checks
MathisKcr checks
*** SHOW DOWN ***
MathisKcr shows [Qc 8d] (One pair : 8)
Zucherman shows [8s Ad] (Two pairs : Aces and 8)
Zucherman collected 4252 from pot
*** SUMMARY ***
Total pot 4252 | No rake
Board: [4d Kh 8c 6s Ac]
Seat 4: Zucherman showed [8s Ad] and won 4252 with Two pairs : Aces and 8
Seat 6: MathisKcr showed [Qc 8d] and lost with One pair : 8


Winamax Poker - Tournament "Kill The Fish" buyIn: 1.80€ + 0.20€ level: 1 - HandId: #4633389832498839557-12-1776083919 - Holdem no limit (25/100/200) - 2026/04/13 12:38:39 UTC
Table: 'Kill The Fish(1078795137)#004' 6-max (real money) Seat #2 is the button
Seat 1: Mugiwara1104 (18875, 0.90€ bounty)
Seat 2: Airjord23 (21782, 0.90€ bounty)
Seat 3: I_drAAKKen_l (19675, 0.90€ bounty)
Seat 4: Zucherman (19351, 0.90€ bounty)
Seat 5: TimeToBust (21893, 0.90€ bounty)
Seat 6: MathisKcr (18449, 0.90€ bounty)
*** ANTE/BLINDS ***
I_drAAKKen_l posts ante 25
Zucherman posts ante 25
Mugiwara1104 posts ante 25
Airjord23 posts ante 25
TimeToBust posts ante 25
MathisKcr posts ante 25
I_drAAKKen_l posts small blind 100
Zucherman posts big blind 200
Dealt to MathisKcr [8h 5d]
*** PRE-FLOP *** 
TimeToBust folds
MathisKcr folds
Mugiwara1104 folds
Airjord23 raises 240 to 440
I_drAAKKen_l folds
Zucherman folds
Airjord23 collected 890 from pot
*** SUMMARY ***
Total pot 890 | No rake
Seat 2: Airjord23 (button) won 890


Winamax Poker - Tournament "Kill The Fish" buyIn: 1.80€ + 0.20€ level: 1 - HandId: #4633389832498839557-13-1776083951 - Holdem no limit (25/100/200) - 2026/04/13 12:39:11 UTC
Table: 'Kill The Fish(1078795137)#004' 6-max (real money) Seat #3 is the button
Seat 1: Mugiwara1104 (18850, 0.90€ bounty)
Seat 2: Airjord23 (22207, 0.90€ bounty)
Seat 3: I_drAAKKen_l (19550, 0.90€ bounty)
Seat 4: Zucherman (19126, 0.90€ bounty)
Seat 5: TimeToBust (21868, 0.90€ bounty)
Seat 6: MathisKcr (18424, 0.90€ bounty)
*** ANTE/BLINDS ***
Zucherman posts ante 25
TimeToBust posts ante 25
Mugiwara1104 posts ante 25
Airjord23 posts ante 25
I_drAAKKen_l posts ante 25
MathisKcr posts ante 25
Zucherman posts small blind 100
TimeToBust posts big blind 200
Dealt to MathisKcr [Ts 3s]
*** PRE-FLOP *** 
MathisKcr folds
Mugiwara1104 folds
Airjord23 folds
I_drAAKKen_l folds
Zucherman raises 300 to 500
TimeToBust calls 300
*** FLOP *** [4h 4c 2s]
Zucherman bets 500
TimeToBust folds
Zucherman collected 1650 from pot
*** SUMMARY ***
Total pot 1650 | No rake
Board: [4h 4c 2s]
Seat 4: Zucherman (small blind) won 1650


Winamax Poker - Tournament "Kill The Fish" buyIn: 1.80€ + 0.20€ level: 1 - HandId: #4633389832498839557-14-1776083980 - Holdem no limit (25/100/200) - 2026/04/13 12:39:40 UTC
Table: 'Kill The Fish(1078795137)#004' 6-max (real money) Seat #4 is the button
Seat 1: Mugiwara1104 (18825, 0.90€ bounty)
Seat 2: Airjord23 (22182, 0.90€ bounty)
Seat 3: I_drAAKKen_l (19525, 0.90€ bounty)
Seat 4: Zucherman (19751, 0.90€ bounty)
Seat 5: TimeToBust (21343, 0.90€ bounty)
Seat 6: MathisKcr (18399, 0.90€ bounty)
*** ANTE/BLINDS ***
TimeToBust posts ante 25
MathisKcr posts ante 25
Mugiwara1104 posts ante 25
Airjord23 posts ante 25
I_drAAKKen_l posts ante 25
Zucherman posts ante 25
TimeToBust posts small blind 100
MathisKcr posts big blind 200
Dealt to MathisKcr [Ac 7c]
*** PRE-FLOP *** 
Mugiwara1104 raises 200 to 400
Airjord23 folds
I_drAAKKen_l folds
Zucherman folds
TimeToBust folds
MathisKcr calls 200
*** FLOP *** [4h Jd Qh]
MathisKcr checks
Mugiwara1104 bets 368
MathisKcr calls 368
*** TURN *** [4h Jd Qh][7s]
MathisKcr checks
Mugiwara1104 bets 1161
MathisKcr calls 1161
*** RIVER *** [4h Jd Qh 7s][3h]
MathisKcr bets 2670
Mugiwara1104 folds
MathisKcr collected 6778 from pot
*** SUMMARY ***
Total pot 6778 | No rake
Board: [4h Jd Qh 7s 3h]
Seat 6: MathisKcr (big blind) won 6778


Winamax Poker - Tournament "Kill The Fish" buyIn: 1.80€ + 0.20€ level: 1 - HandId: #4633389832498839557-15-1776084058 - Holdem no limit (25/100/200) - 2026/04/13 12:40:58 UTC
Table: 'Kill The Fish(1078795137)#004' 6-max (real money) Seat #5 is the button
Seat 1: Mugiwara1104 (16871, 0.90€ bounty)
Seat 2: Airjord23 (22157, 0.90€ bounty)
Seat 3: I_drAAKKen_l (19500, 0.90€ bounty)
Seat 4: Zucherman (19726, 0.90€ bounty)
Seat 5: TimeToBust (21218, 0.90€ bounty)
Seat 6: MathisKcr (20553, 0.90€ bounty)
*** ANTE/BLINDS ***
MathisKcr posts ante 25
Mugiwara1104 posts ante 25
Airjord23 posts ante 25
I_drAAKKen_l posts ante 25
Zucherman posts ante 25
TimeToBust posts ante 25
MathisKcr posts small blind 100
Mugiwara1104 posts big blind 200
Dealt to MathisKcr [7s Ks]
*** PRE-FLOP *** 
Airjord23 raises 300 to 500
I_drAAKKen_l folds
Zucherman folds
TimeToBust folds
MathisKcr calls 400
Mugiwara1104 calls 300
*** FLOP *** [Qs Qc 4d]
MathisKcr checks
Mugiwara1104 checks
Airjord23 checks
*** TURN *** [Qs Qc 4d][6s]
MathisKcr bets 600
Mugiwara1104 folds
Airjord23 folds
MathisKcr collected 2250 from pot
*** SUMMARY ***
Total pot 2250 | No rake
Board: [Qs Qc 4d 6s]
Seat 6: MathisKcr (small blind) won 2250


Winamax Poker - Tournament "Kill The Fish" buyIn: 1.80€ + 0.20€ level: 1 - HandId: #4633389832498839557-16-1776084106 - Holdem no limit (25/100/200) - 2026/04/13 12:41:46 UTC
Table: 'Kill The Fish(1078795137)#004' 6-max (real money) Seat #6 is the button
Seat 1: Mugiwara1104 (16346, 0.90€ bounty)
Seat 2: Airjord23 (21632, 0.90€ bounty)
Seat 3: I_drAAKKen_l (19475, 0.90€ bounty)
Seat 4: Zucherman (19701, 0.90€ bounty)
Seat 5: TimeToBust (21193, 0.90€ bounty)
Seat 6: MathisKcr (21678, 0.90€ bounty)
*** ANTE/BLINDS ***
Mugiwara1104 posts ante 25
Airjord23 posts ante 25
I_drAAKKen_l posts ante 25
Zucherman posts ante 25
TimeToBust posts ante 25
MathisKcr posts ante 25
Mugiwara1104 posts small blind 100
Airjord23 posts big blind 200
Dealt to MathisKcr [9d 4c]
*** PRE-FLOP *** 
I_drAAKKen_l folds
Zucherman folds
TimeToBust folds
MathisKcr folds
Mugiwara1104 calls 100
Airjord23 raises 550 to 750
Mugiwara1104 calls 550
*** FLOP *** [6s 3h Td]
Mugiwara1104 checks
Airjord23 bets 400
Mugiwara1104 calls 400
*** TURN *** [6s 3h Td][Ks]
Mugiwara1104 checks
Airjord23 bets 1225
Mugiwara1104 folds
Airjord23 collected 3675 from pot
*** SUMMARY ***
Total pot 3675 | No rake
Board: [6s 3h Td Ks]
Seat 2: Airjord23 (big blind) won 3675


Winamax Poker - Tournament "Kill The Fish" buyIn: 1.80€ + 0.20€ level: 1 - HandId: #4633389832498839557-17-1776084203 - Holdem no limit (25/100/200) - 2026/04/13 12:43:23 UTC
Table: 'Kill The Fish(1078795137)#004' 6-max (real money) Seat #1 is the button
Seat 1: Mugiwara1104 (15171, 0.90€ bounty)
Seat 2: Airjord23 (22907, 0.90€ bounty)
Seat 3: I_drAAKKen_l (19450, 0.90€ bounty)
Seat 4: Zucherman (19676, 0.90€ bounty)
Seat 5: TimeToBust (21168, 0.90€ bounty)
Seat 6: MathisKcr (21653, 0.90€ bounty)
*** ANTE/BLINDS ***
Airjord23 posts ante 25
I_drAAKKen_l posts ante 25
Mugiwara1104 posts ante 25
Zucherman posts ante 25
TimeToBust posts ante 25
MathisKcr posts ante 25
Airjord23 posts small blind 100
I_drAAKKen_l posts big blind 200
Dealt to MathisKcr [3d Tc]
*** PRE-FLOP *** 
Zucherman folds
TimeToBust raises 200 to 400
MathisKcr folds
Mugiwara1104 raises 800 to 1200
Airjord23 folds
I_drAAKKen_l folds
TimeToBust folds
Mugiwara1104 collected 2050 from pot
*** SUMMARY ***
Total pot 2050 | No rake
Seat 1: Mugiwara1104 (button) won 2050


Winamax Poker - Tournament "Kill The Fish" buyIn: 1.80€ + 0.20€ level: 1 - HandId: #4633389832498839557-18-1776084231 - Holdem no limit (25/100/200) - 2026/04/13 12:43:51 UTC
Table: 'Kill The Fish(1078795137)#004' 6-max (real money) Seat #2 is the button
Seat 1: Mugiwara1104 (15996, 0.90€ bounty)
Seat 2: Airjord23 (22782, 0.90€ bounty)
Seat 3: I_drAAKKen_l (19225, 0.90€ bounty)
Seat 4: Zucherman (19651, 0.90€ bounty)
Seat 5: TimeToBust (20743, 0.90€ bounty)
Seat 6: MathisKcr (21628, 0.90€ bounty)
*** ANTE/BLINDS ***
I_drAAKKen_l posts ante 25
Zucherman posts ante 25
Mugiwara1104 posts ante 25
Airjord23 posts ante 25
TimeToBust posts ante 25
MathisKcr posts ante 25
I_drAAKKen_l posts small blind 100
Zucherman posts big blind 200
Dealt to MathisKcr [Kh Ad]
*** PRE-FLOP *** 
TimeToBust raises 200 to 400
MathisKcr raises 800 to 1200
Mugiwara1104 folds
Airjord23 folds
I_drAAKKen_l folds
Zucherman folds
TimeToBust raises 1800 to 3000
MathisKcr raises 18603 to 21603 and is all-in
TimeToBust calls 17718 and is all-in
*** FLOP *** [2d Ks 8d]
*** TURN *** [2d Ks 8d][7s]
*** RIVER *** [2d Ks 8d 7s][6c]
*** SHOW DOWN ***
TimeToBust shows [Kc As] (One pair : Kings)
MathisKcr shows [Kh Ad] (One pair : Kings)
MathisKcr collected 21828 from side pot 1
TimeToBust collected 20943 from main pot
*** SUMMARY ***
Total pot 42771 | No rake
Board: [2d Ks 8d 7s 6c]
Seat 5: TimeToBust showed [Kc As] and won 20943 with One pair : Kings
Seat 6: MathisKcr showed [Kh Ad] and won 21828 with One pair : Kings


Winamax Poker - Tournament "Kill The Fish" buyIn: 1.80€ + 0.20€ level: 1 - HandId: #4633389832498839557-19-1776084284 - Holdem no limit (25/100/200) - 2026/04/13 12:44:44 UTC
Table: 'Kill The Fish(1078795137)#004' 6-max (real money) Seat #3 is the button
Seat 1: Mugiwara1104 (15971, 0.90€ bounty)
Seat 2: Airjord23 (22757, 0.90€ bounty)
Seat 3: I_drAAKKen_l (19100, 0.90€ bounty)
Seat 4: Zucherman (19426, 0.90€ bounty)
Seat 5: TimeToBust (20943, 0.90€ bounty)
Seat 6: MathisKcr (21828, 0.90€ bounty)
*** ANTE/BLINDS ***
Zucherman posts ante 25
TimeToBust posts ante 25
Mugiwara1104 posts ante 25
Airjord23 posts ante 25
I_drAAKKen_l posts ante 25
MathisKcr posts ante 25
Zucherman posts small blind 100
TimeToBust posts big blind 200
Dealt to MathisKcr [3d 3s]
*** PRE-FLOP *** 
MathisKcr raises 200 to 400
Mugiwara1104 folds
Airjord23 folds
I_drAAKKen_l folds
Zucherman folds
TimeToBust calls 200
*** FLOP *** [7c 8d 5d]
TimeToBust checks
MathisKcr bets 525
TimeToBust folds
MathisKcr collected 1575 from pot
*** SUMMARY ***
Total pot 1575 | No rake
Board: [7c 8d 5d]
Seat 6: MathisKcr won 1575


Winamax Poker - Tournament "Kill The Fish" buyIn: 1.80€ + 0.20€ level: 1 - HandId: #4633389832498839557-20-1776084315 - Holdem no limit (25/100/200) - 2026/04/13 12:45:15 UTC
Table: 'Kill The Fish(1078795137)#004' 6-max (real money) Seat #4 is the button
Seat 1: Mugiwara1104 (15946, 0.90€ bounty)
Seat 2: Airjord23 (22732, 0.90€ bounty)
Seat 3: I_drAAKKen_l (19075, 0.90€ bounty)
Seat 4: Zucherman (19301, 0.90€ bounty)
Seat 5: TimeToBust (20518, 0.90€ bounty)
Seat 6: MathisKcr (22453, 0.90€ bounty)
*** ANTE/BLINDS ***
TimeToBust posts ante 25
MathisKcr posts ante 25
Mugiwara1104 posts ante 25
Airjord23 posts ante 25
I_drAAKKen_l posts ante 25
Zucherman posts ante 25
TimeToBust posts small blind 100
MathisKcr posts big blind 200
Dealt to MathisKcr [Ad 3h]
*** PRE-FLOP *** 
Mugiwara1104 folds
Airjord23 folds
I_drAAKKen_l folds
Zucherman folds
TimeToBust calls 100
MathisKcr raises 200 to 400
TimeToBust calls 200
*** FLOP *** [2h 4s 3s]
TimeToBust checks
MathisKcr bets 333
TimeToBust raises 661 to 994
MathisKcr raises 2085 to 3079
TimeToBust raises 17014 to 20093 and is all-in
MathisKcr calls 17014
*** TURN *** [2h 4s 3s][Kc]
*** RIVER *** [2h 4s 3s Kc][As]
*** SHOW DOWN ***
MathisKcr shows [Ad 3h] (Two pairs : Aces and 3)
TimeToBust shows [Ah 5s] (Straight 5 high)
TimeToBust collected 41136 from pot
*** SUMMARY ***
Total pot 41136 | No rake
Board: [2h 4s 3s Kc As]
Seat 5: TimeToBust (small blind) showed [Ah 5s] and won 41136 with Straight 5 high
Seat 6: MathisKcr (big blind) showed [Ad 3h] and lost with Two pairs : Aces and 3


Winamax Poker - Tournament "Kill The Fish" buyIn: 1.80€ + 0.20€ level: 1 - HandId: #4633389832498839557-21-1776084401 - Holdem no limit (25/100/200) - 2026/04/13 12:46:41 UTC
Table: 'Kill The Fish(1078795137)#004' 6-max (real money) Seat #5 is the button
Seat 1: Mugiwara1104 (15921, 0.90€ bounty)
Seat 2: Airjord23 (22707, 0.90€ bounty)
Seat 3: I_drAAKKen_l (19050, 0.90€ bounty)
Seat 4: Zucherman (19276, 0.90€ bounty)
Seat 5: TimeToBust (41136, 0.90€ bounty)
Seat 6: MathisKcr (1935, 0.90€ bounty)
*** ANTE/BLINDS ***
MathisKcr posts ante 25
Mugiwara1104 posts ante 25
Airjord23 posts ante 25
I_drAAKKen_l posts ante 25
Zucherman posts ante 25
TimeToBust posts ante 25
MathisKcr posts small blind 100
Mugiwara1104 posts big blind 200
Dealt to MathisKcr [8h 4h]
*** PRE-FLOP *** 
Airjord23 folds
I_drAAKKen_l folds
Zucherman calls 200
TimeToBust folds
MathisKcr raises 1710 to 1910 and is all-in
Mugiwara1104 folds
Zucherman calls 1710
*** FLOP *** [5d Kc Jd]
*** TURN *** [5d Kc Jd][Qd]
*** RIVER *** [5d Kc Jd Qd][Ah]
*** SHOW DOWN ***
MathisKcr shows [8h 4h] (High card : Ace)
Zucherman shows [Kd 9d] (Flush King high)
Zucherman collected 4170 from pot
*** SUMMARY ***
Total pot 4170 | No rake
Board: [5d Kc Jd Qd Ah]
Seat 4: Zucherman showed [Kd 9d] and won 4170 with Flush King high
Seat 6: MathisKcr (small blind) showed [8h 4h] and lost with High card : Ace


