Winamax Poker - Tournament "Expresso Nitro" buyIn: 0.93€ + 0.07€ level: 1 - HandId: #4670905581555417089-1-1774890017 - Holdem no limit (10/20) - 2026/03/30 17:00:17 UTC
Table: 'Expresso Nitro(1087529953)#0' 3-max (real money) Seat #2 is the button
Seat 1: pari-ol-24 (300)
Seat 2: XXkick-outXX (300)
Seat 3: MathisKcr (300)
*** ANTE/BLINDS ***
MathisKcr posts small blind 10
pari-ol-24 posts big blind 20
Dealt to MathisKcr [7h Tc]
*** PRE-FLOP *** 
XXkick-outXX calls 20
MathisKcr folds
pari-ol-24 checks
*** FLOP *** [Qh 9s 2h]
pari-ol-24 checks
XXkick-outXX checks
*** TURN *** [Qh 9s 2h][Qc]
pari-ol-24 bets 30
XXkick-outXX folds
pari-ol-24 collected 80 from pot
*** SUMMARY ***
Total pot 80 | No rake
Board: [Qh 9s 2h Qc]
Seat 1: pari-ol-24 (big blind) won 80


Winamax Poker - Tournament "Expresso Nitro" buyIn: 0.93€ + 0.07€ level: 1 - HandId: #4670905581555417089-2-1774890049 - Holdem no limit (10/20) - 2026/03/30 17:00:49 UTC
Table: 'Expresso Nitro(1087529953)#0' 3-max (real money) Seat #3 is the button
Seat 1: pari-ol-24 (330)
Seat 2: XXkick-outXX (280)
Seat 3: MathisKcr (290)
*** ANTE/BLINDS ***
pari-ol-24 posts small blind 10
XXkick-outXX posts big blind 20
Dealt to MathisKcr [6h Jh]
*** PRE-FLOP *** 
MathisKcr raises 20 to 40
pari-ol-24 folds
XXkick-outXX calls 20
*** FLOP *** [Js Kh 2c]
XXkick-outXX checks
MathisKcr bets 40
XXkick-outXX folds
MathisKcr collected 130 from pot
*** SUMMARY ***
Total pot 130 | No rake
Board: [Js Kh 2c]
Seat 3: MathisKcr (button) won 130


Winamax Poker - Tournament "Expresso Nitro" buyIn: 0.93€ + 0.07€ level: 2 - HandId: #4670905581555417089-3-1774890086 - Holdem no limit (15/30) - 2026/03/30 17:01:26 UTC
Table: 'Expresso Nitro(1087529953)#0' 3-max (real money) Seat #1 is the button
Seat 1: pari-ol-24 (320)
Seat 2: XXkick-outXX (240)
Seat 3: MathisKcr (340)
*** ANTE/BLINDS ***
XXkick-outXX posts small blind 15
MathisKcr posts big blind 30
Dealt to MathisKcr [6h 9h]
*** PRE-FLOP *** 
pari-ol-24 folds
XXkick-outXX raises 210 to 240 and is all-in
MathisKcr folds
XXkick-outXX collected 270 from pot
*** SUMMARY ***
Total pot 270 | No rake
Seat 2: XXkick-outXX (small blind) won 270


Winamax Poker - Tournament "Expresso Nitro" buyIn: 0.93€ + 0.07€ level: 2 - HandId: #4670905581555417089-4-1774890100 - Holdem no limit (15/30) - 2026/03/30 17:01:40 UTC
Table: 'Expresso Nitro(1087529953)#0' 3-max (real money) Seat #2 is the button
Seat 1: pari-ol-24 (320)
Seat 2: XXkick-outXX (270)
Seat 3: MathisKcr (310)
*** ANTE/BLINDS ***
MathisKcr posts small blind 15
pari-ol-24 posts big blind 30
Dealt to MathisKcr [Qc Jh]
*** PRE-FLOP *** 
XXkick-outXX folds
MathisKcr raises 280 to 310 and is all-in
pari-ol-24 folds
MathisKcr collected 340 from pot
*** SUMMARY ***
Total pot 340 | No rake
Seat 3: MathisKcr (small blind) won 340


Winamax Poker - Tournament "Expresso Nitro" buyIn: 0.93€ + 0.07€ level: 2 - HandId: #4670905581555417089-5-1774890115 - Holdem no limit (15/30) - 2026/03/30 17:01:55 UTC
Table: 'Expresso Nitro(1087529953)#0' 3-max (real money) Seat #3 is the button
Seat 1: pari-ol-24 (290)
Seat 2: XXkick-outXX (270)
Seat 3: MathisKcr (340)
*** ANTE/BLINDS ***
pari-ol-24 posts small blind 15
XXkick-outXX posts big blind 30
Dealt to MathisKcr [5d Ks]
*** PRE-FLOP *** 
MathisKcr raises 30 to 60
pari-ol-24 raises 230 to 290 and is all-in
XXkick-outXX calls 240 and is all-in
MathisKcr folds
*** FLOP *** [Js 9d Kc]
*** TURN *** [Js 9d Kc][3s]
*** RIVER *** [Js 9d Kc 3s][5c]
*** SHOW DOWN ***
XXkick-outXX shows [4c Ah] (High card : Ace)
pari-ol-24 shows [Jd Ad] (One pair : Jacks)
pari-ol-24 collected 620 from pot
*** SUMMARY ***
Total pot 620 | No rake
Board: [Js 9d Kc 3s 5c]
Seat 1: pari-ol-24 (small blind) showed [Jd Ad] and won 620 with One pair : Jacks
Seat 2: XXkick-outXX (big blind) showed [4c Ah] and lost with High card : Ace


Winamax Poker - Tournament "Expresso Nitro" buyIn: 0.93€ + 0.07€ level: 2 - HandId: #4670905581555417089-6-1774890134 - Holdem no limit (15/30) - 2026/03/30 17:02:14 UTC
Table: 'Expresso Nitro(1087529953)#0' 3-max (real money) Seat #3 is the button
Seat 1: pari-ol-24 (620)
Seat 3: MathisKcr (280)
*** ANTE/BLINDS ***
MathisKcr posts small blind 15
pari-ol-24 posts big blind 30
Dealt to MathisKcr [Qh 5c]
*** PRE-FLOP *** 
MathisKcr raises 250 to 280 and is all-in
pari-ol-24 folds
MathisKcr collected 310 from pot
*** SUMMARY ***
Total pot 310 | No rake
Seat 3: MathisKcr (small blind) (button) won 310


Winamax Poker - Tournament "Expresso Nitro" buyIn: 0.93€ + 0.07€ level: 3 - HandId: #4670905581555417089-7-1774890147 - Holdem no limit (20/40) - 2026/03/30 17:02:27 UTC
Table: 'Expresso Nitro(1087529953)#0' 3-max (real money) Seat #1 is the button
Seat 1: pari-ol-24 (590)
Seat 3: MathisKcr (310)
*** ANTE/BLINDS ***
pari-ol-24 posts small blind 20
MathisKcr posts big blind 40
Dealt to MathisKcr [Td 7c]
*** PRE-FLOP *** 
pari-ol-24 folds
MathisKcr collected 60 from pot
*** SUMMARY ***
Total pot 60 | No rake
Seat 3: MathisKcr (big blind) won 60


Winamax Poker - Tournament "Expresso Nitro" buyIn: 0.93€ + 0.07€ level: 3 - HandId: #4670905581555417089-8-1774890153 - Holdem no limit (20/40) - 2026/03/30 17:02:33 UTC
Table: 'Expresso Nitro(1087529953)#0' 3-max (real money) Seat #3 is the button
Seat 1: pari-ol-24 (570)
Seat 3: MathisKcr (330)
*** ANTE/BLINDS ***
MathisKcr posts small blind 20
pari-ol-24 posts big blind 40
Dealt to MathisKcr [3d Kd]
*** PRE-FLOP *** 
MathisKcr raises 290 to 330 and is all-in
pari-ol-24 folds
MathisKcr collected 370 from pot
*** SUMMARY ***
Total pot 370 | No rake
Seat 3: MathisKcr (small blind) (button) won 370


Winamax Poker - Tournament "Expresso Nitro" buyIn: 0.93€ + 0.07€ level: 3 - HandId: #4670905581555417089-9-1774890167 - Holdem no limit (20/40) - 2026/03/30 17:02:47 UTC
Table: 'Expresso Nitro(1087529953)#0' 3-max (real money) Seat #1 is the button
Seat 1: pari-ol-24 (530)
Seat 3: MathisKcr (370)
*** ANTE/BLINDS ***
pari-ol-24 posts small blind 20
MathisKcr posts big blind 40
Dealt to MathisKcr [6s Ah]
*** PRE-FLOP *** 
pari-ol-24 folds
MathisKcr collected 60 from pot
*** SUMMARY ***
Total pot 60 | No rake
Seat 3: MathisKcr (big blind) won 60


Winamax Poker - Tournament "Expresso Nitro" buyIn: 0.93€ + 0.07€ level: 3 - HandId: #4670905581555417089-10-1774890178 - Holdem no limit (20/40) - 2026/03/30 17:02:58 UTC
Table: 'Expresso Nitro(1087529953)#0' 3-max (real money) Seat #3 is the button
Seat 1: pari-ol-24 (510)
Seat 3: MathisKcr (390)
*** ANTE/BLINDS ***
MathisKcr posts small blind 20
pari-ol-24 posts big blind 40
Dealt to MathisKcr [5s 4c]
*** PRE-FLOP *** 
MathisKcr folds
pari-ol-24 collected 60 from pot
*** SUMMARY ***
Total pot 60 | No rake
Seat 1: pari-ol-24 (big blind) won 60


Winamax Poker - Tournament "Expresso Nitro" buyIn: 0.93€ + 0.07€ level: 3 - HandId: #4670905581555417089-11-1774890182 - Holdem no limit (20/40) - 2026/03/30 17:03:02 UTC
Table: 'Expresso Nitro(1087529953)#0' 3-max (real money) Seat #1 is the button
Seat 1: pari-ol-24 (530)
Seat 3: MathisKcr (370)
*** ANTE/BLINDS ***
pari-ol-24 posts small blind 20
MathisKcr posts big blind 40
Dealt to MathisKcr [Jh Qd]
*** PRE-FLOP *** 
pari-ol-24 folds
MathisKcr collected 60 from pot
*** SUMMARY ***
Total pot 60 | No rake
Seat 3: MathisKcr (big blind) won 60


Winamax Poker - Tournament "Expresso Nitro" buyIn: 0.93€ + 0.07€ level: 3 - HandId: #4670905581555417089-12-1774890189 - Holdem no limit (20/40) - 2026/03/30 17:03:09 UTC
Table: 'Expresso Nitro(1087529953)#0' 3-max (real money) Seat #3 is the button
Seat 1: pari-ol-24 (510)
Seat 3: MathisKcr (390)
*** ANTE/BLINDS ***
MathisKcr posts small blind 20
pari-ol-24 posts big blind 40
Dealt to MathisKcr [4s Tc]
*** PRE-FLOP *** 
MathisKcr folds
pari-ol-24 collected 60 from pot
*** SUMMARY ***
Total pot 60 | No rake
Seat 1: pari-ol-24 (big blind) won 60


Winamax Poker - Tournament "Expresso Nitro" buyIn: 0.93€ + 0.07€ level: 3 - HandId: #4670905581555417089-13-1774890193 - Holdem no limit (20/40) - 2026/03/30 17:03:13 UTC
Table: 'Expresso Nitro(1087529953)#0' 3-max (real money) Seat #1 is the button
Seat 1: pari-ol-24 (530)
Seat 3: MathisKcr (370)
*** ANTE/BLINDS ***
pari-ol-24 posts small blind 20
MathisKcr posts big blind 40
Dealt to MathisKcr [Js Td]
*** PRE-FLOP *** 
pari-ol-24 raises 490 to 530 and is all-in
MathisKcr calls 330 and is all-in
*** FLOP *** [3c Ks 3d]
*** TURN *** [3c Ks 3d][2c]
*** RIVER *** [3c Ks 3d 2c][5c]
*** SHOW DOWN ***
MathisKcr shows [Js Td] (One pair : 3)
pari-ol-24 shows [5h 5s] (Full of 5 and 3)
pari-ol-24 collected 900 from pot
*** SUMMARY ***
Total pot 900 | No rake
Board: [3c Ks 3d 2c 5c]
Seat 1: pari-ol-24 (small blind) (button) showed [5h 5s] and won 900 with Full of 5 and 3
Seat 3: MathisKcr (big blind) showed [Js Td] and lost with One pair : 3


