Winamax Poker - Tournament "SPACE KO" buyIn: 0.45€ + 0.05€ level: 3 - HandId: #4523805206525247558-27-1772113306 - Holdem no limit (35/150/300) - 2026/02/26 13:41:46 UTC
Table: 'SPACE KO(1053280478)#0069' 6-max (real money) Seat #6 is the button
Seat 1: Djedje123456 (18010, 0.25€ bounty)
Seat 3: Ara.Froid551 (48455, 0.35€ bounty)
Seat 4: C  H (21949, 0.25€ bounty)
Seat 5: MathisKcr (20000, 0.25€ bounty)
Seat 6: Kr1b (32457, 0.25€ bounty)
*** ANTE/BLINDS ***
Djedje123456 posts ante 35
Ara.Froid551 posts ante 35
C  H posts ante 35
MathisKcr posts ante 35
Kr1b posts ante 35
Djedje123456 posts small blind 150
Ara.Froid551 posts big blind 300
Dealt to MathisKcr [Kc 8s]
*** PRE-FLOP *** 
C  H folds
MathisKcr raises 300 to 600
Kr1b calls 600
Djedje123456 folds
Ara.Froid551 calls 300
*** FLOP *** [9h 3c 2h]
Ara.Froid551 checks
MathisKcr checks
Kr1b checks
*** TURN *** [9h 3c 2h][4c]
Ara.Froid551 checks
MathisKcr bets 600
Kr1b folds
Ara.Froid551 folds
MathisKcr collected 2725 from pot
*** SUMMARY ***
Total pot 2725 | No rake
Board: [9h 3c 2h 4c]
Seat 5: MathisKcr won 2725


Winamax Poker - Tournament "SPACE KO" buyIn: 0.45€ + 0.05€ level: 3 - HandId: #4523805206525247558-28-1772113372 - Holdem no limit (35/150/300) - 2026/02/26 13:42:52 UTC
Table: 'SPACE KO(1053280478)#0069' 6-max (real money) Seat #1 is the button
Seat 1: Djedje123456 (17825, 0.25€ bounty)
Seat 2: Markloop (20000, 0.25€ bounty)
Seat 3: Ara.Froid551 (47820, 0.35€ bounty)
Seat 4: C  H (21914, 0.25€ bounty)
Seat 5: MathisKcr (21490, 0.25€ bounty)
Seat 6: Kr1b (31822, 0.25€ bounty)
*** ANTE/BLINDS ***
Ara.Froid551 posts ante 35
C  H posts ante 35
Djedje123456 posts ante 35
MathisKcr posts ante 35
Kr1b posts ante 35
Ara.Froid551 posts small blind 150
C  H posts big blind 300
Dealt to MathisKcr [5c 9h]
*** PRE-FLOP *** 
MathisKcr folds
Kr1b folds
Djedje123456 folds
Ara.Froid551 folds
C  H collected 625 from pot
*** SUMMARY ***
Total pot 625 | No rake
Seat 4: C  H (big blind) won 625


Winamax Poker - Tournament "SPACE KO" buyIn: 0.45€ + 0.05€ level: 3 - HandId: #4523805206525247558-29-1772113387 - Holdem no limit (35/150/300) - 2026/02/26 13:43:07 UTC
Table: 'SPACE KO(1053280478)#0069' 6-max (real money) Seat #3 is the button
Seat 1: Djedje123456 (17790, 0.25€ bounty)
Seat 2: Markloop (20000, 0.25€ bounty)
Seat 3: Ara.Froid551 (47635, 0.35€ bounty)
Seat 4: C  H (22204, 0.25€ bounty)
Seat 5: MathisKcr (21455, 0.25€ bounty)
Seat 6: Kr1b (31787, 0.25€ bounty)
*** ANTE/BLINDS ***
C  H posts ante 35
MathisKcr posts ante 35
Djedje123456 posts ante 35
Markloop posts ante 35
Ara.Froid551 posts ante 35
Kr1b posts ante 35
C  H posts small blind 150
MathisKcr posts big blind 300
Dealt to MathisKcr [5s 4d]
*** PRE-FLOP *** 
Kr1b calls 300
Djedje123456 calls 300
Markloop raises 19665 to 19965 and is all-in
Ara.Froid551 folds
C  H raises 2204 to 22169 and is all-in
MathisKcr folds
Kr1b folds
Djedje123456 folds
*** FLOP *** [4h 8d Jd]
*** TURN *** [4h 8d Jd][6c]
*** RIVER *** [4h 8d Jd 6c][6s]
*** SHOW DOWN ***
Markloop shows [Th Kd] (One pair : 6)
C  H shows [Ah Jc] (Two pairs : Jacks and 6)
C  H collected 43244 from pot
*** SUMMARY ***
Total pot 43244 | No rake
Board: [4h 8d Jd 6c 6s]
Seat 2: Markloop showed [Th Kd] and lost with One pair : 6
Seat 4: C  H (small blind) showed [Ah Jc] and won 43244 with Two pairs : Jacks and 6


Winamax Poker - Tournament "SPACE KO" buyIn: 0.45€ + 0.05€ level: 3 - HandId: #4523805206525247558-30-1772113472 - Holdem no limit (35/150/300) - 2026/02/26 13:44:32 UTC
Table: 'SPACE KO(1053280478)#0069' 6-max (real money) Seat #4 is the button
Seat 1: Djedje123456 (17455, 0.25€ bounty)
Seat 3: Ara.Froid551 (47600, 0.35€ bounty)
Seat 4: C  H (43244, 0.30€ bounty)
Seat 5: MathisKcr (21120, 0.25€ bounty)
Seat 6: Kr1b (31452, 0.25€ bounty)
*** ANTE/BLINDS ***
MathisKcr posts ante 35
Kr1b posts ante 35
Djedje123456 posts ante 35
Ara.Froid551 posts ante 35
C  H posts ante 35
MathisKcr posts small blind 150
Kr1b posts big blind 300
Dealt to MathisKcr [2s 3d]
*** PRE-FLOP *** 
Djedje123456 folds
Ara.Froid551 raises 315 to 615
C  H calls 615
MathisKcr folds
Kr1b folds
*** FLOP *** [3s 8d 4d]
Ara.Froid551 checks
C  H checks
*** TURN *** [3s 8d 4d][7d]
Ara.Froid551 bets 928
C  H folds
Ara.Froid551 collected 2783 from pot
*** SUMMARY ***
Total pot 2783 | No rake
Board: [3s 8d 4d 7d]
Seat 3: Ara.Froid551 won 2783


Winamax Poker - Tournament "SPACE KO" buyIn: 0.45€ + 0.05€ level: 3 - HandId: #4523805206525247558-31-1772113520 - Holdem no limit (35/150/300) - 2026/02/26 13:45:20 UTC
Table: 'SPACE KO(1053280478)#0069' 6-max (real money) Seat #5 is the button
Seat 1: Djedje123456 (17420, 0.25€ bounty)
Seat 2: Colargol14 (20000, 0.25€ bounty)
Seat 3: Ara.Froid551 (48805, 0.35€ bounty)
Seat 4: C  H (42594, 0.30€ bounty)
Seat 5: MathisKcr (20935, 0.25€ bounty)
Seat 6: Kr1b (31117, 0.25€ bounty)
*** ANTE/BLINDS ***
Kr1b posts ante 35
Djedje123456 posts ante 35
Colargol14 posts ante 35
Ara.Froid551 posts ante 35
C  H posts ante 35
MathisKcr posts ante 35
Kr1b posts small blind 150
Djedje123456 posts big blind 300
Dealt to MathisKcr [4s 4c]
*** PRE-FLOP *** 
Colargol14 folds
Ara.Froid551 folds
C  H folds
MathisKcr raises 600 to 900
Kr1b calls 750
Djedje123456 folds
*** FLOP *** [Ks 6s As]
Kr1b bets 809
MathisKcr folds
Kr1b collected 3119 from pot
*** SUMMARY ***
Total pot 3119 | No rake
Board: [Ks 6s As]
Seat 6: Kr1b (small blind) won 3119


Winamax Poker - Tournament "SPACE KO" buyIn: 0.45€ + 0.05€ level: 3 - HandId: #4523805206525247558-32-1772113570 - Holdem no limit (35/150/300) - 2026/02/26 13:46:10 UTC
Table: 'SPACE KO(1053280478)#0069' 6-max (real money) Seat #6 is the button
Seat 1: Djedje123456 (17085, 0.25€ bounty)
Seat 2: Colargol14 (19965, 0.25€ bounty)
Seat 3: Ara.Froid551 (48770, 0.35€ bounty)
Seat 4: C  H (42559, 0.30€ bounty)
Seat 5: MathisKcr (20000, 0.25€ bounty)
Seat 6: Kr1b (32492, 0.25€ bounty)
*** ANTE/BLINDS ***
Djedje123456 posts ante 35
Colargol14 posts ante 35
Ara.Froid551 posts ante 35
C  H posts ante 35
MathisKcr posts ante 35
Kr1b posts ante 35
Djedje123456 posts small blind 150
Colargol14 posts big blind 300
Dealt to MathisKcr [Qc Th]
*** PRE-FLOP *** 
Ara.Froid551 raises 315 to 615
C  H folds
MathisKcr calls 615
Kr1b folds
Djedje123456 calls 465
Colargol14 folds
*** FLOP *** [2d 8c Jc]
Djedje123456 checks
Ara.Froid551 bets 1178
MathisKcr folds
Djedje123456 folds
Ara.Froid551 collected 3533 from pot
*** SUMMARY ***
Total pot 3533 | No rake
Board: [2d 8c Jc]
Seat 3: Ara.Froid551 won 3533


Winamax Poker - Tournament "SPACE KO" buyIn: 0.45€ + 0.05€ level: 4 - HandId: #4523805206525247558-33-1772113624 - Holdem no limit (40/175/350) - 2026/02/26 13:47:04 UTC
Table: 'SPACE KO(1053280478)#0069' 6-max (real money) Seat #1 is the button
Seat 1: Djedje123456 (16435, 0.25€ bounty)
Seat 2: Colargol14 (19630, 0.25€ bounty)
Seat 3: Ara.Froid551 (50475, 0.35€ bounty)
Seat 4: C  H (42524, 0.30€ bounty)
Seat 5: MathisKcr (19350, 0.25€ bounty)
Seat 6: Kr1b (32457, 0.25€ bounty)
*** ANTE/BLINDS ***
Colargol14 posts ante 40
Ara.Froid551 posts ante 40
Djedje123456 posts ante 40
C  H posts ante 40
MathisKcr posts ante 40
Kr1b posts ante 40
Colargol14 posts small blind 175
Ara.Froid551 posts big blind 350
Dealt to MathisKcr [4h 5c]
*** PRE-FLOP *** 
C  H folds
MathisKcr folds
Kr1b raises 350 to 700
Djedje123456 calls 700
Colargol14 folds
Ara.Froid551 folds
*** FLOP *** [4s Tc 7d]
Kr1b bets 1407
Djedje123456 calls 1407
*** TURN *** [4s Tc 7d][Qh]
Kr1b bets 4979
Djedje123456 folds
Kr1b collected 9958 from pot
*** SUMMARY ***
Total pot 9958 | No rake
Board: [4s Tc 7d Qh]
Seat 6: Kr1b won 9958


Winamax Poker - Tournament "SPACE KO" buyIn: 0.45€ + 0.05€ level: 4 - HandId: #4523805206525247558-34-1772113674 - Holdem no limit (40/175/350) - 2026/02/26 13:47:54 UTC
Table: 'SPACE KO(1053280478)#0069' 6-max (real money) Seat #2 is the button
Seat 1: Djedje123456 (14288, 0.25€ bounty)
Seat 2: Colargol14 (19415, 0.25€ bounty)
Seat 3: Ara.Froid551 (50085, 0.35€ bounty)
Seat 4: C  H (42484, 0.30€ bounty)
Seat 5: MathisKcr (19310, 0.25€ bounty)
Seat 6: Kr1b (35289, 0.25€ bounty)
*** ANTE/BLINDS ***
Ara.Froid551 posts ante 40
C  H posts ante 40
Djedje123456 posts ante 40
Colargol14 posts ante 40
MathisKcr posts ante 40
Kr1b posts ante 40
Ara.Froid551 posts small blind 175
C  H posts big blind 350
Dealt to MathisKcr [7s Th]
*** PRE-FLOP *** 
MathisKcr folds
Kr1b calls 350
Djedje123456 calls 350
Colargol14 calls 350
Ara.Froid551 raises 1990 to 2340
C  H raises 40104 to 42444 and is all-in
Kr1b folds
Djedje123456 folds
Colargol14 folds
Ara.Froid551 calls 40104
*** FLOP *** [9c 4d 6s]
*** TURN *** [9c 4d 6s][Jc]
*** RIVER *** [9c 4d 6s Jc][9s]
*** SHOW DOWN ***
Ara.Froid551 shows [As Ks] (One pair : 9)
C  H shows [Tc Td] (Two pairs : Tens and 9)
C  H collected 86178 from pot
*** SUMMARY ***
Total pot 86178 | No rake
Board: [9c 4d 6s Jc 9s]
Seat 3: Ara.Froid551 (small blind) showed [As Ks] and lost with One pair : 9
Seat 4: C  H (big blind) showed [Tc Td] and won 86178 with Two pairs : Tens and 9


Winamax Poker - Tournament "SPACE KO" buyIn: 0.45€ + 0.05€ level: 4 - HandId: #4523805206525247558-35-1772113712 - Holdem no limit (40/175/350) - 2026/02/26 13:48:32 UTC
Table: 'SPACE KO(1053280478)#0069' 6-max (real money) Seat #3 is the button
Seat 1: Djedje123456 (13898, 0.25€ bounty)
Seat 2: Colargol14 (19025, 0.25€ bounty)
Seat 3: Ara.Froid551 (7601, 0.35€ bounty)
Seat 4: C  H (86178, 0.30€ bounty)
Seat 5: MathisKcr (19270, 0.25€ bounty)
Seat 6: Kr1b (34899, 0.25€ bounty)
*** ANTE/BLINDS ***
C  H posts ante 40
MathisKcr posts ante 40
Djedje123456 posts ante 40
Colargol14 posts ante 40
Ara.Froid551 posts ante 40
Kr1b posts ante 40
C  H posts small blind 175
MathisKcr posts big blind 350
Dealt to MathisKcr [Jh 2s]
*** PRE-FLOP *** 
Kr1b folds
Djedje123456 folds
Colargol14 folds
Ara.Froid551 folds
C  H folds
MathisKcr collected 765 from pot
*** SUMMARY ***
Total pot 765 | No rake
Seat 5: MathisKcr (big blind) won 765


Winamax Poker - Tournament "SPACE KO" buyIn: 0.45€ + 0.05€ level: 4 - HandId: #4523805206525247558-36-1772113731 - Holdem no limit (40/175/350) - 2026/02/26 13:48:51 UTC
Table: 'SPACE KO(1053280478)#0069' 6-max (real money) Seat #4 is the button
Seat 1: Djedje123456 (13858, 0.25€ bounty)
Seat 2: Colargol14 (18985, 0.25€ bounty)
Seat 3: Ara.Froid551 (7561, 0.35€ bounty)
Seat 4: C  H (85963, 0.30€ bounty)
Seat 5: MathisKcr (19645, 0.25€ bounty)
Seat 6: Kr1b (34859, 0.25€ bounty)
*** ANTE/BLINDS ***
MathisKcr posts ante 40
Kr1b posts ante 40
Djedje123456 posts ante 40
Colargol14 posts ante 40
Ara.Froid551 posts ante 40
C  H posts ante 40
MathisKcr posts small blind 175
Kr1b posts big blind 350
Dealt to MathisKcr [Ad Kc]
*** PRE-FLOP *** 
Djedje123456 folds
Colargol14 folds
Ara.Froid551 raises 367 to 717
C  H folds
MathisKcr raises 1067 to 1784
Kr1b folds
Ara.Froid551 calls 1067
*** FLOP *** [2d 8s 7h]
MathisKcr bets 1040
Ara.Froid551 folds
MathisKcr collected 5198 from pot
*** SUMMARY ***
Total pot 5198 | No rake
Board: [2d 8s 7h]
Seat 5: MathisKcr (small blind) won 5198


Winamax Poker - Tournament "SPACE KO" buyIn: 0.45€ + 0.05€ level: 4 - HandId: #4523805206525247558-37-1772113782 - Holdem no limit (40/175/350) - 2026/02/26 13:49:42 UTC
Table: 'SPACE KO(1053280478)#0069' 6-max (real money) Seat #5 is the button
Seat 1: Djedje123456 (13818, 0.25€ bounty)
Seat 2: Colargol14 (18945, 0.25€ bounty)
Seat 3: Ara.Froid551 (5737, 0.35€ bounty)
Seat 4: C  H (85923, 0.30€ bounty)
Seat 5: MathisKcr (21979, 0.25€ bounty)
Seat 6: Kr1b (34469, 0.25€ bounty)
*** ANTE/BLINDS ***
Kr1b posts ante 40
Djedje123456 posts ante 40
Colargol14 posts ante 40
Ara.Froid551 posts ante 40
C  H posts ante 40
MathisKcr posts ante 40
Kr1b posts small blind 175
Djedje123456 posts big blind 350
Dealt to MathisKcr [3c 8s]
*** PRE-FLOP *** 
Colargol14 folds
Ara.Froid551 raises 5347 to 5697 and is all-in
C  H calls 5697
MathisKcr folds
Kr1b folds
Djedje123456 folds
*** FLOP *** [Kh Ac Tc]
*** TURN *** [Kh Ac Tc][6h]
*** RIVER *** [Kh Ac Tc 6h][2c]
*** SHOW DOWN ***
Ara.Froid551 shows [6s As] (Two pairs : Aces and 6)
C  H shows [Jd Qh] (Straight Ace high)
C  H collected 12159 from pot
*** SUMMARY ***
Total pot 12159 | No rake
Board: [Kh Ac Tc 6h 2c]
Seat 3: Ara.Froid551 showed [6s As] and lost with Two pairs : Aces and 6
Seat 4: C  H showed [Jd Qh] and won 12159 with Straight Ace high


Winamax Poker - Tournament "SPACE KO" buyIn: 0.45€ + 0.05€ level: 4 - HandId: #4523805206525247558-38-1772113821 - Holdem no limit (40/175/350) - 2026/02/26 13:50:21 UTC
Table: 'SPACE KO(1053280478)#0069' 6-max (real money) Seat #6 is the button
Seat 1: Djedje123456 (13428, 0.25€ bounty)
Seat 2: Colargol14 (18905, 0.25€ bounty)
Seat 4: C  H (92345, 0.37€ bounty)
Seat 5: MathisKcr (21939, 0.25€ bounty)
Seat 6: Kr1b (34254, 0.25€ bounty)
*** ANTE/BLINDS ***
Djedje123456 posts ante 40
Colargol14 posts ante 40
C  H posts ante 40
MathisKcr posts ante 40
Kr1b posts ante 40
Djedje123456 posts small blind 175
Colargol14 posts big blind 350
Dealt to MathisKcr [Kh 5d]
*** PRE-FLOP *** 
C  H folds
MathisKcr raises 350 to 700
Kr1b calls 700
Djedje123456 calls 525
Colargol14 calls 350
*** FLOP *** [Ts Kc Ad]
Djedje123456 checks
Colargol14 checks
MathisKcr bets 750
Kr1b folds
Djedje123456 calls 750
Colargol14 folds
*** TURN *** [Ts Kc Ad][Kd]
Djedje123456 checks
MathisKcr bets 1125
Djedje123456 folds
MathisKcr collected 5625 from pot
*** SUMMARY ***
Total pot 5625 | No rake
Board: [Ts Kc Ad Kd]
Seat 5: MathisKcr won 5625


Winamax Poker - Tournament "SPACE KO" buyIn: 0.45€ + 0.05€ level: 4 - HandId: #4523805206525247558-39-1772113898 - Holdem no limit (40/175/350) - 2026/02/26 13:51:38 UTC
Table: 'SPACE KO(1053280478)#0069' 6-max (real money) Seat #1 is the button
Seat 1: Djedje123456 (11938, 0.25€ bounty)
Seat 2: Colargol14 (18165, 0.25€ bounty)
Seat 4: C  H (92305, 0.37€ bounty)
Seat 5: MathisKcr (24949, 0.25€ bounty)
Seat 6: Kr1b (33514, 0.25€ bounty)
*** ANTE/BLINDS ***
Colargol14 posts ante 40
C  H posts ante 40
Djedje123456 posts ante 40
MathisKcr posts ante 40
Kr1b posts ante 40
Colargol14 posts small blind 175
C  H posts big blind 350
Dealt to MathisKcr [Qh 6h]
*** PRE-FLOP *** 
MathisKcr raises 350 to 700
Kr1b calls 700
Djedje123456 folds
Colargol14 calls 525
C  H calls 350
*** FLOP *** [3s 8h Ks]
Colargol14 checks
C  H checks
MathisKcr checks
Kr1b checks
*** TURN *** [3s 8h Ks][3h]
Colargol14 checks
C  H checks
MathisKcr bets 750
Kr1b folds
Colargol14 folds
C  H folds
MathisKcr collected 3750 from pot
*** SUMMARY ***
Total pot 3750 | No rake
Board: [3s 8h Ks 3h]
Seat 5: MathisKcr won 3750


Winamax Poker - Tournament "SPACE KO" buyIn: 0.45€ + 0.05€ level: 4 - HandId: #4523805206525247558-40-1772113971 - Holdem no limit (40/175/350) - 2026/02/26 13:52:51 UTC
Table: 'SPACE KO(1053280478)#0069' 6-max (real money) Seat #2 is the button
Seat 1: Djedje123456 (11898, 0.25€ bounty)
Seat 2: Colargol14 (17425, 0.25€ bounty)
Seat 3: nicokain (20000, 0.25€ bounty)
Seat 4: C  H (91565, 0.37€ bounty)
Seat 5: MathisKcr (27209, 0.25€ bounty)
Seat 6: Kr1b (32774, 0.25€ bounty)
*** ANTE/BLINDS ***
C  H posts ante 40
MathisKcr posts ante 40
Djedje123456 posts ante 40
Colargol14 posts ante 40
Kr1b posts ante 40
C  H posts small blind 175
MathisKcr posts big blind 350
Dealt to MathisKcr [3h 6c]
*** PRE-FLOP *** 
Kr1b folds
Djedje123456 folds
Colargol14 raises 700 to 1050
C  H calls 875
MathisKcr folds
*** FLOP *** [8s As 6d]
C  H checks
Colargol14 bets 1325
C  H calls 1325
*** TURN *** [8s As 6d][Js]
C  H checks
Colargol14 bets 3445
C  H folds
Colargol14 collected 8745 from pot
*** SUMMARY ***
Total pot 8745 | No rake
Board: [8s As 6d Js]
Seat 2: Colargol14 (button) won 8745


Winamax Poker - Tournament "SPACE KO" buyIn: 0.45€ + 0.05€ level: 4 - HandId: #4523805206525247558-41-1772114041 - Holdem no limit (40/175/350) - 2026/02/26 13:54:01 UTC
Table: 'SPACE KO(1053280478)#0069' 6-max (real money) Seat #4 is the button
Seat 1: Djedje123456 (11858, 0.25€ bounty)
Seat 2: Colargol14 (20310, 0.25€ bounty)
Seat 3: nicokain (20000, 0.25€ bounty)
Seat 4: C  H (89150, 0.37€ bounty)
Seat 5: MathisKcr (26819, 0.25€ bounty)
Seat 6: Kr1b (32734, 0.25€ bounty)
*** ANTE/BLINDS ***
MathisKcr posts ante 40
Kr1b posts ante 40
Djedje123456 posts ante 40
Colargol14 posts ante 40
nicokain posts ante 40
C  H posts ante 40
MathisKcr posts small blind 175
Kr1b posts big blind 350
Dealt to MathisKcr [Ts 2d]
*** PRE-FLOP *** 
Djedje123456 raises 350 to 700
Colargol14 folds
nicokain calls 700
C  H calls 700
MathisKcr folds
Kr1b calls 350
*** FLOP *** [2s 9s Td]
Kr1b checks
Djedje123456 bets 1125
nicokain folds
C  H raises 5465 to 6590
Kr1b folds
Djedje123456 folds
C  H collected 10930 from pot
*** SUMMARY ***
Total pot 10930 | No rake
Board: [2s 9s Td]
Seat 4: C  H (button) won 10930


Winamax Poker - Tournament "SPACE KO" buyIn: 0.45€ + 0.05€ level: 5 - HandId: #4523805206525247558-42-1772114460 - Holdem no limit (50/200/400) - 2026/02/26 14:01:00 UTC
Table: 'SPACE KO(1053280478)#0069' 6-max (real money) Seat #5 is the button
Seat 1: Djedje123456 (9993, 0.25€ bounty)
Seat 2: Colargol14 (20270, 0.25€ bounty)
Seat 3: nicokain (19260, 0.25€ bounty)
Seat 4: C  H (92750, 0.37€ bounty)
Seat 5: MathisKcr (26604, 0.25€ bounty)
Seat 6: Kr1b (31994, 0.25€ bounty)
*** ANTE/BLINDS ***
Kr1b posts ante 50
Djedje123456 posts ante 50
Colargol14 posts ante 50
nicokain posts ante 50
C  H posts ante 50
MathisKcr posts ante 50
Kr1b posts small blind 200
Djedje123456 posts big blind 400
Dealt to MathisKcr [9h Qs]
*** PRE-FLOP *** 
Colargol14 folds
nicokain calls 400
C  H folds
MathisKcr raises 400 to 800
Kr1b calls 600
Djedje123456 folds
nicokain calls 400
*** FLOP *** [8h 6h 3s]
Kr1b bets 1085
nicokain folds
MathisKcr calls 1085
*** TURN *** [8h 6h 3s][Jh]
Kr1b checks
MathisKcr bets 1845
Kr1b calls 1845
*** RIVER *** [8h 6h 3s Jh][5d]
Kr1b checks
MathisKcr checks
*** SHOW DOWN ***
MathisKcr shows [9h Qs] (High card : Queen)
Kr1b shows [8d Ad] (One pair : 8)
Kr1b collected 8960 from pot
*** SUMMARY ***
Total pot 8960 | No rake
Board: [8h 6h 3s Jh 5d]
Seat 5: MathisKcr (button) showed [9h Qs] and lost with High card : Queen
Seat 6: Kr1b (small blind) showed [8d Ad] and won 8960 with One pair : 8


Winamax Poker - Tournament "SPACE KO" buyIn: 0.45€ + 0.05€ level: 5 - HandId: #4523805206525247558-43-1772114545 - Holdem no limit (50/200/400) - 2026/02/26 14:02:25 UTC
Table: 'SPACE KO(1053280478)#0069' 6-max (real money) Seat #6 is the button
Seat 1: Djedje123456 (9543, 0.25€ bounty)
Seat 2: Colargol14 (20220, 0.25€ bounty)
Seat 3: nicokain (18410, 0.25€ bounty)
Seat 4: C  H (92700, 0.37€ bounty)
Seat 5: MathisKcr (22824, 0.25€ bounty)
Seat 6: Kr1b (37174, 0.25€ bounty)
*** ANTE/BLINDS ***
Djedje123456 posts ante 50
Colargol14 posts ante 50
nicokain posts ante 50
C  H posts ante 50
MathisKcr posts ante 50
Kr1b posts ante 50
Djedje123456 posts small blind 200
Colargol14 posts big blind 400
Dealt to MathisKcr [3s Qd]
*** PRE-FLOP *** 
nicokain folds
C  H folds
MathisKcr folds
Kr1b folds
Djedje123456 calls 200
Colargol14 checks
*** FLOP *** [Kd Jd As]
Djedje123456 checks
Colargol14 checks
*** TURN *** [Kd Jd As][9h]
Djedje123456 bets 400
Colargol14 folds
Djedje123456 collected 1500 from pot
*** SUMMARY ***
Total pot 1500 | No rake
Board: [Kd Jd As 9h]
Seat 1: Djedje123456 (small blind) won 1500


Winamax Poker - Tournament "SPACE KO" buyIn: 0.45€ + 0.05€ level: 5 - HandId: #4523805206525247558-44-1772114584 - Holdem no limit (50/200/400) - 2026/02/26 14:03:04 UTC
Table: 'SPACE KO(1053280478)#0069' 6-max (real money) Seat #1 is the button
Seat 1: Djedje123456 (10193, 0.25€ bounty)
Seat 2: Colargol14 (19770, 0.25€ bounty)
Seat 3: nicokain (18360, 0.25€ bounty)
Seat 4: C  H (92650, 0.37€ bounty)
Seat 5: MathisKcr (22774, 0.25€ bounty)
Seat 6: Kr1b (37124, 0.25€ bounty)
*** ANTE/BLINDS ***
Colargol14 posts ante 50
nicokain posts ante 50
Djedje123456 posts ante 50
C  H posts ante 50
MathisKcr posts ante 50
Kr1b posts ante 50
Colargol14 posts small blind 200
nicokain posts big blind 400
Dealt to MathisKcr [3c Ah]
*** PRE-FLOP *** 
C  H folds
MathisKcr raises 400 to 800
Kr1b calls 800
Djedje123456 calls 800
Colargol14 folds
nicokain folds
*** FLOP *** [5h Ac 6c]
MathisKcr checks
Kr1b checks
Djedje123456 checks
*** TURN *** [5h Ac 6c][9d]
MathisKcr bets 825
Kr1b folds
Djedje123456 folds
MathisKcr collected 4125 from pot
*** SUMMARY ***
Total pot 4125 | No rake
Board: [5h Ac 6c 9d]
Seat 5: MathisKcr won 4125


Winamax Poker - Tournament "SPACE KO" buyIn: 0.45€ + 0.05€ level: 5 - HandId: #4523805206525247558-45-1772114654 - Holdem no limit (50/200/400) - 2026/02/26 14:04:14 UTC
Table: 'SPACE KO(1053280478)#0069' 6-max (real money) Seat #2 is the button
Seat 1: Djedje123456 (9343, 0.25€ bounty)
Seat 2: Colargol14 (19520, 0.25€ bounty)
Seat 3: nicokain (17910, 0.25€ bounty)
Seat 4: C  H (92600, 0.37€ bounty)
Seat 5: MathisKcr (25224, 0.25€ bounty)
Seat 6: Kr1b (36274, 0.25€ bounty)
*** ANTE/BLINDS ***
nicokain posts ante 50
C  H posts ante 50
Djedje123456 posts ante 50
Colargol14 posts ante 50
MathisKcr posts ante 50
Kr1b posts ante 50
nicokain posts small blind 200
C  H posts big blind 400
Dealt to MathisKcr [Jc 5d]
*** PRE-FLOP *** 
MathisKcr folds
Kr1b folds
Djedje123456 folds
Colargol14 raises 800 to 1200
nicokain calls 1000
C  H raises 3600 to 4800
Colargol14 calls 3600
nicokain calls 3600
*** FLOP *** [9h 9d Td]
nicokain bets 13060 and is all-in
C  H folds
Colargol14 folds
nicokain shows [6d 8d] (One pair : 9)
nicokain collected 27760 from pot
*** SUMMARY ***
Total pot 27760 | No rake
Board: [9h 9d Td]
Seat 3: nicokain (small blind) showed [6d 8d] and won 27760 with One pair : 9


Winamax Poker - Tournament "SPACE KO" buyIn: 0.45€ + 0.05€ level: 5 - HandId: #4523805206525247558-46-1772114716 - Holdem no limit (50/200/400) - 2026/02/26 14:05:16 UTC
Table: 'SPACE KO(1053280478)#0069' 6-max (real money) Seat #3 is the button
Seat 1: Djedje123456 (9293, 0.25€ bounty)
Seat 2: Colargol14 (14670, 0.25€ bounty)
Seat 3: nicokain (27760, 0.25€ bounty)
Seat 4: C  H (87750, 0.37€ bounty)
Seat 5: MathisKcr (25174, 0.25€ bounty)
Seat 6: Kr1b (36224, 0.25€ bounty)
*** ANTE/BLINDS ***
C  H posts ante 50
MathisKcr posts ante 50
Djedje123456 posts ante 50
Colargol14 posts ante 50
nicokain posts ante 50
Kr1b posts ante 50
C  H posts small blind 200
MathisKcr posts big blind 400
Dealt to MathisKcr [9s Tc]
*** PRE-FLOP *** 
Kr1b raises 400 to 800
Djedje123456 folds
Colargol14 folds
nicokain folds
C  H folds
MathisKcr calls 400
*** FLOP *** [Ac 3c 8c]
MathisKcr checks
Kr1b bets 1365
MathisKcr calls 1365
*** TURN *** [Ac 3c 8c][7s]
MathisKcr checks
Kr1b checks
*** RIVER *** [Ac 3c 8c 7s][Kc]
MathisKcr bets 1691
Kr1b calls 1691
*** SHOW DOWN ***
Kr1b shows [Ks Jd] (One pair : Kings)
MathisKcr shows [9s Tc] (Flush Ace high)
MathisKcr collected 8212 from pot
*** SUMMARY ***
Total pot 8212 | No rake
Board: [Ac 3c 8c 7s Kc]
Seat 5: MathisKcr (big blind) showed [9s Tc] and won 8212 with Flush Ace high
Seat 6: Kr1b showed [Ks Jd] and lost with One pair : Kings


Winamax Poker - Tournament "SPACE KO" buyIn: 0.45€ + 0.05€ level: 5 - HandId: #4523805206525247558-47-1772114792 - Holdem no limit (50/200/400) - 2026/02/26 14:06:32 UTC
Table: 'SPACE KO(1053280478)#0069' 6-max (real money) Seat #4 is the button
Seat 1: Djedje123456 (9243, 0.25€ bounty)
Seat 2: Colargol14 (14620, 0.25€ bounty)
Seat 3: nicokain (27710, 0.25€ bounty)
Seat 4: C  H (87500, 0.37€ bounty)
Seat 5: MathisKcr (29480, 0.25€ bounty)
Seat 6: Kr1b (32318, 0.25€ bounty)
*** ANTE/BLINDS ***
MathisKcr posts ante 50
Kr1b posts ante 50
Djedje123456 posts ante 50
Colargol14 posts ante 50
nicokain posts ante 50
C  H posts ante 50
MathisKcr posts small blind 200
Kr1b posts big blind 400
Dealt to MathisKcr [3h 7s]
*** PRE-FLOP *** 
Djedje123456 raises 400 to 800
Colargol14 calls 800
nicokain folds
C  H folds
MathisKcr folds
Kr1b raises 400 to 1200
Djedje123456 raises 7993 to 9193 and is all-in
Colargol14 folds
Kr1b calls 7993
*** FLOP *** [3c 2h Jc]
*** TURN *** [3c 2h Jc][8s]
*** RIVER *** [3c 2h Jc 8s][4d]
*** SHOW DOWN ***
Kr1b shows [Kh Th] (High card : King)
Djedje123456 shows [As Ad] (One pair : Aces)
Djedje123456 collected 19686 from pot
*** SUMMARY ***
Total pot 19686 | No rake
Board: [3c 2h Jc 8s 4d]
Seat 1: Djedje123456 showed [As Ad] and won 19686 with One pair : Aces
Seat 6: Kr1b (big blind) showed [Kh Th] and lost with High card : King


Winamax Poker - Tournament "SPACE KO" buyIn: 0.45€ + 0.05€ level: 5 - HandId: #4523805206525247558-48-1772114857 - Holdem no limit (50/200/400) - 2026/02/26 14:07:37 UTC
Table: 'SPACE KO(1053280478)#0069' 6-max (real money) Seat #5 is the button
Seat 1: Djedje123456 (19686, 0.25€ bounty)
Seat 2: Colargol14 (13770, 0.25€ bounty)
Seat 3: nicokain (27660, 0.25€ bounty)
Seat 4: C  H (87450, 0.37€ bounty)
Seat 5: MathisKcr (29230, 0.25€ bounty)
Seat 6: Kr1b (23075, 0.25€ bounty)
*** ANTE/BLINDS ***
Kr1b posts ante 50
Djedje123456 posts ante 50
Colargol14 posts ante 50
nicokain posts ante 50
C  H posts ante 50
MathisKcr posts ante 50
Kr1b posts small blind 200
Djedje123456 posts big blind 400
Dealt to MathisKcr [6d 5s]
*** PRE-FLOP *** 
Colargol14 folds
nicokain folds
C  H folds
MathisKcr raises 400 to 800
Kr1b calls 600
Djedje123456 calls 400
*** FLOP *** [Jd 6s 9h]
Kr1b bets 945
Djedje123456 calls 945
MathisKcr folds
*** TURN *** [Jd 6s 9h][Ah]
Kr1b bets 2984
Djedje123456 folds
Kr1b collected 7574 from pot
*** SUMMARY ***
Total pot 7574 | No rake
Board: [Jd 6s 9h Ah]
Seat 6: Kr1b (small blind) won 7574


Winamax Poker - Tournament "SPACE KO" buyIn: 0.45€ + 0.05€ level: 5 - HandId: #4523805206525247558-49-1772114915 - Holdem no limit (50/200/400) - 2026/02/26 14:08:35 UTC
Table: 'SPACE KO(1053280478)#0069' 6-max (real money) Seat #6 is the button
Seat 1: Djedje123456 (17891, 0.25€ bounty)
Seat 2: Colargol14 (13720, 0.25€ bounty)
Seat 3: nicokain (27610, 0.25€ bounty)
Seat 4: C  H (87400, 0.37€ bounty)
Seat 5: MathisKcr (28380, 0.25€ bounty)
Seat 6: Kr1b (25870, 0.25€ bounty)
*** ANTE/BLINDS ***
Djedje123456 posts ante 50
Colargol14 posts ante 50
nicokain posts ante 50
C  H posts ante 50
MathisKcr posts ante 50
Kr1b posts ante 50
Djedje123456 posts small blind 200
Colargol14 posts big blind 400
Dealt to MathisKcr [Ks 9c]
*** PRE-FLOP *** 
nicokain folds
C  H folds
MathisKcr raises 400 to 800
Kr1b folds
Djedje123456 folds
Colargol14 folds
MathisKcr collected 1700 from pot
*** SUMMARY ***
Total pot 1700 | No rake
Seat 5: MathisKcr won 1700


Winamax Poker - Tournament "SPACE KO" buyIn: 0.45€ + 0.05€ level: 5 - HandId: #4523805206525247558-50-1772114934 - Holdem no limit (50/200/400) - 2026/02/26 14:08:54 UTC
Table: 'SPACE KO(1053280478)#0069' 6-max (real money) Seat #1 is the button
Seat 1: Djedje123456 (17641, 0.25€ bounty)
Seat 2: Colargol14 (13270, 0.25€ bounty)
Seat 3: nicokain (27560, 0.25€ bounty)
Seat 4: C  H (87350, 0.37€ bounty)
Seat 5: MathisKcr (29230, 0.25€ bounty)
Seat 6: Kr1b (25820, 0.25€ bounty)
*** ANTE/BLINDS ***
Colargol14 posts ante 50
nicokain posts ante 50
Djedje123456 posts ante 50
C  H posts ante 50
MathisKcr posts ante 50
Kr1b posts ante 50
Colargol14 posts small blind 200
nicokain posts big blind 400
Dealt to MathisKcr [4c Ks]
*** PRE-FLOP *** 
C  H folds
MathisKcr folds
Kr1b raises 400 to 800
Djedje123456 calls 800
Colargol14 raises 1600 to 2400
nicokain raises 3600 to 6000
Kr1b folds
Djedje123456 folds
Colargol14 raises 3600 to 9600
nicokain calls 3600
*** FLOP *** [6s 8s Kh]
Colargol14 bets 400
nicokain raises 7405 to 7805
Colargol14 calls 3220 and is all-in
*** TURN *** [6s 8s Kh][Qs]
*** RIVER *** [6s 8s Kh Qs][2d]
*** SHOW DOWN ***
Colargol14 shows [Ad Ac] (One pair : Aces)
nicokain shows [Th Qh] (One pair : Queens)
nicokain collected 4185 from side pot 1
Colargol14 collected 28340 from main pot
*** SUMMARY ***
Total pot 32525 | No rake
Board: [6s 8s Kh Qs 2d]
Seat 2: Colargol14 (small blind) showed [Ad Ac] and won 28340 with One pair : Aces
Seat 3: nicokain (big blind) showed [Th Qh] and won 4185 with One pair : Queens


Winamax Poker - Tournament "SPACE KO" buyIn: 0.45€ + 0.05€ level: 6 - HandId: #4523805206525247558-51-1772115016 - Holdem no limit (60/250/500) - 2026/02/26 14:10:16 UTC
Table: 'SPACE KO(1053280478)#0069' 6-max (real money) Seat #2 is the button
Seat 1: Djedje123456 (16791, 0.25€ bounty)
Seat 2: Colargol14 (28340, 0.25€ bounty)
Seat 3: nicokain (14290, 0.25€ bounty)
Seat 4: C  H (87300, 0.37€ bounty)
Seat 5: MathisKcr (29180, 0.25€ bounty)
Seat 6: Kr1b (24970, 0.25€ bounty)
*** ANTE/BLINDS ***
nicokain posts ante 60
C  H posts ante 60
Djedje123456 posts ante 60
Colargol14 posts ante 60
MathisKcr posts ante 60
Kr1b posts ante 60
nicokain posts small blind 250
C  H posts big blind 500
Dealt to MathisKcr [Th 5d]
*** PRE-FLOP *** 
MathisKcr folds
Kr1b raises 750 to 1250
Djedje123456 calls 1250
Colargol14 folds
nicokain raises 12980 to 14230 and is all-in
C  H folds
Kr1b raises 10680 to 24910 and is all-in
Djedje123456 folds
*** FLOP *** [6c 7h Qh]
*** TURN *** [6c 7h Qh][4d]
*** RIVER *** [6c 7h Qh 4d][8c]
*** SHOW DOWN ***
nicokain shows [6s 6h] (Trips of 6)
Kr1b shows [Tc As] (High card : Ace)
Kr1b collected 10680 from side pot 1
nicokain collected 30570 from main pot
*** SUMMARY ***
Total pot 41250 | No rake
Board: [6c 7h Qh 4d 8c]
Seat 3: nicokain (small blind) showed [6s 6h] and won 30570 with Trips of 6
Seat 6: Kr1b showed [Tc As] and won 10680 with High card : Ace


Winamax Poker - Tournament "SPACE KO" buyIn: 0.45€ + 0.05€ level: 6 - HandId: #4523805206525247558-52-1772115065 - Holdem no limit (60/250/500) - 2026/02/26 14:11:05 UTC
Table: 'SPACE KO(1053280478)#0069' 6-max (real money) Seat #3 is the button
Seat 1: Djedje123456 (15481, 0.25€ bounty)
Seat 2: Colargol14 (28280, 0.25€ bounty)
Seat 3: nicokain (30570, 0.25€ bounty)
Seat 4: C  H (86740, 0.37€ bounty)
Seat 5: MathisKcr (29120, 0.25€ bounty)
Seat 6: Kr1b (10680, 0.25€ bounty)
*** ANTE/BLINDS ***
C  H posts ante 60
MathisKcr posts ante 60
Djedje123456 posts ante 60
Colargol14 posts ante 60
nicokain posts ante 60
Kr1b posts ante 60
C  H posts small blind 250
MathisKcr posts big blind 500
Dealt to MathisKcr [Th As]
*** PRE-FLOP *** 
Kr1b folds
Djedje123456 folds
Colargol14 folds
nicokain folds
C  H folds
MathisKcr collected 1110 from pot
*** SUMMARY ***
Total pot 1110 | No rake
Seat 5: MathisKcr (big blind) won 1110


Winamax Poker - Tournament "SPACE KO" buyIn: 0.45€ + 0.05€ level: 6 - HandId: #4523805206525247558-53-1772115087 - Holdem no limit (60/250/500) - 2026/02/26 14:11:27 UTC
Table: 'SPACE KO(1053280478)#0069' 6-max (real money) Seat #4 is the button
Seat 1: Djedje123456 (15421, 0.25€ bounty)
Seat 2: Colargol14 (28220, 0.25€ bounty)
Seat 3: nicokain (30510, 0.25€ bounty)
Seat 4: C  H (86430, 0.37€ bounty)
Seat 5: MathisKcr (29670, 0.25€ bounty)
Seat 6: Kr1b (10620, 0.25€ bounty)
*** ANTE/BLINDS ***
MathisKcr posts ante 60
Kr1b posts ante 60
Djedje123456 posts ante 60
Colargol14 posts ante 60
nicokain posts ante 60
C  H posts ante 60
MathisKcr posts small blind 250
Kr1b posts big blind 500
Dealt to MathisKcr [6s Jh]
*** PRE-FLOP *** 
Djedje123456 folds
Colargol14 folds
nicokain folds
C  H folds
MathisKcr raises 500 to 1000
Kr1b raises 9560 to 10560 and is all-in
MathisKcr folds
Kr1b collected 11920 from pot
*** SUMMARY ***
Total pot 11920 | No rake
Seat 6: Kr1b (big blind) won 11920


Winamax Poker - Tournament "SPACE KO" buyIn: 0.45€ + 0.05€ level: 6 - HandId: #4523805206525247558-54-1772115125 - Holdem no limit (60/250/500) - 2026/02/26 14:12:05 UTC
Table: 'SPACE KO(1053280478)#0069' 6-max (real money) Seat #5 is the button
Seat 1: Djedje123456 (15361, 0.25€ bounty)
Seat 2: Colargol14 (28160, 0.25€ bounty)
Seat 3: nicokain (30450, 0.25€ bounty)
Seat 4: C  H (86370, 0.37€ bounty)
Seat 5: MathisKcr (28610, 0.25€ bounty)
Seat 6: Kr1b (11920, 0.25€ bounty)
*** ANTE/BLINDS ***
Kr1b posts ante 60
Djedje123456 posts ante 60
Colargol14 posts ante 60
nicokain posts ante 60
C  H posts ante 60
MathisKcr posts ante 60
Kr1b posts small blind 250
Djedje123456 posts big blind 500
Dealt to MathisKcr [4s 7h]
*** PRE-FLOP *** 
Colargol14 folds
nicokain folds
C  H raises 625 to 1125
MathisKcr folds
Kr1b folds
Djedje123456 folds
C  H collected 2235 from pot
*** SUMMARY ***
Total pot 2235 | No rake
Seat 4: C  H won 2235


Winamax Poker - Tournament "SPACE KO" buyIn: 0.45€ + 0.05€ level: 6 - HandId: #4523805206525247558-55-1772115149 - Holdem no limit (60/250/500) - 2026/02/26 14:12:29 UTC
Table: 'SPACE KO(1053280478)#0069' 6-max (real money) Seat #6 is the button
Seat 1: Djedje123456 (14801, 0.25€ bounty)
Seat 2: Colargol14 (28100, 0.25€ bounty)
Seat 3: nicokain (30390, 0.25€ bounty)
Seat 4: C  H (87420, 0.37€ bounty)
Seat 5: MathisKcr (28550, 0.25€ bounty)
Seat 6: Kr1b (11610, 0.25€ bounty)
*** ANTE/BLINDS ***
Djedje123456 posts ante 60
Colargol14 posts ante 60
nicokain posts ante 60
C  H posts ante 60
MathisKcr posts ante 60
Kr1b posts ante 60
Djedje123456 posts small blind 250
Colargol14 posts big blind 500
Dealt to MathisKcr [4s 3c]
*** PRE-FLOP *** 
nicokain folds
C  H raises 625 to 1125
MathisKcr folds
Kr1b calls 1125
Djedje123456 folds
Colargol14 folds
*** FLOP *** [As 2s Ad]
C  H bets 1176
Kr1b raises 1176 to 2352
C  H calls 1176
*** TURN *** [As 2s Ad][8h]
C  H checks
Kr1b bets 8073 and is all-in
C  H calls 8073
*** RIVER *** [As 2s Ad 8h][Jh]
*** SHOW DOWN ***
Kr1b shows [Qd Kh] (One pair : Aces)
C  H shows [Kc Ks] (Two pairs : Aces and Kings)
C  H collected 24210 from pot
*** SUMMARY ***
Total pot 24210 | No rake
Board: [As 2s Ad 8h Jh]
Seat 4: C  H showed [Kc Ks] and won 24210 with Two pairs : Aces and Kings
Seat 6: Kr1b (button) showed [Qd Kh] and lost with One pair : Aces


Winamax Poker - Tournament "SPACE KO" buyIn: 0.45€ + 0.05€ level: 6 - HandId: #4523805206525247558-56-1772115218 - Holdem no limit (60/250/500) - 2026/02/26 14:13:38 UTC
Table: 'SPACE KO(1053280478)#0069' 6-max (real money) Seat #1 is the button
Seat 1: Djedje123456 (14491, 0.25€ bounty)
Seat 2: Colargol14 (27540, 0.25€ bounty)
Seat 3: nicokain (30330, 0.25€ bounty)
Seat 4: C  H (100020, 0.42€ bounty)
Seat 5: MathisKcr (28490, 0.25€ bounty)
*** ANTE/BLINDS ***
Colargol14 posts ante 60
nicokain posts ante 60
Djedje123456 posts ante 60
C  H posts ante 60
MathisKcr posts ante 60
Colargol14 posts small blind 250
nicokain posts big blind 500
Dealt to MathisKcr [3c 5s]
*** PRE-FLOP *** 
C  H folds
MathisKcr folds
Djedje123456 raises 750 to 1250
Colargol14 folds
nicokain raises 2500 to 3750
Djedje123456 calls 2500
*** FLOP *** [2s 8c Qs]
nicokain bets 750
Djedje123456 calls 750
*** TURN *** [2s 8c Qs][Qh]
nicokain checks
Djedje123456 bets 3343
nicokain folds
Djedje123456 collected 12893 from pot
*** SUMMARY ***
Total pot 12893 | No rake
Board: [2s 8c Qs Qh]
Seat 1: Djedje123456 (button) won 12893


Winamax Poker - Tournament "SPACE KO" buyIn: 0.45€ + 0.05€ level: 6 - HandId: #4523805206525247558-57-1772115323 - Holdem no limit (60/250/500) - 2026/02/26 14:15:23 UTC
Table: 'SPACE KO(1053280478)#0069' 6-max (real money) Seat #2 is the button
Seat 1: Djedje123456 (19481, 0.25€ bounty)
Seat 2: Colargol14 (27230, 0.25€ bounty)
Seat 3: nicokain (25770, 0.25€ bounty)
Seat 4: C  H (99960, 0.42€ bounty)
Seat 5: MathisKcr (28430, 0.25€ bounty)
Seat 6: Bart2050 (20000, 0.25€ bounty)
*** ANTE/BLINDS ***
nicokain posts ante 60
C  H posts ante 60
Djedje123456 posts ante 60
Colargol14 posts ante 60
MathisKcr posts ante 60
Bart2050 posts ante 60
nicokain posts small blind 250
C  H posts big blind 500
Dealt to MathisKcr [8h Ts]
*** PRE-FLOP *** 
MathisKcr folds
Bart2050 raises 4146 to 4646
Djedje123456 folds
Colargol14 folds
nicokain folds
C  H folds
Bart2050 collected 5756 from pot
*** SUMMARY ***
Total pot 5756 | No rake
Seat 6: Bart2050 won 5756


Winamax Poker - Tournament "SPACE KO" buyIn: 0.45€ + 0.05€ level: 6 - HandId: #4523805206525247558-58-1772115351 - Holdem no limit (60/250/500) - 2026/02/26 14:15:51 UTC
Table: 'SPACE KO(1053280478)#0069' 6-max (real money) Seat #3 is the button
Seat 1: Djedje123456 (19421, 0.25€ bounty)
Seat 2: Colargol14 (27170, 0.25€ bounty)
Seat 3: nicokain (25460, 0.25€ bounty)
Seat 4: C  H (99400, 0.42€ bounty)
Seat 5: MathisKcr (28370, 0.25€ bounty)
Seat 6: Bart2050 (21050, 0.25€ bounty)
*** ANTE/BLINDS ***
C  H posts ante 60
MathisKcr posts ante 60
Djedje123456 posts ante 60
Colargol14 posts ante 60
nicokain posts ante 60
Bart2050 posts ante 60
C  H posts small blind 250
MathisKcr posts big blind 500
Dealt to MathisKcr [3h Ah]
*** PRE-FLOP *** 
Bart2050 calls 500
Djedje123456 folds
Colargol14 folds
nicokain folds
C  H folds
MathisKcr raises 500 to 1000
Bart2050 calls 500
*** FLOP *** [8h Ac 3c]
MathisKcr bets 653
Bart2050 folds
MathisKcr collected 3263 from pot
*** SUMMARY ***
Total pot 3263 | No rake
Board: [8h Ac 3c]
Seat 5: MathisKcr (big blind) won 3263


Winamax Poker - Tournament "SPACE KO" buyIn: 0.45€ + 0.05€ level: 6 - HandId: #4523805206525247558-59-1772115391 - Holdem no limit (60/250/500) - 2026/02/26 14:16:31 UTC
Table: 'SPACE KO(1053280478)#0069' 6-max (real money) Seat #4 is the button
Seat 1: Djedje123456 (19361, 0.25€ bounty)
Seat 2: Colargol14 (27110, 0.25€ bounty)
Seat 3: nicokain (25400, 0.25€ bounty)
Seat 4: C  H (99090, 0.42€ bounty)
Seat 5: MathisKcr (29920, 0.25€ bounty)
Seat 6: Bart2050 (19990, 0.25€ bounty)
*** ANTE/BLINDS ***
MathisKcr posts ante 60
Bart2050 posts ante 60
Djedje123456 posts ante 60
Colargol14 posts ante 60
nicokain posts ante 60
C  H posts ante 60
MathisKcr posts small blind 250
Bart2050 posts big blind 500
Dealt to MathisKcr [8s 6d]
*** PRE-FLOP *** 
Djedje123456 folds
Colargol14 raises 500 to 1000
nicokain folds
C  H folds
MathisKcr folds
Bart2050 calls 500
*** FLOP *** [5d 5c 7s]
Bart2050 checks
Colargol14 bets 1305
Bart2050 calls 1305
*** TURN *** [5d 5c 7s][9d]
Bart2050 checks
Colargol14 checks
*** RIVER *** [5d 5c 7s 9d][4d]
Bart2050 bets 17625 and is all-in
Colargol14 folds
Bart2050 collected 22845 from pot
*** SUMMARY ***
Total pot 22845 | No rake
Board: [5d 5c 7s 9d 4d]
Seat 6: Bart2050 (big blind) won 22845


Winamax Poker - Tournament "SPACE KO" buyIn: 0.45€ + 0.05€ level: 7 - HandId: #4523805206525247558-60-1772115456 - Holdem no limit (70/300/600) - 2026/02/26 14:17:36 UTC
Table: 'SPACE KO(1053280478)#0069' 6-max (real money) Seat #5 is the button
Seat 1: Djedje123456 (19301, 0.25€ bounty)
Seat 2: Colargol14 (24745, 0.25€ bounty)
Seat 3: nicokain (25340, 0.25€ bounty)
Seat 4: C  H (99030, 0.42€ bounty)
Seat 5: MathisKcr (29610, 0.25€ bounty)
Seat 6: Bart2050 (22845, 0.25€ bounty)
*** ANTE/BLINDS ***
Bart2050 posts ante 70
Djedje123456 posts ante 70
Colargol14 posts ante 70
nicokain posts ante 70
C  H posts ante 70
MathisKcr posts ante 70
Bart2050 posts small blind 300
Djedje123456 posts big blind 600
Dealt to MathisKcr [Td Th]
*** PRE-FLOP *** 
Colargol14 folds
nicokain folds
C  H folds
MathisKcr raises 600 to 1200
Bart2050 raises 21575 to 22775 and is all-in
Djedje123456 folds
MathisKcr calls 21575
*** FLOP *** [Tc 7d Kh]
*** TURN *** [Tc 7d Kh][Jh]
*** RIVER *** [Tc 7d Kh Jh][2s]
*** SHOW DOWN ***
Bart2050 shows [Ah Kd] (One pair : Kings)
MathisKcr shows [Td Th] (Trips of Tens)
MathisKcr collected 46570 from pot
*** SUMMARY ***
Total pot 46570 | No rake
Board: [Tc 7d Kh Jh 2s]
Seat 5: MathisKcr (button) showed [Td Th] and won 46570 with Trips of Tens
Seat 6: Bart2050 (small blind) showed [Ah Kd] and lost with One pair : Kings


Winamax Poker - Tournament "SPACE KO" buyIn: 0.45€ + 0.05€ level: 7 - HandId: #4523805206525247550-70-1772115544 - Holdem no limit (70/300/600) - 2026/02/26 14:19:04 UTC
Table: 'SPACE KO(1053280478)#0061' 6-max (real money) Seat #4 is the button
Seat 1: Bet2shov (42629, 0.30€ bounty)
Seat 2: MathisKcr (53335, 0.50€ bounty)
Seat 3: kalefouete (80231, 0.25€ bounty)
Seat 4: jackpot1974 (32078, 0.70€ bounty)
Seat 5: Vegetaxe (101164, 1.07€ bounty)
Seat 6: Play4Gaia (17988, 0.30€ bounty)
*** ANTE/BLINDS ***
Vegetaxe posts ante 70
Play4Gaia posts ante 70
Bet2shov posts ante 70
MathisKcr posts ante 70
kalefouete posts ante 70
jackpot1974 posts ante 70
Vegetaxe posts small blind 300
Play4Gaia posts big blind 600
Dealt to MathisKcr [2c Qs]
*** PRE-FLOP *** 
Bet2shov folds
MathisKcr folds
kalefouete folds
jackpot1974 raises 1200 to 1800
Vegetaxe folds
Play4Gaia folds
jackpot1974 collected 3120 from pot
*** SUMMARY ***
Total pot 3120 | No rake
Seat 4: jackpot1974 (button) won 3120


Winamax Poker - Tournament "SPACE KO" buyIn: 0.45€ + 0.05€ level: 8 - HandId: #4523805206525247550-79-1772116031 - Holdem no limit (80/350/700) - 2026/02/26 14:27:11 UTC
Table: 'SPACE KO(1053280478)#0061' 6-max (real money) Seat #1 is the button
Seat 1: Bet2shov (40919, 0.30€ bounty)
Seat 2: MathisKcr (53605, 0.50€ bounty)
Seat 3: kalefouete (77201, 0.25€ bounty)
Seat 5: Vegetaxe (136792, 1.77€ bounty)
Seat 6: Play4Gaia (18908, 0.30€ bounty)
*** ANTE/BLINDS ***
MathisKcr posts ante 80
kalefouete posts ante 80
Bet2shov posts ante 80
Vegetaxe posts ante 80
Play4Gaia posts ante 80
MathisKcr posts small blind 350
kalefouete posts big blind 700
Dealt to MathisKcr [Ac 6h]
*** PRE-FLOP *** 
Vegetaxe calls 700
Play4Gaia folds
Bet2shov folds
MathisKcr raises 700 to 1400
kalefouete folds
Vegetaxe calls 700
*** FLOP *** [6d Ks 7c]
MathisKcr bets 1365
Vegetaxe calls 1365
*** TURN *** [6d Ks 7c][6c]
MathisKcr bets 1658
Vegetaxe folds
MathisKcr collected 8288 from pot
*** SUMMARY ***
Total pot 8288 | No rake
Board: [6d Ks 7c 6c]
Seat 2: MathisKcr (small blind) won 8288


Winamax Poker - Tournament "SPACE KO" buyIn: 0.45€ + 0.05€ level: 8 - HandId: #4523805206525247550-80-1772116088 - Holdem no limit (80/350/700) - 2026/02/26 14:28:08 UTC
Table: 'SPACE KO(1053280478)#0061' 6-max (real money) Seat #2 is the button
Seat 1: Bet2shov (40839, 0.30€ bounty)
Seat 2: MathisKcr (57390, 0.50€ bounty)
Seat 3: kalefouete (76421, 0.25€ bounty)
Seat 5: Vegetaxe (133947, 1.77€ bounty)
Seat 6: Play4Gaia (18828, 0.30€ bounty)
*** ANTE/BLINDS ***
kalefouete posts ante 80
Vegetaxe posts ante 80
Bet2shov posts ante 80
MathisKcr posts ante 80
Play4Gaia posts ante 80
kalefouete posts small blind 350
Vegetaxe posts big blind 700
Dealt to MathisKcr [Tc 7s]
*** PRE-FLOP *** 
Play4Gaia folds
Bet2shov folds
MathisKcr raises 700 to 1400
kalefouete folds
Vegetaxe calls 700
*** FLOP *** [Jh Kh 8d]
Vegetaxe checks
MathisKcr bets 1775
Vegetaxe folds
MathisKcr collected 5325 from pot
*** SUMMARY ***
Total pot 5325 | No rake
Board: [Jh Kh 8d]
Seat 2: MathisKcr (button) won 5325


Winamax Poker - Tournament "SPACE KO" buyIn: 0.45€ + 0.05€ level: 8 - HandId: #4523805206525247550-81-1772116129 - Holdem no limit (80/350/700) - 2026/02/26 14:28:49 UTC
Table: 'SPACE KO(1053280478)#0061' 6-max (real money) Seat #3 is the button
Seat 1: Bet2shov (40759, 0.30€ bounty)
Seat 2: MathisKcr (59460, 0.50€ bounty)
Seat 3: kalefouete (75991, 0.25€ bounty)
Seat 4: Rafcc (20000, 0.25€ bounty)
Seat 5: Vegetaxe (132467, 1.77€ bounty)
Seat 6: Play4Gaia (18748, 0.30€ bounty)
*** ANTE/BLINDS ***
Vegetaxe posts ante 80
Play4Gaia posts ante 80
Bet2shov posts ante 80
MathisKcr posts ante 80
kalefouete posts ante 80
Vegetaxe posts small blind 350
Play4Gaia posts big blind 700
Dealt to MathisKcr [8d Js]
*** PRE-FLOP *** 
Bet2shov calls 700
MathisKcr raises 700 to 1400
kalefouete calls 1400
Vegetaxe calls 1050
Play4Gaia folds
Bet2shov calls 700
*** FLOP *** [8c 4h 4s]
Vegetaxe bets 1675
Bet2shov folds
MathisKcr calls 1675
kalefouete folds
*** TURN *** [8c 4h 4s][7c]
Vegetaxe checks
MathisKcr bets 5025
Vegetaxe calls 5025
*** RIVER *** [8c 4h 4s 7c][5d]
Vegetaxe checks
MathisKcr checks
*** SHOW DOWN ***
MathisKcr shows [8d Js] (Two pairs : 8 and 4)
Vegetaxe shows [8h 8s] (Full of 8 and 4)
Vegetaxe collected 20100 from pot
*** SUMMARY ***
Total pot 20100 | No rake
Board: [8c 4h 4s 7c 5d]
Seat 2: MathisKcr showed [8d Js] and lost with Two pairs : 8 and 4
Seat 5: Vegetaxe (small blind) showed [8h 8s] and won 20100 with Full of 8 and 4


Winamax Poker - Tournament "SPACE KO" buyIn: 0.45€ + 0.05€ level: 8 - HandId: #4523805206525247550-82-1772116207 - Holdem no limit (80/350/700) - 2026/02/26 14:30:07 UTC
Table: 'SPACE KO(1053280478)#0061' 6-max (real money) Seat #5 is the button
Seat 1: Bet2shov (39279, 0.30€ bounty)
Seat 2: MathisKcr (51280, 0.50€ bounty)
Seat 3: kalefouete (74511, 0.25€ bounty)
Seat 4: Rafcc (20000, 0.25€ bounty)
Seat 5: Vegetaxe (144387, 1.77€ bounty)
Seat 6: Play4Gaia (17968, 0.30€ bounty)
*** ANTE/BLINDS ***
Play4Gaia posts ante 80
Bet2shov posts ante 80
MathisKcr posts ante 80
kalefouete posts ante 80
Rafcc posts ante 80
Vegetaxe posts ante 80
Play4Gaia posts small blind 350
Bet2shov posts big blind 700
Dealt to MathisKcr [Ac 5d]
*** PRE-FLOP *** 
MathisKcr raises 700 to 1400
kalefouete calls 1400
Rafcc folds
Vegetaxe calls 1400
Play4Gaia calls 1050
Bet2shov folds
*** FLOP *** [4h 8c 5c]
Play4Gaia bets 700
MathisKcr raises 1750 to 2450
kalefouete folds
Vegetaxe folds
Play4Gaia calls 1750
*** TURN *** [4h 8c 5c][2c]
Play4Gaia checks
MathisKcr checks
*** RIVER *** [4h 8c 5c 2c][2d]
Play4Gaia checks
MathisKcr bets 4088
Play4Gaia folds
MathisKcr collected 15768 from pot
*** SUMMARY ***
Total pot 15768 | No rake
Board: [4h 8c 5c 2c 2d]
Seat 2: MathisKcr won 15768


Winamax Poker - Tournament "SPACE KO" buyIn: 0.45€ + 0.05€ level: 8 - HandId: #4523805206525247550-83-1772116264 - Holdem no limit (80/350/700) - 2026/02/26 14:31:04 UTC
Table: 'SPACE KO(1053280478)#0061' 6-max (real money) Seat #6 is the button
Seat 1: Bet2shov (38499, 0.30€ bounty)
Seat 2: MathisKcr (59030, 0.50€ bounty)
Seat 3: kalefouete (73031, 0.25€ bounty)
Seat 4: Rafcc (19920, 0.25€ bounty)
Seat 5: Vegetaxe (142907, 1.77€ bounty)
Seat 6: Play4Gaia (14038, 0.30€ bounty)
*** ANTE/BLINDS ***
Bet2shov posts ante 80
MathisKcr posts ante 80
kalefouete posts ante 80
Rafcc posts ante 80
Vegetaxe posts ante 80
Play4Gaia posts ante 80
Bet2shov posts small blind 350
MathisKcr posts big blind 700
Dealt to MathisKcr [3h 8d]
*** PRE-FLOP *** 
kalefouete folds
Rafcc calls 700
Vegetaxe folds
Play4Gaia folds
Bet2shov calls 350
MathisKcr checks
*** FLOP *** [Qh 3c Kc]
Bet2shov checks
MathisKcr checks
Rafcc bets 2580
Bet2shov folds
MathisKcr folds
Rafcc collected 5160 from pot
*** SUMMARY ***
Total pot 5160 | No rake
Board: [Qh 3c Kc]
Seat 4: Rafcc won 5160


Winamax Poker - Tournament "SPACE KO" buyIn: 0.45€ + 0.05€ level: 8 - HandId: #4523805206525247550-84-1772116325 - Holdem no limit (80/350/700) - 2026/02/26 14:32:05 UTC
Table: 'SPACE KO(1053280478)#0061' 6-max (real money) Seat #1 is the button
Seat 1: Bet2shov (37719, 0.30€ bounty)
Seat 2: MathisKcr (58250, 0.50€ bounty)
Seat 3: kalefouete (72951, 0.25€ bounty)
Seat 4: Rafcc (21720, 0.25€ bounty)
Seat 5: Vegetaxe (142827, 1.77€ bounty)
Seat 6: Play4Gaia (13958, 0.30€ bounty)
*** ANTE/BLINDS ***
MathisKcr posts ante 80
kalefouete posts ante 80
Bet2shov posts ante 80
Rafcc posts ante 80
Vegetaxe posts ante 80
Play4Gaia posts ante 80
MathisKcr posts small blind 350
kalefouete posts big blind 700
Dealt to MathisKcr [Kd Qc]
*** PRE-FLOP *** 
Rafcc folds
Vegetaxe folds
Play4Gaia folds
Bet2shov calls 700
MathisKcr raises 700 to 1400
kalefouete folds
Bet2shov calls 700
*** FLOP *** [Js Ah Td]
MathisKcr checks
Bet2shov checks
*** TURN *** [Js Ah Td][Qd]
MathisKcr bets 995
Bet2shov calls 995
*** RIVER *** [Js Ah Td Qd][8d]
MathisKcr bets 4776
Bet2shov raises 15522 to 20298
MathisKcr folds
Bet2shov collected 31044 from pot
*** SUMMARY ***
Total pot 31044 | No rake
Board: [Js Ah Td Qd 8d]
Seat 1: Bet2shov (button) won 31044


Winamax Poker - Tournament "SPACE KO" buyIn: 0.45€ + 0.05€ level: 9 - HandId: #4523805206525247550-85-1772116412 - Holdem no limit (100/400/800) - 2026/02/26 14:33:32 UTC
Table: 'SPACE KO(1053280478)#0061' 6-max (real money) Seat #2 is the button
Seat 1: Bet2shov (45990, 0.30€ bounty)
Seat 2: MathisKcr (50999, 0.50€ bounty)
Seat 3: kalefouete (72171, 0.25€ bounty)
Seat 4: Rafcc (21640, 0.25€ bounty)
Seat 5: Vegetaxe (142747, 1.77€ bounty)
Seat 6: Play4Gaia (13878, 0.30€ bounty)
*** ANTE/BLINDS ***
kalefouete posts ante 100
Rafcc posts ante 100
Bet2shov posts ante 100
MathisKcr posts ante 100
Vegetaxe posts ante 100
Play4Gaia posts ante 100
kalefouete posts small blind 400
Rafcc posts big blind 800
Dealt to MathisKcr [4h 8h]
*** PRE-FLOP *** 
Vegetaxe folds
Play4Gaia folds
Bet2shov folds
MathisKcr folds
kalefouete folds
Rafcc collected 1800 from pot
*** SUMMARY ***
Total pot 1800 | No rake
Seat 4: Rafcc (big blind) won 1800


Winamax Poker - Tournament "SPACE KO" buyIn: 0.45€ + 0.05€ level: 9 - HandId: #4523805206525247550-86-1772116444 - Holdem no limit (100/400/800) - 2026/02/26 14:34:04 UTC
Table: 'SPACE KO(1053280478)#0061' 6-max (real money) Seat #3 is the button
Seat 1: Bet2shov (45890, 0.30€ bounty)
Seat 2: MathisKcr (50899, 0.50€ bounty)
Seat 3: kalefouete (71671, 0.25€ bounty)
Seat 4: Rafcc (22540, 0.25€ bounty)
Seat 5: Vegetaxe (142647, 1.77€ bounty)
Seat 6: Play4Gaia (13778, 0.30€ bounty)
*** ANTE/BLINDS ***
Rafcc posts ante 100
Vegetaxe posts ante 100
Bet2shov posts ante 100
MathisKcr posts ante 100
kalefouete posts ante 100
Play4Gaia posts ante 100
Rafcc posts small blind 400
Vegetaxe posts big blind 800
Dealt to MathisKcr [8d 5c]
*** PRE-FLOP *** 
Play4Gaia raises 12878 to 13678 and is all-in
Bet2shov folds
MathisKcr folds
kalefouete folds
Rafcc folds
Vegetaxe folds
Play4Gaia collected 15478 from pot
*** SUMMARY ***
Total pot 15478 | No rake
Seat 6: Play4Gaia won 15478


Winamax Poker - Tournament "SPACE KO" buyIn: 0.45€ + 0.05€ level: 9 - HandId: #4523805206525247550-87-1772116495 - Holdem no limit (100/400/800) - 2026/02/26 14:34:55 UTC
Table: 'SPACE KO(1053280478)#0061' 6-max (real money) Seat #4 is the button
Seat 1: Bet2shov (45790, 0.30€ bounty)
Seat 2: MathisKcr (50799, 0.50€ bounty)
Seat 3: kalefouete (71571, 0.25€ bounty)
Seat 4: Rafcc (22040, 0.25€ bounty)
Seat 5: Vegetaxe (141747, 1.77€ bounty)
Seat 6: Play4Gaia (15478, 0.30€ bounty)
*** ANTE/BLINDS ***
Vegetaxe posts ante 100
Play4Gaia posts ante 100
Bet2shov posts ante 100
MathisKcr posts ante 100
kalefouete posts ante 100
Rafcc posts ante 100
Vegetaxe posts small blind 400
Play4Gaia posts big blind 800
Dealt to MathisKcr [6c 2d]
*** PRE-FLOP *** 
Bet2shov folds
MathisKcr folds
kalefouete folds
Rafcc calls 800
Vegetaxe calls 400
Play4Gaia checks
*** FLOP *** [7d 4c 6h]
Vegetaxe checks
Play4Gaia bets 14578 and is all-in
Rafcc folds
Vegetaxe folds
Play4Gaia collected 17578 from pot
*** SUMMARY ***
Total pot 17578 | No rake
Board: [7d 4c 6h]
Seat 6: Play4Gaia (big blind) won 17578


Winamax Poker - Tournament "SPACE KO" buyIn: 0.45€ + 0.05€ level: 9 - HandId: #4523805206525247550-88-1772116561 - Holdem no limit (100/400/800) - 2026/02/26 14:36:01 UTC
Table: 'SPACE KO(1053280478)#0061' 6-max (real money) Seat #5 is the button
Seat 1: Bet2shov (45690, 0.30€ bounty)
Seat 2: MathisKcr (50699, 0.50€ bounty)
Seat 3: kalefouete (71471, 0.25€ bounty)
Seat 4: Rafcc (21140, 0.25€ bounty)
Seat 5: Vegetaxe (140847, 1.77€ bounty)
Seat 6: Play4Gaia (17578, 0.30€ bounty)
*** ANTE/BLINDS ***
Play4Gaia posts ante 100
Bet2shov posts ante 100
MathisKcr posts ante 100
kalefouete posts ante 100
Rafcc posts ante 100
Vegetaxe posts ante 100
Play4Gaia posts small blind 400
Bet2shov posts big blind 800
Dealt to MathisKcr [5c 8s]
*** PRE-FLOP *** 
MathisKcr folds
kalefouete calls 800
Rafcc calls 800
Vegetaxe folds
Play4Gaia calls 400
Bet2shov checks
*** FLOP *** [Qs 6c 4h]
Play4Gaia bets 800
Bet2shov raises 5400 to 6200
kalefouete folds
Rafcc folds
Play4Gaia folds
Bet2shov collected 10800 from pot
*** SUMMARY ***
Total pot 10800 | No rake
Board: [Qs 6c 4h]
Seat 1: Bet2shov (big blind) won 10800


Winamax Poker - Tournament "SPACE KO" buyIn: 0.45€ + 0.05€ level: 9 - HandId: #4523805206525247550-89-1772116614 - Holdem no limit (100/400/800) - 2026/02/26 14:36:54 UTC
Table: 'SPACE KO(1053280478)#0061' 6-max (real money) Seat #6 is the button
Seat 1: Bet2shov (49390, 0.30€ bounty)
Seat 2: MathisKcr (50599, 0.50€ bounty)
Seat 3: kalefouete (70571, 0.25€ bounty)
Seat 4: Rafcc (20240, 0.25€ bounty)
Seat 5: Vegetaxe (140747, 1.77€ bounty)
Seat 6: Play4Gaia (15878, 0.30€ bounty)
*** ANTE/BLINDS ***
Bet2shov posts ante 100
MathisKcr posts ante 100
kalefouete posts ante 100
Rafcc posts ante 100
Vegetaxe posts ante 100
Play4Gaia posts ante 100
Bet2shov posts small blind 400
MathisKcr posts big blind 800
Dealt to MathisKcr [Kd 7h]
*** PRE-FLOP *** 
kalefouete calls 800
Rafcc folds
Vegetaxe folds
Play4Gaia folds
Bet2shov folds
MathisKcr raises 800 to 1600
kalefouete calls 800
*** FLOP *** [8c 2d Kc]
MathisKcr bets 2100
kalefouete folds
MathisKcr collected 6300 from pot
*** SUMMARY ***
Total pot 6300 | No rake
Board: [8c 2d Kc]
Seat 2: MathisKcr (big blind) won 6300


Winamax Poker - Tournament "SPACE KO" buyIn: 0.45€ + 0.05€ level: 9 - HandId: #4523805206525247550-90-1772116661 - Holdem no limit (100/400/800) - 2026/02/26 14:37:41 UTC
Table: 'SPACE KO(1053280478)#0061' 6-max (real money) Seat #1 is the button
Seat 1: Bet2shov (48890, 0.30€ bounty)
Seat 2: MathisKcr (53099, 0.50€ bounty)
Seat 3: kalefouete (68871, 0.25€ bounty)
Seat 4: Rafcc (20140, 0.25€ bounty)
Seat 5: Vegetaxe (140647, 1.77€ bounty)
Seat 6: Play4Gaia (15778, 0.30€ bounty)
*** ANTE/BLINDS ***
MathisKcr posts ante 100
kalefouete posts ante 100
Bet2shov posts ante 100
Rafcc posts ante 100
Vegetaxe posts ante 100
Play4Gaia posts ante 100
MathisKcr posts small blind 400
kalefouete posts big blind 800
Dealt to MathisKcr [Tc 4h]
*** PRE-FLOP *** 
Rafcc calls 800
Vegetaxe folds
Play4Gaia folds
Bet2shov folds
MathisKcr calls 400
kalefouete checks
*** FLOP *** [2c Ks 4c]
MathisKcr bets 1600
kalefouete folds
Rafcc folds
MathisKcr collected 4600 from pot
*** SUMMARY ***
Total pot 4600 | No rake
Board: [2c Ks 4c]
Seat 2: MathisKcr (small blind) won 4600


Winamax Poker - Tournament "SPACE KO" buyIn: 0.45€ + 0.05€ level: 9 - HandId: #4523805206525247550-91-1772116698 - Holdem no limit (100/400/800) - 2026/02/26 14:38:18 UTC
Table: 'SPACE KO(1053280478)#0061' 6-max (real money) Seat #2 is the button
Seat 1: Bet2shov (48790, 0.30€ bounty)
Seat 2: MathisKcr (55199, 0.50€ bounty)
Seat 3: kalefouete (67971, 0.25€ bounty)
Seat 4: Rafcc (19240, 0.25€ bounty)
Seat 5: Vegetaxe (140547, 1.77€ bounty)
Seat 6: Play4Gaia (15678, 0.30€ bounty)
*** ANTE/BLINDS ***
kalefouete posts ante 100
Rafcc posts ante 100
Bet2shov posts ante 100
MathisKcr posts ante 100
Vegetaxe posts ante 100
Play4Gaia posts ante 100
kalefouete posts small blind 400
Rafcc posts big blind 800
Dealt to MathisKcr [9h As]
*** PRE-FLOP *** 
Vegetaxe folds
Play4Gaia folds
Bet2shov folds
MathisKcr raises 800 to 1600
kalefouete folds
Rafcc calls 800
*** FLOP *** [3h Jc 6c]
Rafcc checks
MathisKcr bets 2100
Rafcc raises 15440 to 17540 and is all-in
MathisKcr folds
Rafcc collected 23840 from pot
*** SUMMARY ***
Total pot 23840 | No rake
Board: [3h Jc 6c]
Seat 4: Rafcc (big blind) won 23840


Winamax Poker - Tournament "SPACE KO" buyIn: 0.45€ + 0.05€ level: 9 - HandId: #4523805206525247550-92-1772116754 - Holdem no limit (100/400/800) - 2026/02/26 14:39:14 UTC
Table: 'SPACE KO(1053280478)#0061' 6-max (real money) Seat #3 is the button
Seat 1: Bet2shov (48690, 0.30€ bounty)
Seat 2: MathisKcr (51399, 0.50€ bounty)
Seat 3: kalefouete (67471, 0.25€ bounty)
Seat 4: Rafcc (23840, 0.25€ bounty)
Seat 5: Vegetaxe (140447, 1.77€ bounty)
Seat 6: Play4Gaia (15578, 0.30€ bounty)
*** ANTE/BLINDS ***
Rafcc posts ante 100
Vegetaxe posts ante 100
Bet2shov posts ante 100
MathisKcr posts ante 100
kalefouete posts ante 100
Play4Gaia posts ante 100
Rafcc posts small blind 400
Vegetaxe posts big blind 800
Dealt to MathisKcr [3h 4s]
*** PRE-FLOP *** 
Play4Gaia folds
Bet2shov calls 800
MathisKcr folds
kalefouete folds
Rafcc calls 400
Vegetaxe checks
*** FLOP *** [9c 2h 6s]
Rafcc checks
Vegetaxe checks
Bet2shov checks
*** TURN *** [9c 2h 6s][3s]
Rafcc bets 1050
Vegetaxe folds
Bet2shov folds
Rafcc collected 4050 from pot
*** SUMMARY ***
Total pot 4050 | No rake
Board: [9c 2h 6s 3s]
Seat 4: Rafcc (small blind) won 4050


Winamax Poker - Tournament "SPACE KO" buyIn: 0.45€ + 0.05€ level: 10 - HandId: #4523805206525247520-99-1772116876 - Holdem no limit (120/500/1000) - 2026/02/26 14:41:16 UTC
Table: 'SPACE KO(1053280478)#0031' 6-max (real money) Seat #4 is the button
Seat 1: MathisKcr (51299, 0.50€ bounty)
Seat 2: tomarren88 (16884, 0.25€ bounty)
Seat 3: Pazinho13 (21000, 0.25€ bounty)
Seat 4: LeCerisier (133526, 0.59€ bounty)
Seat 5: eirax (78392, 0.67€ bounty)
Seat 6: la-Bete592 (57531, 0.69€ bounty)
*** ANTE/BLINDS ***
la-Bete592 posts ante 120
MathisKcr posts ante 120
tomarren88 posts ante 120
Pazinho13 posts ante 120
LeCerisier posts ante 120
la-Bete592 posts small blind 500
MathisKcr posts big blind 1000
Dealt to MathisKcr [9s 3d]
*** PRE-FLOP *** 
tomarren88 calls 1000
Pazinho13 calls 1000
LeCerisier folds
la-Bete592 calls 500
MathisKcr checks
*** FLOP *** [5h 7c As]
la-Bete592 bets 1500
MathisKcr calls 1500
tomarren88 folds
Pazinho13 folds
*** TURN *** [5h 7c As][Jd]
la-Bete592 checks
MathisKcr bets 2660
la-Bete592 folds
MathisKcr collected 10260 from pot
*** SUMMARY ***
Total pot 10260 | No rake
Board: [5h 7c As Jd]
Seat 1: MathisKcr (big blind) won 10260


Winamax Poker - Tournament "SPACE KO" buyIn: 0.45€ + 0.05€ level: 10 - HandId: #4523805206525247520-100-1772116914 - Holdem no limit (120/500/1000) - 2026/02/26 14:41:54 UTC
Table: 'SPACE KO(1053280478)#0031' 6-max (real money) Seat #6 is the button
Seat 1: MathisKcr (56279, 0.50€ bounty)
Seat 2: tomarren88 (15764, 0.25€ bounty)
Seat 3: Pazinho13 (19880, 0.25€ bounty)
Seat 4: LeCerisier (133406, 0.59€ bounty)
Seat 5: eirax (78392, 0.67€ bounty)
Seat 6: la-Bete592 (54911, 0.69€ bounty)
*** ANTE/BLINDS ***
MathisKcr posts ante 120
tomarren88 posts ante 120
Pazinho13 posts ante 120
LeCerisier posts ante 120
eirax posts ante 120
la-Bete592 posts ante 120
MathisKcr posts small blind 500
tomarren88 posts big blind 1000
Dealt to MathisKcr [2h Th]
*** PRE-FLOP *** 
Pazinho13 folds
LeCerisier raises 1000 to 2000
eirax raises 6000 to 8000
la-Bete592 folds
MathisKcr folds
tomarren88 folds
LeCerisier calls 6000
*** FLOP *** [3c 9h Kh]
LeCerisier checks
eirax bets 10000
LeCerisier folds
eirax collected 28220 from pot
*** SUMMARY ***
Total pot 28220 | No rake
Board: [3c 9h Kh]
Seat 5: eirax won 28220


Winamax Poker - Tournament "SPACE KO" buyIn: 0.45€ + 0.05€ level: 10 - HandId: #4523805206525247520-101-1772116948 - Holdem no limit (120/500/1000) - 2026/02/26 14:42:28 UTC
Table: 'SPACE KO(1053280478)#0031' 6-max (real money) Seat #1 is the button
Seat 1: MathisKcr (55659, 0.50€ bounty)
Seat 2: tomarren88 (14644, 0.25€ bounty)
Seat 3: Pazinho13 (19760, 0.25€ bounty)
Seat 4: LeCerisier (125286, 0.59€ bounty)
Seat 5: eirax (88492, 0.67€ bounty)
Seat 6: la-Bete592 (54791, 0.69€ bounty)
*** ANTE/BLINDS ***
tomarren88 posts ante 120
Pazinho13 posts ante 120
MathisKcr posts ante 120
LeCerisier posts ante 120
eirax posts ante 120
la-Bete592 posts ante 120
tomarren88 posts small blind 500
Pazinho13 posts big blind 1000
Dealt to MathisKcr [Kh Qh]
*** PRE-FLOP *** 
LeCerisier folds
eirax folds
la-Bete592 calls 1000
MathisKcr raises 1000 to 2000
tomarren88 folds
Pazinho13 calls 1000
la-Bete592 calls 1000
*** FLOP *** [5d Jh 9h]
Pazinho13 checks
la-Bete592 checks
MathisKcr bets 2527
Pazinho13 folds
la-Bete592 calls 2527
*** TURN *** [5d Jh 9h][4c]
la-Bete592 checks
MathisKcr checks
*** RIVER *** [5d Jh 9h 4c][9s]
la-Bete592 checks
MathisKcr checks
*** SHOW DOWN ***
la-Bete592 shows [Td Ks] (One pair : 9)
MathisKcr shows [Kh Qh] (One pair : 9)
MathisKcr collected 12274 from pot
*** SUMMARY ***
Total pot 12274 | No rake
Board: [5d Jh 9h 4c 9s]
Seat 1: MathisKcr (button) showed [Kh Qh] and won 12274 with One pair : 9
Seat 6: la-Bete592 showed [Td Ks] and lost with One pair : 9


Winamax Poker - Tournament "SPACE KO" buyIn: 0.45€ + 0.05€ level: 10 - HandId: #4523805206525247520-102-1772117008 - Holdem no limit (120/500/1000) - 2026/02/26 14:43:28 UTC
Table: 'SPACE KO(1053280478)#0031' 6-max (real money) Seat #2 is the button
Seat 1: MathisKcr (63286, 0.50€ bounty)
Seat 2: tomarren88 (14024, 0.25€ bounty)
Seat 3: Pazinho13 (17640, 0.25€ bounty)
Seat 4: LeCerisier (125166, 0.59€ bounty)
Seat 5: eirax (88372, 0.67€ bounty)
Seat 6: la-Bete592 (50144, 0.69€ bounty)
*** ANTE/BLINDS ***
Pazinho13 posts ante 120
LeCerisier posts ante 120
MathisKcr posts ante 120
tomarren88 posts ante 120
eirax posts ante 120
la-Bete592 posts ante 120
Pazinho13 posts small blind 500
LeCerisier posts big blind 1000
Dealt to MathisKcr [5c Qc]
*** PRE-FLOP *** 
eirax folds
la-Bete592 folds
MathisKcr raises 1000 to 2000
tomarren88 folds
Pazinho13 raises 1000 to 3000
LeCerisier calls 2000
MathisKcr calls 1000
*** FLOP *** [Ks Qd 3h]
Pazinho13 bets 1000
LeCerisier calls 1000
MathisKcr calls 1000
*** TURN *** [Ks Qd 3h][4h]
Pazinho13 bets 1000
LeCerisier calls 1000
MathisKcr calls 1000
*** RIVER *** [Ks Qd 3h 4h][Jh]
Pazinho13 bets 1000
LeCerisier calls 1000
MathisKcr calls 1000
*** SHOW DOWN ***
MathisKcr shows [5c Qc] (One pair : Queens)
LeCerisier shows [As Jc] (One pair : Jacks)
Pazinho13 shows [7s Qh] (One pair : Queens)
Pazinho13 collected 18720 from pot
*** SUMMARY ***
Total pot 18720 | No rake
Board: [Ks Qd 3h 4h Jh]
Seat 1: MathisKcr showed [5c Qc] and lost with One pair : Queens
Seat 3: Pazinho13 (small blind) showed [7s Qh] and won 18720 with One pair : Queens
Seat 4: LeCerisier (big blind) showed [As Jc] and lost with One pair : Jacks


Winamax Poker - Tournament "SPACE KO" buyIn: 0.45€ + 0.05€ level: 10 - HandId: #4523805206525247520-103-1772117043 - Holdem no limit (120/500/1000) - 2026/02/26 14:44:03 UTC
Table: 'SPACE KO(1053280478)#0031' 6-max (real money) Seat #3 is the button
Seat 1: MathisKcr (57166, 0.50€ bounty)
Seat 2: tomarren88 (13904, 0.25€ bounty)
Seat 3: Pazinho13 (30240, 0.25€ bounty)
Seat 4: LeCerisier (119046, 0.59€ bounty)
Seat 5: eirax (88252, 0.67€ bounty)
Seat 6: la-Bete592 (50024, 0.69€ bounty)
*** ANTE/BLINDS ***
LeCerisier posts ante 120
eirax posts ante 120
MathisKcr posts ante 120
tomarren88 posts ante 120
Pazinho13 posts ante 120
la-Bete592 posts ante 120
LeCerisier posts small blind 500
eirax posts big blind 1000
Dealt to MathisKcr [Ks Qs]
*** PRE-FLOP *** 
la-Bete592 folds
MathisKcr raises 1000 to 2000
tomarren88 calls 2000
Pazinho13 calls 2000
LeCerisier calls 1500
eirax calls 1000
*** FLOP *** [9s 6d Js]
LeCerisier checks
eirax checks
MathisKcr bets 6968
tomarren88 raises 4816 to 11784 and is all-in
Pazinho13 folds
LeCerisier folds
eirax folds
MathisKcr calls 4816
*** TURN *** [9s 6d Js][Ts]
*** RIVER *** [9s 6d Js Ts][5c]
*** SHOW DOWN ***
tomarren88 shows [Kh Jd] (One pair : Jacks)
MathisKcr shows [Ks Qs] (Straight flush King)
MathisKcr collected 34288 from pot
*** SUMMARY ***
Total pot 34288 | No rake
Board: [9s 6d Js Ts 5c]
Seat 1: MathisKcr showed [Ks Qs] and won 34288 with Straight flush King
Seat 2: tomarren88 showed [Kh Jd] and lost with One pair : Jacks


Winamax Poker - Tournament "SPACE KO" buyIn: 0.45€ + 0.05€ level: 10 - HandId: #4523805206525247520-104-1772117105 - Holdem no limit (120/500/1000) - 2026/02/26 14:45:05 UTC
Table: 'SPACE KO(1053280478)#0031' 6-max (real money) Seat #4 is the button
Seat 1: MathisKcr (77550, 0.55€ bounty)
Seat 3: Pazinho13 (28120, 0.25€ bounty)
Seat 4: LeCerisier (116926, 0.59€ bounty)
Seat 5: eirax (86132, 0.67€ bounty)
Seat 6: la-Bete592 (49904, 0.69€ bounty)
*** ANTE/BLINDS ***
eirax posts ante 120
la-Bete592 posts ante 120
MathisKcr posts ante 120
Pazinho13 posts ante 120
LeCerisier posts ante 120
eirax posts small blind 500
la-Bete592 posts big blind 1000
Dealt to MathisKcr [8d Kc]
*** PRE-FLOP *** 
MathisKcr raises 1000 to 2000
Pazinho13 folds
LeCerisier folds
eirax folds
la-Bete592 folds
MathisKcr collected 4100 from pot
*** SUMMARY ***
Total pot 4100 | No rake
Seat 1: MathisKcr won 4100


Winamax Poker - Tournament "SPACE KO" buyIn: 0.45€ + 0.05€ level: 10 - HandId: #4523805206525247520-105-1772117130 - Holdem no limit (120/500/1000) - 2026/02/26 14:45:30 UTC
Table: 'SPACE KO(1053280478)#0031' 6-max (real money) Seat #5 is the button
Seat 1: MathisKcr (79530, 0.55€ bounty)
Seat 2: Monchator (20000, 0.25€ bounty)
Seat 3: Pazinho13 (28000, 0.25€ bounty)
Seat 4: LeCerisier (116806, 0.59€ bounty)
Seat 5: eirax (85512, 0.67€ bounty)
Seat 6: la-Bete592 (48784, 0.69€ bounty)
*** ANTE/BLINDS ***
la-Bete592 posts ante 120
MathisKcr posts ante 120
Monchator posts ante 120
Pazinho13 posts ante 120
LeCerisier posts ante 120
eirax posts ante 120
la-Bete592 posts small blind 500
MathisKcr posts big blind 1000
Dealt to MathisKcr [5s 9h]
*** PRE-FLOP *** 
Monchator folds
Pazinho13 calls 1000
LeCerisier folds
eirax folds
la-Bete592 folds
MathisKcr checks
*** FLOP *** [Ts 7d 7s]
MathisKcr checks
Pazinho13 checks
*** TURN *** [Ts 7d 7s][Jh]
MathisKcr bets 1610
Pazinho13 folds
MathisKcr collected 4830 from pot
*** SUMMARY ***
Total pot 4830 | No rake
Board: [Ts 7d 7s Jh]
Seat 1: MathisKcr (big blind) won 4830


Winamax Poker - Tournament "SPACE KO" buyIn: 0.45€ + 0.05€ level: 10 - HandId: #4523805206525247520-106-1772117152 - Holdem no limit (120/500/1000) - 2026/02/26 14:45:52 UTC
Table: 'SPACE KO(1053280478)#0031' 6-max (real money) Seat #6 is the button
Seat 1: MathisKcr (81630, 0.55€ bounty)
Seat 2: Monchator (19880, 0.25€ bounty)
Seat 3: Pazinho13 (26880, 0.25€ bounty)
Seat 4: LeCerisier (116686, 0.59€ bounty)
Seat 5: eirax (85392, 0.67€ bounty)
Seat 6: la-Bete592 (48164, 0.69€ bounty)
*** ANTE/BLINDS ***
MathisKcr posts ante 120
Monchator posts ante 120
Pazinho13 posts ante 120
LeCerisier posts ante 120
eirax posts ante 120
la-Bete592 posts ante 120
MathisKcr posts small blind 500
Monchator posts big blind 1000
Dealt to MathisKcr [Jd 8s]
*** PRE-FLOP *** 
Pazinho13 folds
LeCerisier folds
eirax raises 1000 to 2000
la-Bete592 folds
MathisKcr calls 1500
Monchator folds
*** FLOP *** [Ad Th 6s]
MathisKcr bets 2002
eirax calls 2002
*** TURN *** [Ad Th 6s][5c]
MathisKcr checks
eirax bets 5834
MathisKcr folds
eirax collected 15558 from pot
*** SUMMARY ***
Total pot 15558 | No rake
Board: [Ad Th 6s 5c]
Seat 5: eirax won 15558


Winamax Poker - Tournament "SPACE KO" buyIn: 0.45€ + 0.05€ level: 10 - HandId: #4523805206525247520-107-1772117183 - Holdem no limit (120/500/1000) - 2026/02/26 14:46:23 UTC
Table: 'SPACE KO(1053280478)#0031' 6-max (real money) Seat #1 is the button
Seat 1: MathisKcr (77508, 0.55€ bounty)
Seat 2: Monchator (18760, 0.25€ bounty)
Seat 3: Pazinho13 (26760, 0.25€ bounty)
Seat 4: LeCerisier (116566, 0.59€ bounty)
Seat 5: eirax (90994, 0.67€ bounty)
Seat 6: la-Bete592 (48044, 0.69€ bounty)
*** ANTE/BLINDS ***
Monchator posts ante 120
Pazinho13 posts ante 120
MathisKcr posts ante 120
LeCerisier posts ante 120
eirax posts ante 120
la-Bete592 posts ante 120
Monchator posts small blind 500
Pazinho13 posts big blind 1000
Dealt to MathisKcr [7h Jd]
*** PRE-FLOP *** 
LeCerisier folds
eirax folds
la-Bete592 raises 1000 to 2000
MathisKcr folds
Monchator folds
Pazinho13 calls 1000
*** FLOP *** [Kh As 7d]
Pazinho13 bets 1000
la-Bete592 calls 1000
*** TURN *** [Kh As 7d][4h]
Pazinho13 bets 2527
la-Bete592 raises 9314 to 11841
Pazinho13 raises 11799 to 23640 and is all-in
la-Bete592 calls 11799
*** RIVER *** [Kh As 7d 4h][9d]
*** SHOW DOWN ***
Pazinho13 shows [7c Kd] (Two pairs : Kings and 7)
la-Bete592 shows [Ac Ks] (Two pairs : Aces and Kings)
la-Bete592 collected 54500 from pot
*** SUMMARY ***
Total pot 54500 | No rake
Board: [Kh As 7d 4h 9d]
Seat 3: Pazinho13 (big blind) showed [7c Kd] and lost with Two pairs : Kings and 7
Seat 6: la-Bete592 showed [Ac Ks] and won 54500 with Two pairs : Aces and Kings


Winamax Poker - Tournament "SPACE KO" buyIn: 0.45€ + 0.05€ level: 10 - HandId: #4523805206525247520-108-1772117244 - Holdem no limit (120/500/1000) - 2026/02/26 14:47:24 UTC
Table: 'SPACE KO(1053280478)#0031' 6-max (real money) Seat #2 is the button
Seat 1: MathisKcr (77388, 0.55€ bounty)
Seat 2: Monchator (18140, 0.25€ bounty)
Seat 4: LeCerisier (116446, 0.59€ bounty)
Seat 5: eirax (90874, 0.67€ bounty)
Seat 6: la-Bete592 (75784, 0.74€ bounty)
*** ANTE/BLINDS ***
LeCerisier posts ante 120
MathisKcr posts ante 120
Monchator posts ante 120
eirax posts ante 120
la-Bete592 posts ante 120
LeCerisier posts big blind 1000
Dealt to MathisKcr [2h 2s]
*** PRE-FLOP *** 
eirax folds
la-Bete592 raises 1000 to 2000
MathisKcr calls 2000
Monchator folds
LeCerisier folds
*** FLOP *** [2c 4d Qh]
la-Bete592 bets 2240
MathisKcr calls 2240
*** TURN *** [2c 4d Qh][3s]
la-Bete592 bets 6048
MathisKcr calls 6048
*** RIVER *** [2c 4d Qh 3s][7c]
la-Bete592 checks
MathisKcr bets 11088
la-Bete592 folds
MathisKcr collected 33264 from pot
*** SUMMARY ***
Total pot 33264 | No rake
Board: [2c 4d Qh 3s 7c]
Seat 1: MathisKcr won 33264


Winamax Poker - Tournament "SPACE KO" buyIn: 0.45€ + 0.05€ level: 10 - HandId: #4523805206525247520-109-1772117303 - Holdem no limit (120/500/1000) - 2026/02/26 14:48:23 UTC
Table: 'SPACE KO(1053280478)#0031' 6-max (real money) Seat #3 is the button
Seat 1: MathisKcr (89156, 0.55€ bounty)
Seat 2: Monchator (18020, 0.25€ bounty)
Seat 3: Mikapolka (20000, 0.25€ bounty)
Seat 4: LeCerisier (115326, 0.59€ bounty)
Seat 5: eirax (90754, 0.67€ bounty)
Seat 6: la-Bete592 (65376, 0.74€ bounty)
*** ANTE/BLINDS ***
LeCerisier posts ante 120
eirax posts ante 120
MathisKcr posts ante 120
Monchator posts ante 120
la-Bete592 posts ante 120
LeCerisier posts small blind 500
eirax posts big blind 1000
Dealt to MathisKcr [Kh 2s]
*** PRE-FLOP *** 
la-Bete592 raises 1500 to 2500
MathisKcr folds
Monchator folds
LeCerisier folds
eirax folds
la-Bete592 collected 4600 from pot
*** SUMMARY ***
Total pot 4600 | No rake
Seat 6: la-Bete592 won 4600


Winamax Poker - Tournament "SPACE KO" buyIn: 0.45€ + 0.05€ level: 11 - HandId: #4523805206525247520-110-1772117352 - Holdem no limit (140/600/1200) - 2026/02/26 14:49:12 UTC
Table: 'SPACE KO(1053280478)#0031' 6-max (real money) Seat #4 is the button
Seat 1: MathisKcr (89036, 0.55€ bounty)
Seat 2: Monchator (17900, 0.25€ bounty)
Seat 3: Mikapolka (20000, 0.25€ bounty)
Seat 4: LeCerisier (114706, 0.59€ bounty)
Seat 5: eirax (89634, 0.67€ bounty)
Seat 6: la-Bete592 (67356, 0.74€ bounty)
*** ANTE/BLINDS ***
eirax posts ante 140
la-Bete592 posts ante 140
MathisKcr posts ante 140
Monchator posts ante 140
Mikapolka posts ante 140
LeCerisier posts ante 140
eirax posts small blind 600
la-Bete592 posts big blind 1200
Dealt to MathisKcr [Kc 5d]
*** PRE-FLOP *** 
MathisKcr raises 1200 to 2400
Monchator folds
Mikapolka folds
LeCerisier folds
eirax folds
la-Bete592 calls 1200
*** FLOP *** [Ts 4d Qd]
la-Bete592 bets 2400
MathisKcr calls 2400
*** TURN *** [Ts 4d Qd][Ah]
la-Bete592 checks
MathisKcr checks
*** RIVER *** [Ts 4d Qd Ah][3c]
la-Bete592 bets 4416
MathisKcr folds
la-Bete592 collected 15456 from pot
*** SUMMARY ***
Total pot 15456 | No rake
Board: [Ts 4d Qd Ah 3c]
Seat 6: la-Bete592 (big blind) won 15456


Winamax Poker - Tournament "SPACE KO" buyIn: 0.45€ + 0.05€ level: 11 - HandId: #4523805206525247520-111-1772117389 - Holdem no limit (140/600/1200) - 2026/02/26 14:49:49 UTC
Table: 'SPACE KO(1053280478)#0031' 6-max (real money) Seat #5 is the button
Seat 1: MathisKcr (84096, 0.55€ bounty)
Seat 2: Monchator (17760, 0.25€ bounty)
Seat 3: Mikapolka (19860, 0.25€ bounty)
Seat 4: LeCerisier (114566, 0.59€ bounty)
Seat 5: eirax (88894, 0.67€ bounty)
Seat 6: la-Bete592 (73456, 0.74€ bounty)
*** ANTE/BLINDS ***
la-Bete592 posts ante 140
MathisKcr posts ante 140
Monchator posts ante 140
Mikapolka posts ante 140
LeCerisier posts ante 140
eirax posts ante 140
la-Bete592 posts small blind 600
MathisKcr posts big blind 1200
Dealt to MathisKcr [Th 3h]
*** PRE-FLOP *** 
Monchator folds
Mikapolka folds
LeCerisier calls 1200
eirax calls 1200
la-Bete592 calls 600
MathisKcr checks
*** FLOP *** [Kd 6d 9d]
la-Bete592 checks
MathisKcr checks
LeCerisier bets 1200
eirax calls 1200
la-Bete592 folds
MathisKcr folds
*** TURN *** [Kd 6d 9d][Kc]
LeCerisier bets 8040
eirax calls 8040
*** RIVER *** [Kd 6d 9d Kc][2c]
LeCerisier bets 103986 and is all-in
eirax folds
LeCerisier collected 128106 from pot
*** SUMMARY ***
Total pot 128106 | No rake
Board: [Kd 6d 9d Kc 2c]
Seat 4: LeCerisier won 128106


Winamax Poker - Tournament "SPACE KO" buyIn: 0.45€ + 0.05€ level: 11 - HandId: #4523805206525247520-112-1772117475 - Holdem no limit (140/600/1200) - 2026/02/26 14:51:15 UTC
Table: 'SPACE KO(1053280478)#0031' 6-max (real money) Seat #6 is the button
Seat 1: MathisKcr (82756, 0.55€ bounty)
Seat 2: Monchator (17620, 0.25€ bounty)
Seat 3: Mikapolka (19720, 0.25€ bounty)
Seat 4: LeCerisier (128106, 0.59€ bounty)
Seat 5: eirax (78314, 0.67€ bounty)
Seat 6: la-Bete592 (72116, 0.74€ bounty)
*** ANTE/BLINDS ***
MathisKcr posts ante 140
Monchator posts ante 140
Mikapolka posts ante 140
LeCerisier posts ante 140
eirax posts ante 140
la-Bete592 posts ante 140
MathisKcr posts small blind 600
Monchator posts big blind 1200
Dealt to MathisKcr [3h Kd]
*** PRE-FLOP *** 
Mikapolka folds
LeCerisier folds
eirax raises 1200 to 2400
la-Bete592 folds
MathisKcr calls 1800
Monchator calls 1200
*** FLOP *** [8h Jd Js]
MathisKcr checks
Monchator checks
eirax checks
*** TURN *** [8h Jd Js][7c]
MathisKcr checks
Monchator checks
eirax checks
*** RIVER *** [8h Jd Js 7c][3d]
MathisKcr checks
Monchator checks
eirax checks
*** SHOW DOWN ***
Monchator shows [5h 4s] (One pair : Jacks)
eirax shows [Ah Ks] (One pair : Jacks)
MathisKcr shows [3h Kd] (Two pairs : Jacks and 3)
MathisKcr collected 8040 from pot
*** SUMMARY ***
Total pot 8040 | No rake
Board: [8h Jd Js 7c 3d]
Seat 1: MathisKcr (small blind) showed [3h Kd] and won 8040 with Two pairs : Jacks and 3
Seat 2: Monchator (big blind) showed [5h 4s] and lost with One pair : Jacks
Seat 5: eirax showed [Ah Ks] and lost with One pair : Jacks


Winamax Poker - Tournament "SPACE KO" buyIn: 0.45€ + 0.05€ level: 11 - HandId: #4523805206525247520-113-1772117529 - Holdem no limit (140/600/1200) - 2026/02/26 14:52:09 UTC
Table: 'SPACE KO(1053280478)#0031' 6-max (real money) Seat #1 is the button
Seat 1: MathisKcr (88256, 0.55€ bounty)
Seat 2: Monchator (15080, 0.25€ bounty)
Seat 3: Mikapolka (19580, 0.25€ bounty)
Seat 4: LeCerisier (127966, 0.59€ bounty)
Seat 5: eirax (75774, 0.67€ bounty)
Seat 6: la-Bete592 (71976, 0.74€ bounty)
*** ANTE/BLINDS ***
Monchator posts ante 140
Mikapolka posts ante 140
MathisKcr posts ante 140
LeCerisier posts ante 140
eirax posts ante 140
la-Bete592 posts ante 140
Monchator posts small blind 600
Mikapolka posts big blind 1200
Dealt to MathisKcr [5c 6c]
*** PRE-FLOP *** 
LeCerisier folds
eirax raises 1200 to 2400
la-Bete592 calls 2400
MathisKcr folds
Monchator folds
Mikapolka folds
*** FLOP *** [Ah 2c Qc]
eirax bets 2232
la-Bete592 folds
eirax collected 9672 from pot
*** SUMMARY ***
Total pot 9672 | No rake
Board: [Ah 2c Qc]
Seat 5: eirax won 9672


Winamax Poker - Tournament "SPACE KO" buyIn: 0.45€ + 0.05€ level: 11 - HandId: #4523805206525247520-114-1772117554 - Holdem no limit (140/600/1200) - 2026/02/26 14:52:34 UTC
Table: 'SPACE KO(1053280478)#0031' 6-max (real money) Seat #2 is the button
Seat 1: MathisKcr (88116, 0.55€ bounty)
Seat 2: Monchator (14340, 0.25€ bounty)
Seat 3: Mikapolka (18240, 0.25€ bounty)
Seat 4: LeCerisier (127826, 0.59€ bounty)
Seat 5: eirax (80674, 0.67€ bounty)
Seat 6: la-Bete592 (69436, 0.74€ bounty)
*** ANTE/BLINDS ***
Mikapolka posts ante 140
LeCerisier posts ante 140
MathisKcr posts ante 140
Monchator posts ante 140
eirax posts ante 140
la-Bete592 posts ante 140
Mikapolka posts small blind 600
LeCerisier posts big blind 1200
Dealt to MathisKcr [8c 7s]
*** PRE-FLOP *** 
eirax raises 1200 to 2400
la-Bete592 folds
MathisKcr folds
Monchator folds
Mikapolka raises 15700 to 18100 and is all-in
LeCerisier folds
eirax calls 15700
*** FLOP *** [2d As 4d]
*** TURN *** [2d As 4d][Tc]
*** RIVER *** [2d As 4d Tc][7h]
*** SHOW DOWN ***
Mikapolka shows [6c 6d] (One pair : 6)
eirax shows [Qd Td] (One pair : Tens)
eirax collected 38240 from pot
*** SUMMARY ***
Total pot 38240 | No rake
Board: [2d As 4d Tc 7h]
Seat 3: Mikapolka (small blind) showed [6c 6d] and lost with One pair : 6
Seat 5: eirax showed [Qd Td] and won 38240 with One pair : Tens


Winamax Poker - Tournament "SPACE KO" buyIn: 0.45€ + 0.05€ level: 11 - HandId: #4523805206525247520-115-1772117607 - Holdem no limit (140/600/1200) - 2026/02/26 14:53:27 UTC
Table: 'SPACE KO(1053280478)#0031' 6-max (real money) Seat #3 is the button
Seat 1: MathisKcr (87976, 0.55€ bounty)
Seat 2: Monchator (14200, 0.25€ bounty)
Seat 4: LeCerisier (126486, 0.59€ bounty)
Seat 5: eirax (100674, 0.79€ bounty)
Seat 6: la-Bete592 (69296, 0.74€ bounty)
*** ANTE/BLINDS ***
LeCerisier posts ante 140
eirax posts ante 140
MathisKcr posts ante 140
Monchator posts ante 140
la-Bete592 posts ante 140
LeCerisier posts small blind 600
eirax posts big blind 1200
Dealt to MathisKcr [6c Qd]
*** PRE-FLOP *** 
la-Bete592 folds
MathisKcr raises 1200 to 2400
Monchator folds
LeCerisier folds
eirax folds
MathisKcr collected 4900 from pot
*** SUMMARY ***
Total pot 4900 | No rake
Seat 1: MathisKcr won 4900


Winamax Poker - Tournament "SPACE KO" buyIn: 0.45€ + 0.05€ level: 11 - HandId: #4523805206525247520-116-1772117645 - Holdem no limit (140/600/1200) - 2026/02/26 14:54:05 UTC
Table: 'SPACE KO(1053280478)#0031' 6-max (real money) Seat #4 is the button
Seat 1: MathisKcr (90336, 0.55€ bounty)
Seat 2: Monchator (14060, 0.25€ bounty)
Seat 4: LeCerisier (125746, 0.59€ bounty)
Seat 5: eirax (99334, 0.79€ bounty)
Seat 6: la-Bete592 (69156, 0.74€ bounty)
*** ANTE/BLINDS ***
eirax posts ante 140
la-Bete592 posts ante 140
MathisKcr posts ante 140
Monchator posts ante 140
LeCerisier posts ante 140
eirax posts small blind 600
la-Bete592 posts big blind 1200
Dealt to MathisKcr [3h Ks]
*** PRE-FLOP *** 
MathisKcr raises 1200 to 2400
Monchator folds
LeCerisier folds
eirax folds
la-Bete592 calls 1200
*** FLOP *** [8c 8s Kh]
la-Bete592 bets 3000
MathisKcr calls 3000
*** TURN *** [8c 8s Kh][Ts]
la-Bete592 bets 7260
MathisKcr folds
la-Bete592 collected 19360 from pot
*** SUMMARY ***
Total pot 19360 | No rake
Board: [8c 8s Kh Ts]
Seat 6: la-Bete592 (big blind) won 19360


Winamax Poker - Tournament "SPACE KO" buyIn: 0.45€ + 0.05€ level: 11 - HandId: #4523805206525247520-117-1772118060 - Holdem no limit (140/600/1200) - 2026/02/26 15:01:00 UTC
Table: 'SPACE KO(1053280478)#0031' 6-max (real money) Seat #5 is the button
Seat 1: MathisKcr (84796, 0.55€ bounty)
Seat 2: Monchator (13920, 0.25€ bounty)
Seat 3: Hich92G (262488, 0.62€ bounty)
Seat 4: LeCerisier (125606, 0.59€ bounty)
Seat 5: eirax (98594, 0.79€ bounty)
Seat 6: la-Bete592 (75716, 0.74€ bounty)
*** ANTE/BLINDS ***
la-Bete592 posts ante 140
MathisKcr posts ante 140
Monchator posts ante 140
Hich92G posts ante 140
LeCerisier posts ante 140
eirax posts ante 140
la-Bete592 posts small blind 600
MathisKcr posts big blind 1200
Dealt to MathisKcr [2h 8s]
*** PRE-FLOP *** 
Monchator folds
Hich92G calls 1200
LeCerisier folds
eirax folds
la-Bete592 folds
MathisKcr checks
*** FLOP *** [4h 5h 3c]
MathisKcr bets 2400
Hich92G calls 2400
*** TURN *** [4h 5h 3c][9d]
MathisKcr checks
Hich92G bets 8640
MathisKcr folds
Hich92G collected 17280 from pot
*** SUMMARY ***
Total pot 17280 | No rake
Board: [4h 5h 3c 9d]
Seat 3: Hich92G won 17280


Winamax Poker - Tournament "SPACE KO" buyIn: 0.45€ + 0.05€ level: 11 - HandId: #4523805206525247520-118-1772118101 - Holdem no limit (140/600/1200) - 2026/02/26 15:01:41 UTC
Table: 'SPACE KO(1053280478)#0031' 6-max (real money) Seat #6 is the button
Seat 1: MathisKcr (81056, 0.55€ bounty)
Seat 2: Monchator (13780, 0.25€ bounty)
Seat 3: Hich92G (267388, 0.62€ bounty)
Seat 4: LeCerisier (125466, 0.59€ bounty)
Seat 5: eirax (98454, 0.79€ bounty)
Seat 6: la-Bete592 (74976, 0.74€ bounty)
*** ANTE/BLINDS ***
MathisKcr posts ante 140
Monchator posts ante 140
Hich92G posts ante 140
LeCerisier posts ante 140
eirax posts ante 140
la-Bete592 posts ante 140
MathisKcr posts small blind 600
Monchator posts big blind 1200
Dealt to MathisKcr [Js 4d]
*** PRE-FLOP *** 
Hich92G folds
LeCerisier folds
eirax folds
la-Bete592 folds
MathisKcr raises 1200 to 2400
Monchator calls 1200
*** FLOP *** [As Jh Ad]
MathisKcr bets 3666
Monchator folds
MathisKcr collected 9306 from pot
*** SUMMARY ***
Total pot 9306 | No rake
Board: [As Jh Ad]
Seat 1: MathisKcr (small blind) won 9306


Winamax Poker - Tournament "SPACE KO" buyIn: 0.45€ + 0.05€ level: 11 - HandId: #4523805206525247520-119-1772118136 - Holdem no limit (140/600/1200) - 2026/02/26 15:02:16 UTC
Table: 'SPACE KO(1053280478)#0031' 6-max (real money) Seat #1 is the button
Seat 1: MathisKcr (84156, 0.55€ bounty)
Seat 2: Monchator (11240, 0.25€ bounty)
Seat 3: Hich92G (267248, 0.62€ bounty)
Seat 4: LeCerisier (125326, 0.59€ bounty)
Seat 5: eirax (98314, 0.79€ bounty)
Seat 6: la-Bete592 (74836, 0.74€ bounty)
*** ANTE/BLINDS ***
Monchator posts ante 140
Hich92G posts ante 140
MathisKcr posts ante 140
LeCerisier posts ante 140
eirax posts ante 140
la-Bete592 posts ante 140
Monchator posts small blind 600
Hich92G posts big blind 1200
Dealt to MathisKcr [3c 5c]
*** PRE-FLOP *** 
LeCerisier calls 1200
eirax folds
la-Bete592 calls 1200
MathisKcr folds
Monchator calls 600
Hich92G checks
*** FLOP *** [Kc 8d Js]
Monchator checks
Hich92G checks
LeCerisier checks
la-Bete592 checks
*** TURN *** [Kc 8d Js][Ah]
Monchator checks
Hich92G checks
LeCerisier checks
la-Bete592 bets 3000
Monchator folds
Hich92G folds
LeCerisier folds
la-Bete592 collected 8640 from pot
*** SUMMARY ***
Total pot 8640 | No rake
Board: [Kc 8d Js Ah]
Seat 6: la-Bete592 won 8640


Winamax Poker - Tournament "SPACE KO" buyIn: 0.45€ + 0.05€ level: 12 - HandId: #4523805206525247520-120-1772118201 - Holdem no limit (160/700/1400) - 2026/02/26 15:03:21 UTC
Table: 'SPACE KO(1053280478)#0031' 6-max (real money) Seat #2 is the button
Seat 1: MathisKcr (84016, 0.55€ bounty)
Seat 2: Monchator (9900, 0.25€ bounty)
Seat 3: Hich92G (265908, 0.62€ bounty)
Seat 4: LeCerisier (123986, 0.59€ bounty)
Seat 5: eirax (98174, 0.79€ bounty)
Seat 6: la-Bete592 (79136, 0.74€ bounty)
*** ANTE/BLINDS ***
Hich92G posts ante 160
LeCerisier posts ante 160
MathisKcr posts ante 160
Monchator posts ante 160
eirax posts ante 160
la-Bete592 posts ante 160
Hich92G posts small blind 700
LeCerisier posts big blind 1400
Dealt to MathisKcr [Jd 8s]
*** PRE-FLOP *** 
eirax folds
la-Bete592 calls 1400
MathisKcr raises 1400 to 2800
Monchator raises 6940 to 9740 and is all-in
Hich92G folds
LeCerisier folds
la-Bete592 folds
MathisKcr calls 6940
*** FLOP *** [Kc 6c 2h]
*** TURN *** [Kc 6c 2h][6d]
*** RIVER *** [Kc 6c 2h 6d][Qh]
*** SHOW DOWN ***
MathisKcr shows [Jd 8s] (One pair : 6)
Monchator shows [5s 5d] (Two pairs : 6 and 5)
Monchator collected 23940 from pot
*** SUMMARY ***
Total pot 23940 | No rake
Board: [Kc 6c 2h 6d Qh]
Seat 1: MathisKcr showed [Jd 8s] and lost with One pair : 6
Seat 2: Monchator (button) showed [5s 5d] and won 23940 with Two pairs : 6 and 5


Winamax Poker - Tournament "SPACE KO" buyIn: 0.45€ + 0.05€ level: 12 - HandId: #4523805206525247520-121-1772118228 - Holdem no limit (160/700/1400) - 2026/02/26 15:03:48 UTC
Table: 'SPACE KO(1053280478)#0031' 6-max (real money) Seat #3 is the button
Seat 1: MathisKcr (74116, 0.55€ bounty)
Seat 2: Monchator (23940, 0.25€ bounty)
Seat 3: Hich92G (265048, 0.62€ bounty)
Seat 4: LeCerisier (122426, 0.59€ bounty)
Seat 5: eirax (98014, 0.79€ bounty)
*** ANTE/BLINDS ***
LeCerisier posts ante 160
eirax posts ante 160
MathisKcr posts ante 160
Monchator posts ante 160
Hich92G posts ante 160
LeCerisier posts small blind 700
eirax posts big blind 1400
Dealt to MathisKcr [3s 4h]
*** PRE-FLOP *** 
MathisKcr folds
Monchator folds
Hich92G calls 1400
LeCerisier calls 700
eirax checks
*** FLOP *** [7s Qs Qh]
LeCerisier checks
eirax checks
Hich92G checks
*** TURN *** [7s Qs Qh][Th]
LeCerisier checks
eirax checks
Hich92G checks
*** RIVER *** [7s Qs Qh Th][Jd]
LeCerisier checks
eirax checks
Hich92G bets 5000
LeCerisier folds
eirax folds
Hich92G collected 10000 from pot
*** SUMMARY ***
Total pot 10000 | No rake
Board: [7s Qs Qh Th Jd]
Seat 3: Hich92G (button) won 10000


Winamax Poker - Tournament "SPACE KO" buyIn: 0.45€ + 0.05€ level: 12 - HandId: #4523805206525247520-122-1772118268 - Holdem no limit (160/700/1400) - 2026/02/26 15:04:28 UTC
Table: 'SPACE KO(1053280478)#0031' 6-max (real money) Seat #4 is the button
Seat 1: MathisKcr (73956, 0.55€ bounty)
Seat 2: Monchator (23780, 0.25€ bounty)
Seat 3: Hich92G (268488, 0.62€ bounty)
Seat 4: LeCerisier (120866, 0.59€ bounty)
Seat 5: eirax (96454, 0.79€ bounty)
*** ANTE/BLINDS ***
eirax posts ante 160
MathisKcr posts ante 160
Monchator posts ante 160
Hich92G posts ante 160
LeCerisier posts ante 160
eirax posts small blind 700
MathisKcr posts big blind 1400
Dealt to MathisKcr [8h 3d]
*** PRE-FLOP *** 
Monchator calls 1400
Hich92G calls 1400
LeCerisier folds
eirax folds
MathisKcr checks
*** FLOP *** [4d 7h 9s]
MathisKcr checks
Monchator bets 3705
Hich92G folds
MathisKcr folds
Monchator collected 9405 from pot
*** SUMMARY ***
Total pot 9405 | No rake
Board: [4d 7h 9s]
Seat 2: Monchator won 9405


Winamax Poker - Tournament "SPACE KO" buyIn: 0.45€ + 0.05€ level: 12 - HandId: #4523805206525247520-123-1772118287 - Holdem no limit (160/700/1400) - 2026/02/26 15:04:47 UTC
Table: 'SPACE KO(1053280478)#0031' 6-max (real money) Seat #5 is the button
Seat 1: MathisKcr (72396, 0.55€ bounty)
Seat 2: Monchator (27920, 0.25€ bounty)
Seat 3: Hich92G (266928, 0.62€ bounty)
Seat 4: LeCerisier (120706, 0.59€ bounty)
Seat 5: eirax (95594, 0.79€ bounty)
*** ANTE/BLINDS ***
MathisKcr posts ante 160
Monchator posts ante 160
Hich92G posts ante 160
LeCerisier posts ante 160
eirax posts ante 160
MathisKcr posts small blind 700
Monchator posts big blind 1400
Dealt to MathisKcr [Kh 4d]
*** PRE-FLOP *** 
Hich92G folds
LeCerisier folds
eirax raises 1400 to 2800
MathisKcr calls 2100
Monchator calls 1400
*** FLOP *** [Qs Ah Ks]
MathisKcr bets 3220
Monchator calls 3220
eirax folds
*** TURN *** [Qs Ah Ks][Jd]
MathisKcr checks
Monchator checks
*** RIVER *** [Qs Ah Ks Jd][Ad]
MathisKcr checks
Monchator checks
*** SHOW DOWN ***
MathisKcr shows [Kh 4d] (Two pairs : Aces and Kings)
Monchator shows [Kc Qc] (Two pairs : Aces and Kings)
Monchator collected 7820 from pot
MathisKcr collected 7820 from pot
*** SUMMARY ***
Total pot 15640 | No rake
Board: [Qs Ah Ks Jd Ad]
Seat 1: MathisKcr (small blind) showed [Kh 4d] and won 7820 with Two pairs : Aces and Kings
Seat 2: Monchator (big blind) showed [Kc Qc] and won 7820 with Two pairs : Aces and Kings


Winamax Poker - Tournament "SPACE KO" buyIn: 0.45€ + 0.05€ level: 12 - HandId: #4523805206525247520-124-1772118318 - Holdem no limit (160/700/1400) - 2026/02/26 15:05:18 UTC
Table: 'SPACE KO(1053280478)#0031' 6-max (real money) Seat #1 is the button
Seat 1: MathisKcr (74036, 0.55€ bounty)
Seat 2: Monchator (29560, 0.25€ bounty)
Seat 3: Hich92G (266768, 0.62€ bounty)
Seat 4: LeCerisier (120546, 0.59€ bounty)
Seat 5: eirax (92634, 0.79€ bounty)
*** ANTE/BLINDS ***
Monchator posts ante 160
Hich92G posts ante 160
MathisKcr posts ante 160
LeCerisier posts ante 160
eirax posts ante 160
Monchator posts small blind 700
Hich92G posts big blind 1400
Dealt to MathisKcr [2h Ah]
*** PRE-FLOP *** 
LeCerisier folds
eirax raises 1400 to 2800
MathisKcr calls 2800
Monchator folds
Hich92G raises 4200 to 7000
eirax calls 4200
MathisKcr raises 66876 to 73876 and is all-in
Hich92G calls 66876
eirax folds
*** FLOP *** [8c Qc As]
*** TURN *** [8c Qc As][8d]
*** RIVER *** [8c Qc As 8d][2s]
*** SHOW DOWN ***
Hich92G shows [Ks Kd] (Two pairs : Kings and 8)
MathisKcr shows [2h Ah] (Two pairs : Aces and 8)
MathisKcr collected 156252 from pot
*** SUMMARY ***
Total pot 156252 | No rake
Board: [8c Qc As 8d 2s]
Seat 1: MathisKcr (button) showed [2h Ah] and won 156252 with Two pairs : Aces and 8
Seat 3: Hich92G (big blind) showed [Ks Kd] and lost with Two pairs : Kings and 8


Winamax Poker - Tournament "SPACE KO" buyIn: 0.45€ + 0.05€ level: 12 - HandId: #4523805206525247520-125-1772118347 - Holdem no limit (160/700/1400) - 2026/02/26 15:05:47 UTC
Table: 'SPACE KO(1053280478)#0031' 6-max (real money) Seat #2 is the button
Seat 1: MathisKcr (156252, 0.55€ bounty)
Seat 2: Monchator (28700, 0.25€ bounty)
Seat 3: Hich92G (192732, 0.62€ bounty)
Seat 4: LeCerisier (120386, 0.59€ bounty)
Seat 5: eirax (85474, 0.79€ bounty)
Seat 6: Gamer97430 (197453, 0.97€ bounty)
*** ANTE/BLINDS ***
Hich92G posts ante 160
LeCerisier posts ante 160
MathisKcr posts ante 160
Monchator posts ante 160
eirax posts ante 160
Gamer97430 posts ante 160
Hich92G posts small blind 700
LeCerisier posts big blind 1400
Dealt to MathisKcr [2s Jc]
*** PRE-FLOP *** 
eirax folds
Gamer97430 folds
MathisKcr folds
Monchator folds
Hich92G folds
LeCerisier collected 3060 from pot
*** SUMMARY ***
Total pot 3060 | No rake
Seat 4: LeCerisier (big blind) won 3060


Winamax Poker - Tournament "SPACE KO" buyIn: 0.45€ + 0.05€ level: 12 - HandId: #4523805206525247520-126-1772118360 - Holdem no limit (160/700/1400) - 2026/02/26 15:06:00 UTC
Table: 'SPACE KO(1053280478)#0031' 6-max (real money) Seat #3 is the button
Seat 1: MathisKcr (156092, 0.55€ bounty)
Seat 2: Monchator (28540, 0.25€ bounty)
Seat 3: Hich92G (191872, 0.62€ bounty)
Seat 4: LeCerisier (121886, 0.59€ bounty)
Seat 5: eirax (85314, 0.79€ bounty)
Seat 6: Gamer97430 (197293, 0.97€ bounty)
*** ANTE/BLINDS ***
LeCerisier posts ante 160
eirax posts ante 160
MathisKcr posts ante 160
Monchator posts ante 160
Hich92G posts ante 160
Gamer97430 posts ante 160
LeCerisier posts small blind 700
eirax posts big blind 1400
Dealt to MathisKcr [Kh Ks]
*** PRE-FLOP *** 
Gamer97430 calls 1400
MathisKcr raises 1400 to 2800
Monchator folds
Hich92G calls 2800
LeCerisier folds
eirax calls 1400
Gamer97430 calls 1400
*** FLOP *** [9h Qs 9s]
eirax checks
Gamer97430 checks
MathisKcr bets 6430
Hich92G folds
eirax folds
Gamer97430 calls 6430
*** TURN *** [9h Qs 9s][6s]
Gamer97430 checks
MathisKcr bets 16718
Gamer97430 raises 171185 to 187903 and is all-in
MathisKcr folds
Gamer97430 collected 230341 from pot
*** SUMMARY ***
Total pot 230341 | No rake
Board: [9h Qs 9s 6s]
Seat 6: Gamer97430 won 230341


Winamax Poker - Tournament "SPACE KO" buyIn: 0.45€ + 0.05€ level: 12 - HandId: #4523805206525247520-127-1772118419 - Holdem no limit (160/700/1400) - 2026/02/26 15:06:59 UTC
Table: 'SPACE KO(1053280478)#0031' 6-max (real money) Seat #4 is the button
Seat 1: MathisKcr (129984, 0.55€ bounty)
Seat 2: Monchator (28380, 0.25€ bounty)
Seat 3: Hich92G (188912, 0.62€ bounty)
Seat 4: LeCerisier (121026, 0.59€ bounty)
Seat 5: eirax (82354, 0.79€ bounty)
Seat 6: Gamer97430 (230341, 0.97€ bounty)
*** ANTE/BLINDS ***
eirax posts ante 160
Gamer97430 posts ante 160
MathisKcr posts ante 160
Monchator posts ante 160
Hich92G posts ante 160
LeCerisier posts ante 160
eirax posts small blind 700
Gamer97430 posts big blind 1400
Dealt to MathisKcr [Td Ts]
*** PRE-FLOP *** 
MathisKcr raises 128424 to 129824 and is all-in
Monchator folds
Hich92G folds
LeCerisier folds
eirax folds
Gamer97430 folds
MathisKcr collected 132884 from pot
*** SUMMARY ***
Total pot 132884 | No rake
Seat 1: MathisKcr won 132884


Winamax Poker - Tournament "SPACE KO" buyIn: 0.45€ + 0.05€ level: 12 - HandId: #4523805206525247520-128-1772118442 - Holdem no limit (160/700/1400) - 2026/02/26 15:07:22 UTC
Table: 'SPACE KO(1053280478)#0031' 6-max (real money) Seat #5 is the button
Seat 1: MathisKcr (132884, 0.55€ bounty)
Seat 2: Monchator (28220, 0.25€ bounty)
Seat 3: Hich92G (188752, 0.62€ bounty)
Seat 4: LeCerisier (120866, 0.59€ bounty)
Seat 5: eirax (81494, 0.79€ bounty)
Seat 6: Gamer97430 (228781, 0.97€ bounty)
*** ANTE/BLINDS ***
Gamer97430 posts ante 160
MathisKcr posts ante 160
Monchator posts ante 160
Hich92G posts ante 160
LeCerisier posts ante 160
eirax posts ante 160
Gamer97430 posts small blind 700
MathisKcr posts big blind 1400
Dealt to MathisKcr [4s 9c]
*** PRE-FLOP *** 
Monchator folds
Hich92G folds
LeCerisier folds
eirax folds
Gamer97430 folds
MathisKcr collected 3060 from pot
*** SUMMARY ***
Total pot 3060 | No rake
Seat 1: MathisKcr (big blind) won 3060


Winamax Poker - Tournament "SPACE KO" buyIn: 0.45€ + 0.05€ level: 12 - HandId: #4523805206525247520-129-1772118452 - Holdem no limit (160/700/1400) - 2026/02/26 15:07:32 UTC
Table: 'SPACE KO(1053280478)#0031' 6-max (real money) Seat #6 is the button
Seat 1: MathisKcr (134384, 0.55€ bounty)
Seat 2: Monchator (28060, 0.25€ bounty)
Seat 3: Hich92G (188592, 0.62€ bounty)
Seat 4: LeCerisier (120706, 0.59€ bounty)
Seat 5: eirax (81334, 0.79€ bounty)
Seat 6: Gamer97430 (227921, 0.97€ bounty)
*** ANTE/BLINDS ***
MathisKcr posts ante 160
Monchator posts ante 160
Hich92G posts ante 160
LeCerisier posts ante 160
eirax posts ante 160
Gamer97430 posts ante 160
MathisKcr posts small blind 700
Monchator posts big blind 1400
Dealt to MathisKcr [As 4d]
*** PRE-FLOP *** 
Hich92G folds
LeCerisier folds
eirax raises 1400 to 2800
Gamer97430 calls 2800
MathisKcr calls 2100
Monchator calls 1400
*** FLOP *** [2c Js Jd]
MathisKcr checks
Monchator checks
eirax checks
Gamer97430 checks
*** TURN *** [2c Js Jd][Ah]
MathisKcr bets 4256
Monchator folds
eirax calls 4256
Gamer97430 folds
*** RIVER *** [2c Js Jd Ah][7h]
MathisKcr checks
eirax checks
*** SHOW DOWN ***
eirax shows [8d 8c] (Two pairs : Jacks and 8)
MathisKcr shows [As 4d] (Two pairs : Aces and Jacks)
MathisKcr collected 20672 from pot
*** SUMMARY ***
Total pot 20672 | No rake
Board: [2c Js Jd Ah 7h]
Seat 1: MathisKcr (small blind) showed [As 4d] and won 20672 with Two pairs : Aces and Jacks
Seat 5: eirax showed [8d 8c] and lost with Two pairs : Jacks and 8


Winamax Poker - Tournament "SPACE KO" buyIn: 0.45€ + 0.05€ level: 12 - HandId: #4523805206525247520-130-1772118496 - Holdem no limit (160/700/1400) - 2026/02/26 15:08:16 UTC
Table: 'SPACE KO(1053280478)#0031' 6-max (real money) Seat #1 is the button
Seat 1: MathisKcr (147840, 0.55€ bounty)
Seat 2: Monchator (25100, 0.25€ bounty)
Seat 3: Hich92G (188432, 0.62€ bounty)
Seat 4: LeCerisier (120546, 0.59€ bounty)
Seat 5: eirax (74118, 0.79€ bounty)
Seat 6: Gamer97430 (224961, 0.97€ bounty)
*** ANTE/BLINDS ***
Monchator posts ante 160
Hich92G posts ante 160
MathisKcr posts ante 160
LeCerisier posts ante 160
eirax posts ante 160
Gamer97430 posts ante 160
Monchator posts small blind 700
Hich92G posts big blind 1400
Dealt to MathisKcr [5c As]
*** PRE-FLOP *** 
LeCerisier calls 1400
eirax folds
Gamer97430 folds
MathisKcr raises 1400 to 2800
Monchator calls 2100
Hich92G calls 1400
LeCerisier calls 1400
*** FLOP *** [Qh 9d Js]
Monchator bets 4256
Hich92G folds
LeCerisier folds
MathisKcr folds
Monchator collected 16416 from pot
*** SUMMARY ***
Total pot 16416 | No rake
Board: [Qh 9d Js]
Seat 2: Monchator (small blind) won 16416


Winamax Poker - Tournament "SPACE KO" buyIn: 0.45€ + 0.05€ level: 12 - HandId: #4523805206525247520-131-1772118524 - Holdem no limit (160/700/1400) - 2026/02/26 15:08:44 UTC
Table: 'SPACE KO(1053280478)#0031' 6-max (real money) Seat #2 is the button
Seat 1: MathisKcr (144880, 0.55€ bounty)
Seat 2: Monchator (34300, 0.25€ bounty)
Seat 3: Hich92G (185472, 0.62€ bounty)
Seat 4: LeCerisier (117586, 0.59€ bounty)
Seat 5: eirax (73958, 0.79€ bounty)
Seat 6: Gamer97430 (224801, 0.97€ bounty)
*** ANTE/BLINDS ***
Hich92G posts ante 160
LeCerisier posts ante 160
MathisKcr posts ante 160
Monchator posts ante 160
eirax posts ante 160
Gamer97430 posts ante 160
Hich92G posts small blind 700
LeCerisier posts big blind 1400
Dealt to MathisKcr [Qc 8d]
*** PRE-FLOP *** 
eirax folds
Gamer97430 calls 1400
MathisKcr raises 1400 to 2800
Monchator folds
Hich92G folds
LeCerisier calls 1400
Gamer97430 calls 1400
*** FLOP *** [3s 3h 4c]
LeCerisier checks
Gamer97430 checks
MathisKcr checks
*** TURN *** [3s 3h 4c][9s]
LeCerisier bets 1400
Gamer97430 folds
MathisKcr folds
LeCerisier collected 11460 from pot
*** SUMMARY ***
Total pot 11460 | No rake
Board: [3s 3h 4c 9s]
Seat 4: LeCerisier (big blind) won 11460


Winamax Poker - Tournament "SPACE KO" buyIn: 0.45€ + 0.05€ level: 12 - HandId: #4523805206525247520-132-1772118551 - Holdem no limit (160/700/1400) - 2026/02/26 15:09:11 UTC
Table: 'SPACE KO(1053280478)#0031' 6-max (real money) Seat #3 is the button
Seat 1: MathisKcr (141920, 0.55€ bounty)
Seat 2: Monchator (34140, 0.25€ bounty)
Seat 3: Hich92G (184612, 0.62€ bounty)
Seat 4: LeCerisier (124686, 0.59€ bounty)
Seat 5: eirax (73798, 0.79€ bounty)
Seat 6: Gamer97430 (221841, 0.97€ bounty)
*** ANTE/BLINDS ***
LeCerisier posts ante 160
eirax posts ante 160
MathisKcr posts ante 160
Monchator posts ante 160
Hich92G posts ante 160
Gamer97430 posts ante 160
LeCerisier posts small blind 700
eirax posts big blind 1400
Dealt to MathisKcr [8h 4h]
*** PRE-FLOP *** 
Gamer97430 calls 1400
MathisKcr folds
Monchator folds
Hich92G calls 1400
LeCerisier calls 700
eirax checks
*** FLOP *** [3h 2s 9h]
LeCerisier checks
eirax checks
Gamer97430 checks
Hich92G bets 6560
LeCerisier folds
eirax folds
Gamer97430 folds
Hich92G collected 13120 from pot
*** SUMMARY ***
Total pot 13120 | No rake
Board: [3h 2s 9h]
Seat 3: Hich92G (button) won 13120


Winamax Poker - Tournament "SPACE KO" buyIn: 0.45€ + 0.05€ level: 12 - HandId: #4523805206525247520-133-1772118585 - Holdem no limit (160/700/1400) - 2026/02/26 15:09:45 UTC
Table: 'SPACE KO(1053280478)#0031' 6-max (real money) Seat #4 is the button
Seat 1: MathisKcr (141760, 0.55€ bounty)
Seat 2: Monchator (33980, 0.25€ bounty)
Seat 3: Hich92G (189612, 0.62€ bounty)
Seat 4: LeCerisier (123126, 0.59€ bounty)
Seat 5: eirax (72238, 0.79€ bounty)
Seat 6: Gamer97430 (220281, 0.97€ bounty)
*** ANTE/BLINDS ***
eirax posts ante 160
Gamer97430 posts ante 160
MathisKcr posts ante 160
Monchator posts ante 160
Hich92G posts ante 160
LeCerisier posts ante 160
eirax posts small blind 700
Gamer97430 posts big blind 1400
Dealt to MathisKcr [Jc Ks]
*** PRE-FLOP *** 
MathisKcr raises 1400 to 2800
Monchator folds
Hich92G folds
LeCerisier folds
eirax folds
Gamer97430 folds
MathisKcr collected 5860 from pot
*** SUMMARY ***
Total pot 5860 | No rake
Seat 1: MathisKcr won 5860


Winamax Poker - Tournament "SPACE KO" buyIn: 0.45€ + 0.05€ level: 12 - HandId: #4523805206525247520-134-1772118599 - Holdem no limit (160/700/1400) - 2026/02/26 15:09:59 UTC
Table: 'SPACE KO(1053280478)#0031' 6-max (real money) Seat #5 is the button
Seat 1: MathisKcr (144660, 0.55€ bounty)
Seat 2: Monchator (33820, 0.25€ bounty)
Seat 3: Hich92G (189452, 0.62€ bounty)
Seat 4: LeCerisier (122966, 0.59€ bounty)
Seat 5: eirax (71378, 0.79€ bounty)
Seat 6: Gamer97430 (218721, 0.97€ bounty)
*** ANTE/BLINDS ***
Gamer97430 posts ante 160
MathisKcr posts ante 160
Monchator posts ante 160
Hich92G posts ante 160
LeCerisier posts ante 160
eirax posts ante 160
Gamer97430 posts small blind 700
MathisKcr posts big blind 1400
Dealt to MathisKcr [5s Ad]
*** PRE-FLOP *** 
Monchator folds
Hich92G calls 1400
LeCerisier folds
eirax folds
Gamer97430 raises 1400 to 2800
MathisKcr raises 2800 to 5600
Hich92G calls 4200
Gamer97430 calls 2800
*** FLOP *** [3h Qc 7s]
Gamer97430 checks
MathisKcr checks
Hich92G bets 183692 and is all-in
Gamer97430 folds
MathisKcr folds
Hich92G collected 201452 from pot
*** SUMMARY ***
Total pot 201452 | No rake
Board: [3h Qc 7s]
Seat 3: Hich92G won 201452


Winamax Poker - Tournament "SPACE KO" buyIn: 0.45€ + 0.05€ level: 12 - HandId: #4523805206525247520-135-1772118623 - Holdem no limit (160/700/1400) - 2026/02/26 15:10:23 UTC
Table: 'SPACE KO(1053280478)#0031' 6-max (real money) Seat #6 is the button
Seat 1: MathisKcr (138900, 0.55€ bounty)
Seat 2: Monchator (33660, 0.25€ bounty)
Seat 3: Hich92G (201452, 0.62€ bounty)
Seat 4: LeCerisier (122806, 0.59€ bounty)
Seat 5: eirax (71218, 0.79€ bounty)
Seat 6: Gamer97430 (212961, 0.97€ bounty)
*** ANTE/BLINDS ***
MathisKcr posts ante 160
Monchator posts ante 160
Hich92G posts ante 160
LeCerisier posts ante 160
eirax posts ante 160
Gamer97430 posts ante 160
MathisKcr posts small blind 700
Monchator posts big blind 1400
Dealt to MathisKcr [5h 3h]
*** PRE-FLOP *** 
Hich92G folds
LeCerisier folds
eirax folds
Gamer97430 folds
MathisKcr raises 1400 to 2800
Monchator calls 1400
*** FLOP *** [Qd 3d 9s]
MathisKcr bets 3500
Monchator folds
MathisKcr collected 10060 from pot
*** SUMMARY ***
Total pot 10060 | No rake
Board: [Qd 3d 9s]
Seat 1: MathisKcr (small blind) won 10060


Winamax Poker - Tournament "SPACE KO" buyIn: 0.45€ + 0.05€ level: 12 - HandId: #4523805206525247520-136-1772118652 - Holdem no limit (160/700/1400) - 2026/02/26 15:10:52 UTC
Table: 'SPACE KO(1053280478)#0031' 6-max (real money) Seat #1 is the button
Seat 1: MathisKcr (142500, 0.55€ bounty)
Seat 2: Monchator (30700, 0.25€ bounty)
Seat 3: Hich92G (201292, 0.62€ bounty)
Seat 4: LeCerisier (122646, 0.59€ bounty)
Seat 5: eirax (71058, 0.79€ bounty)
Seat 6: Gamer97430 (212801, 0.97€ bounty)
*** ANTE/BLINDS ***
Monchator posts ante 160
Hich92G posts ante 160
MathisKcr posts ante 160
LeCerisier posts ante 160
eirax posts ante 160
Gamer97430 posts ante 160
Monchator posts small blind 700
Hich92G posts big blind 1400
Dealt to MathisKcr [8h 6h]
*** PRE-FLOP *** 
LeCerisier calls 1400
eirax calls 1400
Gamer97430 raises 1400 to 2800
MathisKcr folds
Monchator folds
Hich92G calls 1400
LeCerisier calls 1400
eirax calls 1400
*** FLOP *** [7d 6s 4c]
Hich92G bets 4501
LeCerisier folds
eirax calls 4501
Gamer97430 folds
*** TURN *** [7d 6s 4c][8s]
Hich92G checks
eirax bets 15303
Hich92G folds
eirax collected 37165 from pot
*** SUMMARY ***
Total pot 37165 | No rake
Board: [7d 6s 4c 8s]
Seat 5: eirax won 37165


Winamax Poker - Tournament "SPACE KO" buyIn: 0.45€ + 0.05€ level: 13 - HandId: #4523805206525247520-137-1772118696 - Holdem no limit (200/800/1600) - 2026/02/26 15:11:36 UTC
Table: 'SPACE KO(1053280478)#0031' 6-max (real money) Seat #2 is the button
Seat 1: MathisKcr (142340, 0.55€ bounty)
Seat 2: Monchator (29840, 0.25€ bounty)
Seat 3: Hich92G (193831, 0.62€ bounty)
Seat 4: LeCerisier (119686, 0.59€ bounty)
Seat 5: eirax (85459, 0.79€ bounty)
Seat 6: Gamer97430 (209841, 0.97€ bounty)
*** ANTE/BLINDS ***
Hich92G posts ante 200
LeCerisier posts ante 200
MathisKcr posts ante 200
Monchator posts ante 200
eirax posts ante 200
Gamer97430 posts ante 200
Hich92G posts small blind 800
LeCerisier posts big blind 1600
Dealt to MathisKcr [2h 8h]
*** PRE-FLOP *** 
eirax folds
Gamer97430 calls 1600
MathisKcr folds
Monchator calls 1600
Hich92G calls 800
LeCerisier checks
*** FLOP *** [2c Ks 5c]
Hich92G checks
LeCerisier bets 1600
Gamer97430 folds
Monchator folds
Hich92G folds
LeCerisier collected 9200 from pot
*** SUMMARY ***
Total pot 9200 | No rake
Board: [2c Ks 5c]
Seat 4: LeCerisier (big blind) won 9200


Winamax Poker - Tournament "SPACE KO" buyIn: 0.45€ + 0.05€ level: 13 - HandId: #4523805206525247520-138-1772118760 - Holdem no limit (200/800/1600) - 2026/02/26 15:12:40 UTC
Table: 'SPACE KO(1053280478)#0031' 6-max (real money) Seat #3 is the button
Seat 1: MathisKcr (142140, 0.55€ bounty)
Seat 2: Monchator (28040, 0.25€ bounty)
Seat 3: Hich92G (192031, 0.62€ bounty)
Seat 4: LeCerisier (125486, 0.59€ bounty)
Seat 5: eirax (85259, 0.79€ bounty)
Seat 6: Gamer97430 (208041, 0.97€ bounty)
*** ANTE/BLINDS ***
LeCerisier posts ante 200
eirax posts ante 200
MathisKcr posts ante 200
Monchator posts ante 200
Hich92G posts ante 200
Gamer97430 posts ante 200
LeCerisier posts small blind 800
eirax posts big blind 1600
Dealt to MathisKcr [9s 7h]
*** PRE-FLOP *** 
Gamer97430 raises 1600 to 3200
MathisKcr folds
Monchator calls 3200
Hich92G folds
LeCerisier folds
eirax folds
*** FLOP *** [2s Jc Qs]
Gamer97430 checks
Monchator checks
*** TURN *** [2s Jc Qs][4d]
Gamer97430 checks
Monchator bets 1600
Gamer97430 calls 1600
*** RIVER *** [2s Jc Qs 4d][5c]
Gamer97430 checks
Monchator checks
*** SHOW DOWN ***
Gamer97430 shows [6d Kd] (High card : King)
Monchator shows [As 9c] (High card : Ace)
Monchator collected 13200 from pot
*** SUMMARY ***
Total pot 13200 | No rake
Board: [2s Jc Qs 4d 5c]
Seat 2: Monchator showed [As 9c] and won 13200 with High card : Ace
Seat 6: Gamer97430 showed [6d Kd] and lost with High card : King


Winamax Poker - Tournament "SPACE KO" buyIn: 0.45€ + 0.05€ level: 13 - HandId: #4523805206525247520-139-1772118819 - Holdem no limit (200/800/1600) - 2026/02/26 15:13:39 UTC
Table: 'SPACE KO(1053280478)#0031' 6-max (real money) Seat #4 is the button
Seat 1: MathisKcr (141940, 0.55€ bounty)
Seat 2: Monchator (36240, 0.25€ bounty)
Seat 3: Hich92G (191831, 0.62€ bounty)
Seat 4: LeCerisier (124486, 0.59€ bounty)
Seat 5: eirax (83459, 0.79€ bounty)
Seat 6: Gamer97430 (203041, 0.97€ bounty)
*** ANTE/BLINDS ***
eirax posts ante 200
Gamer97430 posts ante 200
MathisKcr posts ante 200
Monchator posts ante 200
Hich92G posts ante 200
LeCerisier posts ante 200
eirax posts small blind 800
Gamer97430 posts big blind 1600
Dealt to MathisKcr [5h 4h]
*** PRE-FLOP *** 
MathisKcr folds
Monchator folds
Hich92G folds
LeCerisier calls 1600
eirax folds
Gamer97430 raises 2400 to 4000
LeCerisier calls 2400
*** FLOP *** [6s 7h 6c]
Gamer97430 checks
LeCerisier checks
*** TURN *** [6s 7h 6c][Jh]
Gamer97430 checks
LeCerisier checks
*** RIVER *** [6s 7h 6c Jh][Th]
Gamer97430 bets 3500
LeCerisier calls 3500
*** SHOW DOWN ***
LeCerisier shows [9d Ah] (One pair : 6)
Gamer97430 shows [3d As] (One pair : 6)
Gamer97430 collected 8500 from pot
LeCerisier collected 8500 from pot
*** SUMMARY ***
Total pot 17000 | No rake
Board: [6s 7h 6c Jh Th]
Seat 4: LeCerisier (button) showed [9d Ah] and won 8500 with One pair : 6
Seat 6: Gamer97430 (big blind) showed [3d As] and won 8500 with One pair : 6


Winamax Poker - Tournament "SPACE KO" buyIn: 0.45€ + 0.05€ level: 13 - HandId: #4523805206525247520-140-1772118856 - Holdem no limit (200/800/1600) - 2026/02/26 15:14:16 UTC
Table: 'SPACE KO(1053280478)#0031' 6-max (real money) Seat #5 is the button
Seat 1: MathisKcr (141740, 0.55€ bounty)
Seat 2: Monchator (36040, 0.25€ bounty)
Seat 3: Hich92G (191631, 0.62€ bounty)
Seat 4: LeCerisier (125286, 0.59€ bounty)
Seat 5: eirax (82459, 0.79€ bounty)
Seat 6: Gamer97430 (203841, 0.97€ bounty)
*** ANTE/BLINDS ***
Gamer97430 posts ante 200
MathisKcr posts ante 200
Monchator posts ante 200
Hich92G posts ante 200
LeCerisier posts ante 200
eirax posts ante 200
Gamer97430 posts small blind 800
MathisKcr posts big blind 1600
Dealt to MathisKcr [Ac 4s]
*** PRE-FLOP *** 
Monchator calls 1600
Hich92G folds
LeCerisier folds
eirax folds
Gamer97430 calls 800
MathisKcr raises 1600 to 3200
Monchator calls 1600
Gamer97430 folds
*** FLOP *** [4d 6h 8d]
MathisKcr bets 3200
Monchator folds
MathisKcr collected 12400 from pot
*** SUMMARY ***
Total pot 12400 | No rake
Board: [4d 6h 8d]
Seat 1: MathisKcr (big blind) won 12400


Winamax Poker - Tournament "SPACE KO" buyIn: 0.45€ + 0.05€ level: 13 - HandId: #4523805206525247520-141-1772118915 - Holdem no limit (200/800/1600) - 2026/02/26 15:15:15 UTC
Table: 'SPACE KO(1053280478)#0031' 6-max (real money) Seat #6 is the button
Seat 1: MathisKcr (147540, 0.55€ bounty)
Seat 2: Monchator (32640, 0.25€ bounty)
Seat 3: Hich92G (191431, 0.62€ bounty)
Seat 4: LeCerisier (125086, 0.59€ bounty)
Seat 5: eirax (82259, 0.79€ bounty)
Seat 6: Gamer97430 (202041, 0.97€ bounty)
*** ANTE/BLINDS ***
MathisKcr posts ante 200
Monchator posts ante 200
Hich92G posts ante 200
LeCerisier posts ante 200
eirax posts ante 200
Gamer97430 posts ante 200
MathisKcr posts small blind 800
Monchator posts big blind 1600
Dealt to MathisKcr [3s Ad]
*** PRE-FLOP *** 
Hich92G folds
LeCerisier folds
eirax folds
Gamer97430 folds
MathisKcr raises 1600 to 3200
Monchator calls 1600
*** FLOP *** [7d Ah Jh]
MathisKcr bets 3800
Monchator folds
MathisKcr collected 11400 from pot
*** SUMMARY ***
Total pot 11400 | No rake
Board: [7d Ah Jh]
Seat 1: MathisKcr (small blind) won 11400


Winamax Poker - Tournament "SPACE KO" buyIn: 0.45€ + 0.05€ level: 13 - HandId: #4523805206525247520-142-1772118958 - Holdem no limit (200/800/1600) - 2026/02/26 15:15:58 UTC
Table: 'SPACE KO(1053280478)#0031' 6-max (real money) Seat #1 is the button
Seat 1: MathisKcr (151740, 0.55€ bounty)
Seat 2: Monchator (29240, 0.25€ bounty)
Seat 3: Hich92G (191231, 0.62€ bounty)
Seat 4: LeCerisier (124886, 0.59€ bounty)
Seat 5: eirax (82059, 0.79€ bounty)
Seat 6: Gamer97430 (201841, 0.97€ bounty)
*** ANTE/BLINDS ***
Monchator posts ante 200
Hich92G posts ante 200
MathisKcr posts ante 200
LeCerisier posts ante 200
eirax posts ante 200
Gamer97430 posts ante 200
Monchator posts small blind 800
Hich92G posts big blind 1600
Dealt to MathisKcr [2c 3s]
*** PRE-FLOP *** 
LeCerisier folds
eirax folds
Gamer97430 calls 1600
MathisKcr folds
Monchator calls 800
Hich92G checks
*** FLOP *** [Ac As 9c]
Monchator checks
Hich92G checks
Gamer97430 checks
*** TURN *** [Ac As 9c][Ah]
Monchator bets 1600
Hich92G folds
Gamer97430 folds
Monchator collected 7600 from pot
*** SUMMARY ***
Total pot 7600 | No rake
Board: [Ac As 9c Ah]
Seat 2: Monchator (small blind) won 7600


Winamax Poker - Tournament "SPACE KO" buyIn: 0.45€ + 0.05€ level: 13 - HandId: #4523805206525247520-143-1772119013 - Holdem no limit (200/800/1600) - 2026/02/26 15:16:53 UTC
Table: 'SPACE KO(1053280478)#0031' 6-max (real money) Seat #2 is the button
Seat 1: MathisKcr (151540, 0.55€ bounty)
Seat 2: Monchator (33440, 0.25€ bounty)
Seat 3: Hich92G (189431, 0.62€ bounty)
Seat 4: LeCerisier (124686, 0.59€ bounty)
Seat 5: eirax (81859, 0.79€ bounty)
Seat 6: Gamer97430 (200041, 0.97€ bounty)
*** ANTE/BLINDS ***
Hich92G posts ante 200
LeCerisier posts ante 200
MathisKcr posts ante 200
Monchator posts ante 200
eirax posts ante 200
Gamer97430 posts ante 200
Hich92G posts small blind 800
LeCerisier posts big blind 1600
Dealt to MathisKcr [Qd Tc]
*** PRE-FLOP *** 
eirax folds
Gamer97430 calls 1600
MathisKcr raises 1600 to 3200
Monchator folds
Hich92G calls 2400
LeCerisier raises 121286 to 124486 and is all-in
Gamer97430 folds
MathisKcr folds
Hich92G folds
LeCerisier collected 133686 from pot
*** SUMMARY ***
Total pot 133686 | No rake
Seat 4: LeCerisier (big blind) won 133686


Winamax Poker - Tournament "SPACE KO" buyIn: 0.45€ + 0.05€ level: 13 - HandId: #4523805206525247520-144-1772119056 - Holdem no limit (200/800/1600) - 2026/02/26 15:17:36 UTC
Table: 'SPACE KO(1053280478)#0031' 6-max (real money) Seat #3 is the button
Seat 1: MathisKcr (148140, 0.55€ bounty)
Seat 2: Monchator (33240, 0.25€ bounty)
Seat 3: Hich92G (186031, 0.62€ bounty)
Seat 4: LeCerisier (133686, 0.59€ bounty)
Seat 5: eirax (81659, 0.79€ bounty)
Seat 6: Gamer97430 (198241, 0.97€ bounty)
*** ANTE/BLINDS ***
LeCerisier posts ante 200
eirax posts ante 200
MathisKcr posts ante 200
Monchator posts ante 200
Hich92G posts ante 200
Gamer97430 posts ante 200
LeCerisier posts small blind 800
eirax posts big blind 1600
Dealt to MathisKcr [7h Qs]
*** PRE-FLOP *** 
Gamer97430 folds
MathisKcr raises 1600 to 3200
Monchator calls 3200
Hich92G folds
LeCerisier folds
eirax folds
*** FLOP *** [Jc 5c Qc]
MathisKcr bets 3200
Monchator calls 3200
*** TURN *** [Jc 5c Qc][4d]
MathisKcr bets 141540 and is all-in
Monchator folds
MathisKcr collected 157940 from pot
*** SUMMARY ***
Total pot 157940 | No rake
Board: [Jc 5c Qc 4d]
Seat 1: MathisKcr won 157940


Winamax Poker - Tournament "SPACE KO" buyIn: 0.45€ + 0.05€ level: 13 - HandId: #4523805206525247520-145-1772119120 - Holdem no limit (200/800/1600) - 2026/02/26 15:18:40 UTC
Table: 'SPACE KO(1053280478)#0031' 6-max (real money) Seat #4 is the button
Seat 1: MathisKcr (157940, 0.55€ bounty)
Seat 2: Monchator (26640, 0.25€ bounty)
Seat 3: Hich92G (185831, 0.62€ bounty)
Seat 4: LeCerisier (132686, 0.59€ bounty)
Seat 5: eirax (79859, 0.79€ bounty)
Seat 6: Gamer97430 (198041, 0.97€ bounty)
*** ANTE/BLINDS ***
eirax posts ante 200
Gamer97430 posts ante 200
MathisKcr posts ante 200
Monchator posts ante 200
Hich92G posts ante 200
LeCerisier posts ante 200
eirax posts small blind 800
Gamer97430 posts big blind 1600
Dealt to MathisKcr [6h 7d]
*** PRE-FLOP *** 
MathisKcr folds
Monchator folds
Hich92G folds
LeCerisier folds
eirax folds
Gamer97430 collected 3600 from pot
*** SUMMARY ***
Total pot 3600 | No rake
Seat 6: Gamer97430 (big blind) won 3600


Winamax Poker - Tournament "SPACE KO" buyIn: 0.45€ + 0.05€ level: 13 - HandId: #4523805206525247520-146-1772119133 - Holdem no limit (200/800/1600) - 2026/02/26 15:18:53 UTC
Table: 'SPACE KO(1053280478)#0031' 6-max (real money) Seat #5 is the button
Seat 1: MathisKcr (157740, 0.55€ bounty)
Seat 2: Monchator (26440, 0.25€ bounty)
Seat 3: Hich92G (185631, 0.62€ bounty)
Seat 4: LeCerisier (132486, 0.59€ bounty)
Seat 5: eirax (78859, 0.79€ bounty)
Seat 6: Gamer97430 (199841, 0.97€ bounty)
*** ANTE/BLINDS ***
Gamer97430 posts ante 200
MathisKcr posts ante 200
Monchator posts ante 200
Hich92G posts ante 200
LeCerisier posts ante 200
eirax posts ante 200
Gamer97430 posts small blind 800
MathisKcr posts big blind 1600
Dealt to MathisKcr [Ad 5d]
*** PRE-FLOP *** 
Monchator calls 1600
Hich92G calls 1600
LeCerisier folds
eirax folds
Gamer97430 calls 800
MathisKcr raises 1600 to 3200
Monchator calls 1600
Hich92G calls 1600
Gamer97430 calls 1600
*** FLOP *** [8h Jd Ac]
Gamer97430 checks
MathisKcr bets 4900
Monchator folds
Hich92G folds
Gamer97430 folds
MathisKcr collected 18900 from pot
*** SUMMARY ***
Total pot 18900 | No rake
Board: [8h Jd Ac]
Seat 1: MathisKcr (big blind) won 18900


Winamax Poker - Tournament "SPACE KO" buyIn: 0.45€ + 0.05€ level: 14 - HandId: #4523805206525247520-147-1772119178 - Holdem no limit (250/1000/2000) - 2026/02/26 15:19:38 UTC
Table: 'SPACE KO(1053280478)#0031' 6-max (real money) Seat #6 is the button
Seat 1: MathisKcr (168340, 0.55€ bounty)
Seat 2: Monchator (23040, 0.25€ bounty)
Seat 3: Hich92G (182231, 0.62€ bounty)
Seat 4: LeCerisier (132286, 0.59€ bounty)
Seat 5: eirax (78659, 0.79€ bounty)
Seat 6: Gamer97430 (196441, 0.97€ bounty)
*** ANTE/BLINDS ***
MathisKcr posts ante 250
Monchator posts ante 250
Hich92G posts ante 250
LeCerisier posts ante 250
eirax posts ante 250
Gamer97430 posts ante 250
MathisKcr posts small blind 1000
Monchator posts big blind 2000
Dealt to MathisKcr [9c Kd]
*** PRE-FLOP *** 
Hich92G folds
LeCerisier folds
eirax folds
Gamer97430 folds
MathisKcr raises 2000 to 4000
Monchator folds
MathisKcr collected 7500 from pot
*** SUMMARY ***
Total pot 7500 | No rake
Seat 1: MathisKcr (small blind) won 7500


Winamax Poker - Tournament "SPACE KO" buyIn: 0.45€ + 0.05€ level: 14 - HandId: #4523805206525247520-148-1772119207 - Holdem no limit (250/1000/2000) - 2026/02/26 15:20:07 UTC
Table: 'SPACE KO(1053280478)#0031' 6-max (real money) Seat #1 is the button
Seat 1: MathisKcr (171590, 0.55€ bounty)
Seat 2: Monchator (20790, 0.25€ bounty)
Seat 3: Hich92G (181981, 0.62€ bounty)
Seat 4: LeCerisier (132036, 0.59€ bounty)
Seat 5: eirax (78409, 0.79€ bounty)
Seat 6: Gamer97430 (196191, 0.97€ bounty)
*** ANTE/BLINDS ***
Monchator posts ante 250
Hich92G posts ante 250
MathisKcr posts ante 250
LeCerisier posts ante 250
eirax posts ante 250
Gamer97430 posts ante 250
Monchator posts small blind 1000
Hich92G posts big blind 2000
Dealt to MathisKcr [3d Qd]
*** PRE-FLOP *** 
LeCerisier folds
eirax folds
Gamer97430 raises 2000 to 4000
MathisKcr folds
Monchator folds
Hich92G folds
Gamer97430 collected 8500 from pot
*** SUMMARY ***
Total pot 8500 | No rake
Seat 6: Gamer97430 won 8500


Winamax Poker - Tournament "SPACE KO" buyIn: 0.45€ + 0.05€ level: 14 - HandId: #4523805206525247520-149-1772119226 - Holdem no limit (250/1000/2000) - 2026/02/26 15:20:26 UTC
Table: 'SPACE KO(1053280478)#0031' 6-max (real money) Seat #2 is the button
Seat 1: MathisKcr (171340, 0.55€ bounty)
Seat 2: Monchator (19540, 0.25€ bounty)
Seat 3: Hich92G (179731, 0.62€ bounty)
Seat 4: LeCerisier (131786, 0.59€ bounty)
Seat 5: eirax (78159, 0.79€ bounty)
Seat 6: Gamer97430 (200441, 0.97€ bounty)
*** ANTE/BLINDS ***
Hich92G posts ante 250
LeCerisier posts ante 250
MathisKcr posts ante 250
Monchator posts ante 250
eirax posts ante 250
Gamer97430 posts ante 250
Hich92G posts small blind 1000
LeCerisier posts big blind 2000
Dealt to MathisKcr [3d Jd]
*** PRE-FLOP *** 
eirax folds
Gamer97430 raises 2000 to 4000
MathisKcr folds
Monchator folds
Hich92G calls 3000
LeCerisier calls 2000
*** FLOP *** [Js 2s Ks]
Hich92G bets 4725
LeCerisier folds
Gamer97430 calls 4725
*** TURN *** [Js 2s Ks][5c]
Hich92G bets 8032
Gamer97430 calls 8032
*** RIVER *** [Js 2s Ks 5c][Td]
Hich92G bets 13655
Gamer97430 folds
Hich92G collected 52669 from pot
*** SUMMARY ***
Total pot 52669 | No rake
Board: [Js 2s Ks 5c Td]
Seat 3: Hich92G (small blind) won 52669


Winamax Poker - Tournament "SPACE KO" buyIn: 0.45€ + 0.05€ level: 14 - HandId: #4523805206525247520-150-1772119254 - Holdem no limit (250/1000/2000) - 2026/02/26 15:20:54 UTC
Table: 'SPACE KO(1053280478)#0031' 6-max (real money) Seat #3 is the button
Seat 1: MathisKcr (171090, 0.55€ bounty)
Seat 2: Monchator (19290, 0.25€ bounty)
Seat 3: Hich92G (201738, 0.62€ bounty)
Seat 4: LeCerisier (127536, 0.59€ bounty)
Seat 5: eirax (77909, 0.79€ bounty)
Seat 6: Gamer97430 (183434, 0.97€ bounty)
*** ANTE/BLINDS ***
LeCerisier posts ante 250
eirax posts ante 250
MathisKcr posts ante 250
Monchator posts ante 250
Hich92G posts ante 250
Gamer97430 posts ante 250
LeCerisier posts small blind 1000
eirax posts big blind 2000
Dealt to MathisKcr [Qh 9d]
*** PRE-FLOP *** 
Gamer97430 folds
MathisKcr raises 2000 to 4000
Monchator folds
Hich92G folds
LeCerisier folds
eirax folds
MathisKcr collected 8500 from pot
*** SUMMARY ***
Total pot 8500 | No rake
Seat 1: MathisKcr won 8500


Winamax Poker - Tournament "SPACE KO" buyIn: 0.45€ + 0.05€ level: 14 - HandId: #4523805206525247520-151-1772119268 - Holdem no limit (250/1000/2000) - 2026/02/26 15:21:08 UTC
Table: 'SPACE KO(1053280478)#0031' 6-max (real money) Seat #4 is the button
Seat 1: MathisKcr (175340, 0.55€ bounty)
Seat 2: Monchator (19040, 0.25€ bounty)
Seat 3: Hich92G (201488, 0.62€ bounty)
Seat 4: LeCerisier (126286, 0.59€ bounty)
Seat 5: eirax (75659, 0.79€ bounty)
Seat 6: Gamer97430 (183184, 0.97€ bounty)
*** ANTE/BLINDS ***
eirax posts ante 250
Gamer97430 posts ante 250
MathisKcr posts ante 250
Monchator posts ante 250
Hich92G posts ante 250
LeCerisier posts ante 250
eirax posts small blind 1000
Gamer97430 posts big blind 2000
Dealt to MathisKcr [2s Td]
*** PRE-FLOP *** 
MathisKcr folds
Monchator folds
Hich92G folds
LeCerisier calls 2000
eirax folds
Gamer97430 checks
*** FLOP *** [3s 9h Jc]
Gamer97430 checks
LeCerisier bets 2000
Gamer97430 calls 2000
*** TURN *** [3s 9h Jc][9s]
Gamer97430 checks
LeCerisier bets 122036 and is all-in
Gamer97430 folds
LeCerisier collected 132536 from pot
*** SUMMARY ***
Total pot 132536 | No rake
Board: [3s 9h Jc 9s]
Seat 4: LeCerisier (button) won 132536


Winamax Poker - Tournament "SPACE KO" buyIn: 0.45€ + 0.05€ level: 14 - HandId: #4523805206525247520-152-1772119314 - Holdem no limit (250/1000/2000) - 2026/02/26 15:21:54 UTC
Table: 'SPACE KO(1053280478)#0031' 6-max (real money) Seat #5 is the button
Seat 1: MathisKcr (175090, 0.55€ bounty)
Seat 2: Monchator (18790, 0.25€ bounty)
Seat 3: Hich92G (201238, 0.62€ bounty)
Seat 4: LeCerisier (132536, 0.59€ bounty)
Seat 5: eirax (74409, 0.79€ bounty)
Seat 6: Gamer97430 (178934, 0.97€ bounty)
*** ANTE/BLINDS ***
Gamer97430 posts ante 250
MathisKcr posts ante 250
Monchator posts ante 250
Hich92G posts ante 250
LeCerisier posts ante 250
eirax posts ante 250
Gamer97430 posts small blind 1000
MathisKcr posts big blind 2000
Dealt to MathisKcr [4s 5c]
*** PRE-FLOP *** 
Monchator folds
Hich92G folds
LeCerisier calls 2000
eirax folds
Gamer97430 calls 1000
MathisKcr checks
*** FLOP *** [Jd Js Jc]
Gamer97430 checks
MathisKcr checks
LeCerisier bets 2000
Gamer97430 calls 2000
MathisKcr folds
*** TURN *** [Jd Js Jc][9s]
Gamer97430 checks
LeCerisier checks
*** RIVER *** [Jd Js Jc 9s][Kc]
Gamer97430 bets 11500
LeCerisier folds
Gamer97430 collected 23000 from pot
*** SUMMARY ***
Total pot 23000 | No rake
Board: [Jd Js Jc 9s Kc]
Seat 6: Gamer97430 (small blind) won 23000


Winamax Poker - Tournament "SPACE KO" buyIn: 0.45€ + 0.05€ level: 14 - HandId: #4523805206525247520-153-1772119353 - Holdem no limit (250/1000/2000) - 2026/02/26 15:22:33 UTC
Table: 'SPACE KO(1053280478)#0031' 6-max (real money) Seat #6 is the button
Seat 1: MathisKcr (172840, 0.55€ bounty)
Seat 2: Monchator (18540, 0.25€ bounty)
Seat 3: Hich92G (200988, 0.62€ bounty)
Seat 4: LeCerisier (128286, 0.59€ bounty)
Seat 5: eirax (74159, 0.79€ bounty)
Seat 6: Gamer97430 (186184, 0.97€ bounty)
*** ANTE/BLINDS ***
MathisKcr posts ante 250
Monchator posts ante 250
Hich92G posts ante 250
LeCerisier posts ante 250
eirax posts ante 250
Gamer97430 posts ante 250
MathisKcr posts small blind 1000
Monchator posts big blind 2000
Dealt to MathisKcr [Jh Kd]
*** PRE-FLOP *** 
Hich92G folds
LeCerisier folds
eirax folds
Gamer97430 calls 2000
MathisKcr raises 2000 to 4000
Monchator calls 2000
Gamer97430 calls 2000
*** FLOP *** [Tc Ac 3s]
MathisKcr checks
Monchator bets 14290 and is all-in
Gamer97430 folds
MathisKcr folds
Monchator collected 27790 from pot
*** SUMMARY ***
Total pot 27790 | No rake
Board: [Tc Ac 3s]
Seat 2: Monchator (big blind) won 27790


Winamax Poker - Tournament "SPACE KO" buyIn: 0.45€ + 0.05€ level: 14 - HandId: #4523805206525247520-154-1772119381 - Holdem no limit (250/1000/2000) - 2026/02/26 15:23:01 UTC
Table: 'SPACE KO(1053280478)#0031' 6-max (real money) Seat #1 is the button
Seat 1: MathisKcr (168590, 0.55€ bounty)
Seat 2: Monchator (27790, 0.25€ bounty)
Seat 3: Hich92G (200738, 0.62€ bounty)
Seat 4: LeCerisier (128036, 0.59€ bounty)
Seat 5: eirax (73909, 0.79€ bounty)
Seat 6: Gamer97430 (181934, 0.97€ bounty)
*** ANTE/BLINDS ***
Monchator posts ante 250
Hich92G posts ante 250
MathisKcr posts ante 250
LeCerisier posts ante 250
eirax posts ante 250
Gamer97430 posts ante 250
Monchator posts small blind 1000
Hich92G posts big blind 2000
Dealt to MathisKcr [5d 8c]
*** PRE-FLOP *** 
LeCerisier folds
eirax folds
Gamer97430 folds
MathisKcr folds
Monchator calls 1000
Hich92G checks
*** FLOP *** [2h 5c Kc]
Monchator bets 2000
Hich92G folds
Monchator collected 7500 from pot
*** SUMMARY ***
Total pot 7500 | No rake
Board: [2h 5c Kc]
Seat 2: Monchator (small blind) won 7500


Winamax Poker - Tournament "SPACE KO" buyIn: 0.45€ + 0.05€ level: 14 - HandId: #4523805206525247520-155-1772119410 - Holdem no limit (250/1000/2000) - 2026/02/26 15:23:30 UTC
Table: 'SPACE KO(1053280478)#0031' 6-max (real money) Seat #2 is the button
Seat 1: MathisKcr (168340, 0.55€ bounty)
Seat 2: Monchator (31040, 0.25€ bounty)
Seat 3: Hich92G (198488, 0.62€ bounty)
Seat 4: LeCerisier (127786, 0.59€ bounty)
Seat 5: eirax (73659, 0.79€ bounty)
Seat 6: Gamer97430 (181684, 0.97€ bounty)
*** ANTE/BLINDS ***
Hich92G posts ante 250
LeCerisier posts ante 250
MathisKcr posts ante 250
Monchator posts ante 250
eirax posts ante 250
Gamer97430 posts ante 250
Hich92G posts small blind 1000
LeCerisier posts big blind 2000
Dealt to MathisKcr [Jc Ah]
*** PRE-FLOP *** 
eirax folds
Gamer97430 raises 2000 to 4000
MathisKcr calls 4000
Monchator folds
Hich92G folds
LeCerisier calls 2000
*** FLOP *** [4c Qc Qd]
LeCerisier bets 2000
Gamer97430 calls 2000
MathisKcr calls 2000
*** TURN *** [4c Qc Qd][4h]
LeCerisier checks
Gamer97430 checks
MathisKcr bets 6000
LeCerisier folds
Gamer97430 raises 19025 to 25025
MathisKcr calls 19025
*** RIVER *** [4c Qc Qd 4h][Th]
Gamer97430 bets 150409 and is all-in
MathisKcr folds
Gamer97430 collected 220959 from pot
*** SUMMARY ***
Total pot 220959 | No rake
Board: [4c Qc Qd 4h Th]
Seat 6: Gamer97430 won 220959


Winamax Poker - Tournament "SPACE KO" buyIn: 0.45€ + 0.05€ level: 14 - HandId: #4523805206525247520-156-1772119465 - Holdem no limit (250/1000/2000) - 2026/02/26 15:24:25 UTC
Table: 'SPACE KO(1053280478)#0031' 6-max (real money) Seat #3 is the button
Seat 1: MathisKcr (137065, 0.55€ bounty)
Seat 2: Monchator (30790, 0.25€ bounty)
Seat 3: Hich92G (197238, 0.62€ bounty)
Seat 4: LeCerisier (121536, 0.59€ bounty)
Seat 5: eirax (73409, 0.79€ bounty)
Seat 6: Gamer97430 (220959, 0.97€ bounty)
*** ANTE/BLINDS ***
LeCerisier posts ante 250
eirax posts ante 250
MathisKcr posts ante 250
Monchator posts ante 250
Hich92G posts ante 250
Gamer97430 posts ante 250
LeCerisier posts small blind 1000
eirax posts big blind 2000
Dealt to MathisKcr [3d Kc]
*** PRE-FLOP *** 
Gamer97430 raises 2000 to 4000
MathisKcr folds
Monchator folds
Hich92G calls 4000
LeCerisier folds
eirax folds
*** FLOP *** [Qd 7d 5s]
Gamer97430 checks
Hich92G checks
*** TURN *** [Qd 7d 5s][3h]
Gamer97430 checks
Hich92G bets 4375
Gamer97430 folds
Hich92G collected 16875 from pot
*** SUMMARY ***
Total pot 16875 | No rake
Board: [Qd 7d 5s 3h]
Seat 3: Hich92G (button) won 16875


Winamax Poker - Tournament "SPACE KO" buyIn: 0.45€ + 0.05€ level: 14 - HandId: #4523805206525247520-157-1772119494 - Holdem no limit (250/1000/2000) - 2026/02/26 15:24:54 UTC
Table: 'SPACE KO(1053280478)#0031' 6-max (real money) Seat #4 is the button
Seat 1: MathisKcr (136815, 0.55€ bounty)
Seat 2: Monchator (30540, 0.25€ bounty)
Seat 3: Hich92G (205488, 0.62€ bounty)
Seat 4: LeCerisier (120286, 0.59€ bounty)
Seat 5: eirax (71159, 0.79€ bounty)
Seat 6: Gamer97430 (216709, 0.97€ bounty)
*** ANTE/BLINDS ***
eirax posts ante 250
Gamer97430 posts ante 250
MathisKcr posts ante 250
Monchator posts ante 250
Hich92G posts ante 250
LeCerisier posts ante 250
eirax posts small blind 1000
Gamer97430 posts big blind 2000
Dealt to MathisKcr [Jh 7d]
*** PRE-FLOP *** 
MathisKcr folds
Monchator folds
Hich92G folds
LeCerisier raises 2000 to 4000
eirax calls 3000
Gamer97430 folds
*** FLOP *** [Qh 2s 5d]
eirax checks
LeCerisier bets 11500
eirax folds
LeCerisier collected 23000 from pot
*** SUMMARY ***
Total pot 23000 | No rake
Board: [Qh 2s 5d]
Seat 4: LeCerisier (button) won 23000


Winamax Poker - Tournament "SPACE KO" buyIn: 0.45€ + 0.05€ level: 14 - HandId: #4523805206525247520-158-1772119542 - Holdem no limit (250/1000/2000) - 2026/02/26 15:25:42 UTC
Table: 'SPACE KO(1053280478)#0031' 6-max (real money) Seat #5 is the button
Seat 1: MathisKcr (136565, 0.55€ bounty)
Seat 2: Monchator (30290, 0.25€ bounty)
Seat 3: Hich92G (205238, 0.62€ bounty)
Seat 4: LeCerisier (127536, 0.59€ bounty)
Seat 5: eirax (66909, 0.79€ bounty)
Seat 6: Gamer97430 (214459, 0.97€ bounty)
*** ANTE/BLINDS ***
Gamer97430 posts ante 250
MathisKcr posts ante 250
Monchator posts ante 250
Hich92G posts ante 250
LeCerisier posts ante 250
eirax posts ante 250
Gamer97430 posts small blind 1000
MathisKcr posts big blind 2000
Dealt to MathisKcr [8c Jc]
*** PRE-FLOP *** 
Monchator raises 2000 to 4000
Hich92G folds
LeCerisier folds
eirax folds
Gamer97430 calls 3000
MathisKcr calls 2000
*** FLOP *** [3d Jd As]
Gamer97430 checks
MathisKcr bets 5000
Monchator folds
Gamer97430 calls 5000
*** TURN *** [3d Jd As][Ah]
Gamer97430 checks
MathisKcr bets 8225
Gamer97430 calls 8225
*** RIVER *** [3d Jd As Ah][9s]
Gamer97430 bets 25968
MathisKcr calls 25968
*** SHOW DOWN ***
MathisKcr shows [8c Jc] (Two pairs : Aces and Jacks)
Gamer97430 shows [5s Ac] (Trips of Aces)
Gamer97430 collected 91886 from pot
*** SUMMARY ***
Total pot 91886 | No rake
Board: [3d Jd As Ah 9s]
Seat 1: MathisKcr (big blind) showed [8c Jc] and lost with Two pairs : Aces and Jacks
Seat 6: Gamer97430 (small blind) showed [5s Ac] and won 91886 with Trips of Aces


Winamax Poker - Tournament "SPACE KO" buyIn: 0.45€ + 0.05€ level: 14 - HandId: #4523805206525247520-159-1772119609 - Holdem no limit (250/1000/2000) - 2026/02/26 15:26:49 UTC
Table: 'SPACE KO(1053280478)#0031' 6-max (real money) Seat #6 is the button
Seat 1: MathisKcr (93122, 0.55€ bounty)
Seat 2: Monchator (26040, 0.25€ bounty)
Seat 3: Hich92G (204988, 0.62€ bounty)
Seat 4: LeCerisier (127286, 0.59€ bounty)
Seat 5: eirax (66659, 0.79€ bounty)
Seat 6: Gamer97430 (262902, 0.97€ bounty)
*** ANTE/BLINDS ***
MathisKcr posts ante 250
Monchator posts ante 250
Hich92G posts ante 250
LeCerisier posts ante 250
eirax posts ante 250
Gamer97430 posts ante 250
MathisKcr posts small blind 1000
Monchator posts big blind 2000
Dealt to MathisKcr [9d 3h]
*** PRE-FLOP *** 
Hich92G raises 3000 to 5000
LeCerisier folds
eirax folds
Gamer97430 folds
MathisKcr folds
Monchator calls 3000
*** FLOP *** [5h 3c Qc]
Monchator bets 20790 and is all-in
Hich92G calls 20790
*** TURN *** [5h 3c Qc][7c]
*** RIVER *** [5h 3c Qc 7c][7h]
*** SHOW DOWN ***
Monchator shows [Jc Kh] (One pair : 7)
Hich92G shows [Kc Jh] (One pair : 7)
Hich92G collected 27040 from pot
Monchator collected 27040 from pot
*** SUMMARY ***
Total pot 54080 | No rake
Board: [5h 3c Qc 7c 7h]
Seat 2: Monchator (big blind) showed [Jc Kh] and won 27040 with One pair : 7
Seat 3: Hich92G showed [Kc Jh] and won 27040 with One pair : 7


Winamax Poker - Tournament "SPACE KO" buyIn: 0.45€ + 0.05€ level: 15 - HandId: #4523805206525247520-160-1772119647 - Holdem no limit (300/1250/2500) - 2026/02/26 15:27:27 UTC
Table: 'SPACE KO(1053280478)#0031' 6-max (real money) Seat #1 is the button
Seat 1: MathisKcr (91872, 0.55€ bounty)
Seat 2: Monchator (27040, 0.25€ bounty)
Seat 3: Hich92G (205988, 0.62€ bounty)
Seat 4: LeCerisier (127036, 0.59€ bounty)
Seat 5: eirax (66409, 0.79€ bounty)
Seat 6: Gamer97430 (262652, 0.97€ bounty)
*** ANTE/BLINDS ***
Monchator posts ante 300
Hich92G posts ante 300
MathisKcr posts ante 300
LeCerisier posts ante 300
eirax posts ante 300
Gamer97430 posts ante 300
Monchator posts small blind 1250
Hich92G posts big blind 2500
Dealt to MathisKcr [8s As]
*** PRE-FLOP *** 
LeCerisier folds
eirax folds
Gamer97430 folds
MathisKcr raises 2500 to 5000
Monchator folds
Hich92G calls 2500
*** FLOP *** [7h Jd 9s]
Hich92G checks
MathisKcr bets 6525
Hich92G folds
MathisKcr collected 19575 from pot
*** SUMMARY ***
Total pot 19575 | No rake
Board: [7h Jd 9s]
Seat 1: MathisKcr (button) won 19575


Winamax Poker - Tournament "SPACE KO" buyIn: 0.45€ + 0.05€ level: 15 - HandId: #4523805206525247513-177-1772119706 - Holdem no limit (300/1250/2500) - 2026/02/26 15:28:26 UTC
Table: 'SPACE KO(1053280478)#0024' 6-max (real money) Seat #5 is the button
Seat 1: Sark.31 (376068, 1.38€ bounty)
Seat 2: vif Main4179 (196390, 3.38€ bounty)
Seat 3: MathisKcr (99622, 0.55€ bounty)
Seat 4: anthomoops (64543, 0.64€ bounty)
Seat 5: BASIC-fish (359254, 1.18€ bounty)
Seat 6: Jalonneur13 (251996, 1.06€ bounty)
*** ANTE/BLINDS ***
Jalonneur13 posts ante 300
Sark.31 posts ante 300
vif Main4179 posts ante 300
MathisKcr posts ante 300
anthomoops posts ante 300
BASIC-fish posts ante 300
Jalonneur13 posts small blind 1250
Sark.31 posts big blind 2500
Dealt to MathisKcr [Qh Qd]
*** PRE-FLOP *** 
vif Main4179 folds
MathisKcr raises 2500 to 5000
anthomoops folds
BASIC-fish folds
Jalonneur13 folds
Sark.31 folds
MathisKcr collected 10550 from pot
*** SUMMARY ***
Total pot 10550 | No rake
Seat 3: MathisKcr won 10550


Winamax Poker - Tournament "SPACE KO" buyIn: 0.45€ + 0.05€ level: 15 - HandId: #4523805206525247513-178-1772119731 - Holdem no limit (300/1250/2500) - 2026/02/26 15:28:51 UTC
Table: 'SPACE KO(1053280478)#0024' 6-max (real money) Seat #6 is the button
Seat 1: Sark.31 (373268, 1.38€ bounty)
Seat 2: vif Main4179 (196090, 3.38€ bounty)
Seat 3: MathisKcr (104872, 0.55€ bounty)
Seat 4: anthomoops (64243, 0.64€ bounty)
Seat 5: BASIC-fish (358954, 1.18€ bounty)
Seat 6: Jalonneur13 (250446, 1.06€ bounty)
*** ANTE/BLINDS ***
Sark.31 posts ante 300
vif Main4179 posts ante 300
MathisKcr posts ante 300
anthomoops posts ante 300
BASIC-fish posts ante 300
Jalonneur13 posts ante 300
Sark.31 posts small blind 1250
vif Main4179 posts big blind 2500
Dealt to MathisKcr [Js 5s]
*** PRE-FLOP *** 
MathisKcr folds
anthomoops raises 2500 to 5000
BASIC-fish calls 5000
Jalonneur13 calls 5000
Sark.31 folds
vif Main4179 folds
*** FLOP *** [2h 5c 7c]
anthomoops bets 3750
BASIC-fish calls 3750
Jalonneur13 folds
*** TURN *** [2h 5c 7c][2d]
anthomoops bets 3750
BASIC-fish calls 3750
*** RIVER *** [2h 5c 7c 2d][Qs]
anthomoops checks
BASIC-fish bets 17500
anthomoops folds
BASIC-fish collected 53050 from pot
*** SUMMARY ***
Total pot 53050 | No rake
Board: [2h 5c 7c 2d Qs]
Seat 5: BASIC-fish won 53050


Winamax Poker - Tournament "SPACE KO" buyIn: 0.45€ + 0.05€ level: 15 - HandId: #4523805206525247513-179-1772119798 - Holdem no limit (300/1250/2500) - 2026/02/26 15:29:58 UTC
Table: 'SPACE KO(1053280478)#0024' 6-max (real money) Seat #1 is the button
Seat 1: Sark.31 (371718, 1.38€ bounty)
Seat 2: vif Main4179 (193290, 3.38€ bounty)
Seat 3: MathisKcr (104572, 0.55€ bounty)
Seat 4: anthomoops (51443, 0.64€ bounty)
Seat 5: BASIC-fish (381704, 1.18€ bounty)
Seat 6: Jalonneur13 (245146, 1.06€ bounty)
*** ANTE/BLINDS ***
vif Main4179 posts ante 300
MathisKcr posts ante 300
Sark.31 posts ante 300
anthomoops posts ante 300
BASIC-fish posts ante 300
Jalonneur13 posts ante 300
vif Main4179 posts small blind 1250
MathisKcr posts big blind 2500
Dealt to MathisKcr [Ad 2d]
*** PRE-FLOP *** 
anthomoops calls 2500
BASIC-fish folds
Jalonneur13 calls 2500
Sark.31 raises 13050 to 15550
vif Main4179 folds
MathisKcr calls 13050
anthomoops folds
Jalonneur13 folds
*** FLOP *** [2c 3c 5d]
MathisKcr bets 88722 and is all-in
Sark.31 calls 88722
*** TURN *** [2c 3c 5d][8s]
*** RIVER *** [2c 3c 5d 8s][Tc]
*** SHOW DOWN ***
Sark.31 shows [Ah Kc] (High card : Ace)
MathisKcr shows [Ad 2d] (One pair : 2)
MathisKcr collected 216594 from pot
*** SUMMARY ***
Total pot 216594 | No rake
Board: [2c 3c 5d 8s Tc]
Seat 1: Sark.31 (button) showed [Ah Kc] and lost with High card : Ace
Seat 3: MathisKcr (big blind) showed [Ad 2d] and won 216594 with One pair : 2


Winamax Poker - Tournament "SPACE KO" buyIn: 0.45€ + 0.05€ level: 15 - HandId: #4523805206525247513-180-1772119861 - Holdem no limit (300/1250/2500) - 2026/02/26 15:31:01 UTC
Table: 'SPACE KO(1053280478)#0024' 6-max (real money) Seat #2 is the button
Seat 1: Sark.31 (267146, 1.38€ bounty)
Seat 2: vif Main4179 (191740, 3.38€ bounty)
Seat 3: MathisKcr (216594, 0.55€ bounty)
Seat 4: anthomoops (48643, 0.64€ bounty)
Seat 5: BASIC-fish (381404, 1.18€ bounty)
Seat 6: Jalonneur13 (242346, 1.06€ bounty)
*** ANTE/BLINDS ***
MathisKcr posts ante 300
anthomoops posts ante 300
Sark.31 posts ante 300
vif Main4179 posts ante 300
BASIC-fish posts ante 300
Jalonneur13 posts ante 300
MathisKcr posts small blind 1250
anthomoops posts big blind 2500
Dealt to MathisKcr [Jc Ks]
*** PRE-FLOP *** 
BASIC-fish folds
Jalonneur13 folds
Sark.31 folds
vif Main4179 calls 2500
MathisKcr raises 2500 to 5000
anthomoops calls 2500
vif Main4179 calls 2500
*** FLOP *** [Kd 7h 3d]
MathisKcr bets 4200
anthomoops folds
vif Main4179 folds
MathisKcr collected 21000 from pot
*** SUMMARY ***
Total pot 21000 | No rake
Board: [Kd 7h 3d]
Seat 3: MathisKcr (small blind) won 21000


Winamax Poker - Tournament "SPACE KO" buyIn: 0.45€ + 0.05€ level: 15 - HandId: #4523805206525247513-181-1772119899 - Holdem no limit (300/1250/2500) - 2026/02/26 15:31:39 UTC
Table: 'SPACE KO(1053280478)#0024' 6-max (real money) Seat #3 is the button
Seat 1: Sark.31 (266846, 1.38€ bounty)
Seat 2: vif Main4179 (186440, 3.38€ bounty)
Seat 3: MathisKcr (228094, 0.55€ bounty)
Seat 4: anthomoops (43343, 0.64€ bounty)
Seat 5: BASIC-fish (381104, 1.18€ bounty)
Seat 6: Jalonneur13 (242046, 1.06€ bounty)
*** ANTE/BLINDS ***
anthomoops posts ante 300
BASIC-fish posts ante 300
Sark.31 posts ante 300
vif Main4179 posts ante 300
MathisKcr posts ante 300
Jalonneur13 posts ante 300
anthomoops posts small blind 1250
BASIC-fish posts big blind 2500
Dealt to MathisKcr [Tc 9s]
*** PRE-FLOP *** 
Jalonneur13 folds
Sark.31 folds
vif Main4179 folds
MathisKcr raises 2500 to 5000
anthomoops calls 3750
BASIC-fish folds
*** FLOP *** [3s Jd 8d]
anthomoops bets 38043 and is all-in
MathisKcr calls 38043
*** TURN *** [3s Jd 8d][2s]
*** RIVER *** [3s Jd 8d 2s][Kh]
*** SHOW DOWN ***
anthomoops shows [7d 4d] (High card : King)
MathisKcr shows [Tc 9s] (High card : King)
MathisKcr collected 90386 from pot
*** SUMMARY ***
Total pot 90386 | No rake
Board: [3s Jd 8d 2s Kh]
Seat 3: MathisKcr (button) showed [Tc 9s] and won 90386 with High card : King
Seat 4: anthomoops (small blind) showed [7d 4d] and lost with High card : King


Winamax Poker - Tournament "SPACE KO" buyIn: 0.45€ + 0.05€ level: 15 - HandId: #4523805206525247513-182-1772119955 - Holdem no limit (300/1250/2500) - 2026/02/26 15:32:35 UTC
Table: 'SPACE KO(1053280478)#0024' 6-max (real money) Seat #4 is the button
Seat 1: Sark.31 (266546, 1.38€ bounty)
Seat 2: vif Main4179 (186140, 3.38€ bounty)
Seat 3: MathisKcr (275137, 0.67€ bounty)
Seat 5: BASIC-fish (378304, 1.18€ bounty)
Seat 6: Jalonneur13 (241746, 1.06€ bounty)
*** ANTE/BLINDS ***
BASIC-fish posts ante 300
Jalonneur13 posts ante 300
Sark.31 posts ante 300
vif Main4179 posts ante 300
MathisKcr posts ante 300
BASIC-fish posts small blind 1250
Jalonneur13 posts big blind 2500
Dealt to MathisKcr [6c 5c]
*** PRE-FLOP *** 
Sark.31 folds
vif Main4179 folds
MathisKcr folds
BASIC-fish calls 1250
Jalonneur13 checks
*** FLOP *** [8h 9s 3d]
BASIC-fish checks
Jalonneur13 checks
*** TURN *** [8h 9s 3d][Jc]
BASIC-fish bets 2500
Jalonneur13 folds
BASIC-fish collected 9000 from pot
*** SUMMARY ***
Total pot 9000 | No rake
Board: [8h 9s 3d Jc]
Seat 5: BASIC-fish (small blind) won 9000


Winamax Poker - Tournament "SPACE KO" buyIn: 0.45€ + 0.05€ level: 15 - HandId: #4523805206525247513-183-1772119978 - Holdem no limit (300/1250/2500) - 2026/02/26 15:32:58 UTC
Table: 'SPACE KO(1053280478)#0024' 6-max (real money) Seat #5 is the button
Seat 1: Sark.31 (266246, 1.38€ bounty)
Seat 2: vif Main4179 (185840, 3.38€ bounty)
Seat 3: MathisKcr (274837, 0.67€ bounty)
Seat 5: BASIC-fish (382004, 1.18€ bounty)
Seat 6: Jalonneur13 (238946, 1.06€ bounty)
*** ANTE/BLINDS ***
Jalonneur13 posts ante 300
Sark.31 posts ante 300
vif Main4179 posts ante 300
MathisKcr posts ante 300
BASIC-fish posts ante 300
Jalonneur13 posts small blind 1250
Sark.31 posts big blind 2500
Dealt to MathisKcr [4h 9d]
*** PRE-FLOP *** 
vif Main4179 calls 2500
MathisKcr folds
BASIC-fish folds
Jalonneur13 calls 1250
Sark.31 raises 9000 to 11500
vif Main4179 folds
Jalonneur13 folds
Sark.31 collected 18000 from pot
*** SUMMARY ***
Total pot 18000 | No rake
Seat 1: Sark.31 (big blind) won 18000


Winamax Poker - Tournament "SPACE KO" buyIn: 0.45€ + 0.05€ level: 15 - HandId: #4523805206525247513-184-1772120008 - Holdem no limit (300/1250/2500) - 2026/02/26 15:33:28 UTC
Table: 'SPACE KO(1053280478)#0024' 6-max (real money) Seat #6 is the button
Seat 1: Sark.31 (272446, 1.38€ bounty)
Seat 2: vif Main4179 (183040, 3.38€ bounty)
Seat 3: MathisKcr (274537, 0.67€ bounty)
Seat 5: BASIC-fish (381704, 1.18€ bounty)
Seat 6: Jalonneur13 (236146, 1.06€ bounty)
*** ANTE/BLINDS ***
Sark.31 posts ante 300
vif Main4179 posts ante 300
MathisKcr posts ante 300
BASIC-fish posts ante 300
Jalonneur13 posts ante 300
Sark.31 posts small blind 1250
vif Main4179 posts big blind 2500
Dealt to MathisKcr [4d Ks]
*** PRE-FLOP *** 
MathisKcr raises 2500 to 5000
BASIC-fish folds
Jalonneur13 calls 5000
Sark.31 folds
vif Main4179 folds
*** FLOP *** [6d 7c Jd]
MathisKcr checks
Jalonneur13 checks
*** TURN *** [6d 7c Jd][Ts]
MathisKcr bets 5338
Jalonneur13 calls 5338
*** RIVER *** [6d 7c Jd Ts][Qs]
MathisKcr bets 12963
Jalonneur13 folds
MathisKcr collected 38889 from pot
*** SUMMARY ***
Total pot 38889 | No rake
Board: [6d 7c Jd Ts Qs]
Seat 3: MathisKcr won 38889


Winamax Poker - Tournament "SPACE KO" buyIn: 0.45€ + 0.05€ level: 15 - HandId: #4523805206525247513-185-1772120051 - Holdem no limit (300/1250/2500) - 2026/02/26 15:34:11 UTC
Table: 'SPACE KO(1053280478)#0024' 6-max (real money) Seat #1 is the button
Seat 1: Sark.31 (270896, 1.38€ bounty)
Seat 2: vif Main4179 (180240, 3.38€ bounty)
Seat 3: MathisKcr (289825, 0.67€ bounty)
Seat 5: BASIC-fish (381404, 1.18€ bounty)
Seat 6: Jalonneur13 (225508, 1.06€ bounty)
*** ANTE/BLINDS ***
vif Main4179 posts ante 300
MathisKcr posts ante 300
Sark.31 posts ante 300
BASIC-fish posts ante 300
Jalonneur13 posts ante 300
vif Main4179 posts small blind 1250
MathisKcr posts big blind 2500
Dealt to MathisKcr [Ah 6d]
*** PRE-FLOP *** 
BASIC-fish folds
Jalonneur13 folds
Sark.31 raises 5000 to 7500
vif Main4179 folds
MathisKcr calls 5000
*** FLOP *** [3c 4c 8d]
MathisKcr bets 6213
Sark.31 calls 6213
*** TURN *** [3c 4c 8d][Ac]
MathisKcr checks
Sark.31 bets 10562
MathisKcr calls 10562
*** RIVER *** [3c 4c 8d Ac][Js]
MathisKcr checks
Sark.31 checks
*** SHOW DOWN ***
MathisKcr shows [Ah 6d] (One pair : Aces)
Sark.31 shows [Ad Jd] (Two pairs : Aces and Jacks)
Sark.31 collected 51300 from pot
*** SUMMARY ***
Total pot 51300 | No rake
Board: [3c 4c 8d Ac Js]
Seat 1: Sark.31 (button) showed [Ad Jd] and won 51300 with Two pairs : Aces and Jacks
Seat 3: MathisKcr (big blind) showed [Ah 6d] and lost with One pair : Aces


Winamax Poker - Tournament "SPACE KO" buyIn: 0.45€ + 0.05€ level: 15 - HandId: #4523805206525247513-186-1772120091 - Holdem no limit (300/1250/2500) - 2026/02/26 15:34:51 UTC
Table: 'SPACE KO(1053280478)#0024' 6-max (real money) Seat #2 is the button
Seat 1: Sark.31 (297621, 1.38€ bounty)
Seat 2: vif Main4179 (178690, 3.38€ bounty)
Seat 3: MathisKcr (265250, 0.67€ bounty)
Seat 4: Lid Wine (51215, 0.25€ bounty)
Seat 5: BASIC-fish (381104, 1.18€ bounty)
Seat 6: Jalonneur13 (225208, 1.06€ bounty)
*** ANTE/BLINDS ***
MathisKcr posts ante 300
Lid Wine posts ante 300
Sark.31 posts ante 300
vif Main4179 posts ante 300
BASIC-fish posts ante 300
Jalonneur13 posts ante 300
MathisKcr posts small blind 1250
Lid Wine posts big blind 2500
Dealt to MathisKcr [Kc Ks]
*** PRE-FLOP *** 
BASIC-fish folds
Jalonneur13 raises 3750 to 6250
Sark.31 folds
vif Main4179 folds
MathisKcr calls 5000
Lid Wine folds
*** FLOP *** [5c 6s 8c]
MathisKcr checks
Jalonneur13 bets 10920
MathisKcr calls 10920
*** TURN *** [5c 6s 8c][Tc]
MathisKcr checks
Jalonneur13 checks
*** RIVER *** [5c 6s 8c Tc][Js]
MathisKcr bets 13524
Jalonneur13 calls 13524
*** SHOW DOWN ***
MathisKcr shows [Kc Ks] (One pair : Kings)
Jalonneur13 shows [Kd Kh] (One pair : Kings)
Jalonneur13 collected 32844 from pot
MathisKcr collected 32844 from pot
*** SUMMARY ***
Total pot 65688 | No rake
Board: [5c 6s 8c Tc Js]
Seat 3: MathisKcr (small blind) showed [Kc Ks] and won 32844 with One pair : Kings
Seat 6: Jalonneur13 showed [Kd Kh] and won 32844 with One pair : Kings


Winamax Poker - Tournament "SPACE KO" buyIn: 0.45€ + 0.05€ level: 16 - HandId: #4523805206525247513-187-1772120125 - Holdem no limit (350/1500/3000) - 2026/02/26 15:35:25 UTC
Table: 'SPACE KO(1053280478)#0024' 6-max (real money) Seat #3 is the button
Seat 1: Sark.31 (297321, 1.38€ bounty)
Seat 2: vif Main4179 (178390, 3.38€ bounty)
Seat 3: MathisKcr (267100, 0.67€ bounty)
Seat 4: Lid Wine (48415, 0.25€ bounty)
Seat 5: BASIC-fish (380804, 1.18€ bounty)
Seat 6: Jalonneur13 (227058, 1.06€ bounty)
*** ANTE/BLINDS ***
Lid Wine posts ante 350
BASIC-fish posts ante 350
Sark.31 posts ante 350
vif Main4179 posts ante 350
MathisKcr posts ante 350
Jalonneur13 posts ante 350
Lid Wine posts small blind 1500
BASIC-fish posts big blind 3000
Dealt to MathisKcr [8s 9c]
*** PRE-FLOP *** 
Jalonneur13 folds
Sark.31 raises 4500 to 7500
vif Main4179 folds
MathisKcr folds
Lid Wine folds
BASIC-fish folds
Sark.31 collected 14100 from pot
*** SUMMARY ***
Total pot 14100 | No rake
Seat 1: Sark.31 won 14100


Winamax Poker - Tournament "SPACE KO" buyIn: 0.45€ + 0.05€ level: 16 - HandId: #4523805206525247513-188-1772120143 - Holdem no limit (350/1500/3000) - 2026/02/26 15:35:43 UTC
Table: 'SPACE KO(1053280478)#0024' 6-max (real money) Seat #4 is the button
Seat 1: Sark.31 (303571, 1.38€ bounty)
Seat 2: vif Main4179 (178040, 3.38€ bounty)
Seat 3: MathisKcr (266750, 0.67€ bounty)
Seat 4: Lid Wine (46565, 0.25€ bounty)
Seat 5: BASIC-fish (377454, 1.18€ bounty)
Seat 6: Jalonneur13 (226708, 1.06€ bounty)
*** ANTE/BLINDS ***
BASIC-fish posts ante 350
Jalonneur13 posts ante 350
Sark.31 posts ante 350
vif Main4179 posts ante 350
MathisKcr posts ante 350
Lid Wine posts ante 350
BASIC-fish posts small blind 1500
Jalonneur13 posts big blind 3000
Dealt to MathisKcr [Tc 3s]
*** PRE-FLOP *** 
Sark.31 raises 3000 to 6000
vif Main4179 folds
MathisKcr folds
Lid Wine folds
BASIC-fish folds
Jalonneur13 calls 3000
*** FLOP *** [7c Ts 7h]
Jalonneur13 checks
Sark.31 bets 5460
Jalonneur13 folds
Sark.31 collected 21060 from pot
*** SUMMARY ***
Total pot 21060 | No rake
Board: [7c Ts 7h]
Seat 1: Sark.31 won 21060


Winamax Poker - Tournament "SPACE KO" buyIn: 0.45€ + 0.05€ level: 16 - HandId: #4523805206525247513-189-1772120162 - Holdem no limit (350/1500/3000) - 2026/02/26 15:36:02 UTC
Table: 'SPACE KO(1053280478)#0024' 6-max (real money) Seat #5 is the button
Seat 1: Sark.31 (312821, 1.38€ bounty)
Seat 2: vif Main4179 (177690, 3.38€ bounty)
Seat 3: MathisKcr (266400, 0.67€ bounty)
Seat 4: Lid Wine (46215, 0.25€ bounty)
Seat 5: BASIC-fish (375604, 1.18€ bounty)
Seat 6: Jalonneur13 (220358, 1.06€ bounty)
*** ANTE/BLINDS ***
Jalonneur13 posts ante 350
Sark.31 posts ante 350
vif Main4179 posts ante 350
MathisKcr posts ante 350
Lid Wine posts ante 350
BASIC-fish posts ante 350
Jalonneur13 posts small blind 1500
Sark.31 posts big blind 3000
Dealt to MathisKcr [Jh Ks]
*** PRE-FLOP *** 
vif Main4179 folds
MathisKcr raises 3000 to 6000
Lid Wine folds
BASIC-fish calls 6000
Jalonneur13 folds
Sark.31 calls 3000
*** FLOP *** [2d 4s 7s]
Sark.31 checks
MathisKcr bets 7560
BASIC-fish calls 7560
Sark.31 calls 7560
*** TURN *** [2d 4s 7s][9h]
Sark.31 checks
MathisKcr checks
BASIC-fish bets 30996
Sark.31 calls 30996
MathisKcr folds
*** RIVER *** [2d 4s 7s 9h][Qh]
Sark.31 checks
BASIC-fish checks
*** SHOW DOWN ***
Sark.31 shows [3s 3c] (One pair : 3)
BASIC-fish shows [Td Tc] (One pair : Tens)
BASIC-fish collected 106272 from pot
*** SUMMARY ***
Total pot 106272 | No rake
Board: [2d 4s 7s 9h Qh]
Seat 1: Sark.31 (big blind) showed [3s 3c] and lost with One pair : 3
Seat 5: BASIC-fish (button) showed [Td Tc] and won 106272 with One pair : Tens


Winamax Poker - Tournament "SPACE KO" buyIn: 0.45€ + 0.05€ level: 16 - HandId: #4523805206525247513-190-1772120199 - Holdem no limit (350/1500/3000) - 2026/02/26 15:36:39 UTC
Table: 'SPACE KO(1053280478)#0024' 6-max (real money) Seat #6 is the button
Seat 1: Sark.31 (267915, 1.38€ bounty)
Seat 2: vif Main4179 (177340, 3.38€ bounty)
Seat 3: MathisKcr (252490, 0.67€ bounty)
Seat 4: Lid Wine (45865, 0.25€ bounty)
Seat 5: BASIC-fish (436970, 1.18€ bounty)
Seat 6: Jalonneur13 (218508, 1.06€ bounty)
*** ANTE/BLINDS ***
Sark.31 posts ante 350
vif Main4179 posts ante 350
MathisKcr posts ante 350
Lid Wine posts ante 350
BASIC-fish posts ante 350
Jalonneur13 posts ante 350
Sark.31 posts small blind 1500
vif Main4179 posts big blind 3000
Dealt to MathisKcr [Ad Js]
*** PRE-FLOP *** 
MathisKcr raises 3000 to 6000
Lid Wine folds
BASIC-fish folds
Jalonneur13 calls 6000
Sark.31 raises 12000 to 18000
vif Main4179 folds
MathisKcr calls 12000
Jalonneur13 calls 12000
*** FLOP *** [3d 2c 7h]
Sark.31 bets 38415
MathisKcr folds
Jalonneur13 folds
Sark.31 collected 97515 from pot
*** SUMMARY ***
Total pot 97515 | No rake
Board: [3d 2c 7h]
Seat 1: Sark.31 (small blind) won 97515


Winamax Poker - Tournament "SPACE KO" buyIn: 0.45€ + 0.05€ level: 16 - HandId: #4523805206525247513-191-1772120352 - Holdem no limit (350/1500/3000) - 2026/02/26 15:39:12 UTC
Table: 'SPACE KO(1053280478)#0024' 6-max (real money) Seat #1 is the button
Seat 1: Sark.31 (308665, 1.38€ bounty)
Seat 2: vif Main4179 (173990, 3.38€ bounty)
Seat 3: MathisKcr (234140, 0.67€ bounty)
Seat 4: Lid Wine (45515, 0.25€ bounty)
Seat 5: BASIC-fish (436620, 1.18€ bounty)
Seat 6: Jalonneur13 (200158, 1.06€ bounty)
*** ANTE/BLINDS ***
vif Main4179 posts ante 350
MathisKcr posts ante 350
Sark.31 posts ante 350
Lid Wine posts ante 350
BASIC-fish posts ante 350
Jalonneur13 posts ante 350
vif Main4179 posts small blind 1500
MathisKcr posts big blind 3000
Dealt to MathisKcr [Js 6c]
*** PRE-FLOP *** 
Lid Wine folds
BASIC-fish folds
Jalonneur13 raises 4500 to 7500
Sark.31 folds
vif Main4179 folds
MathisKcr calls 4500
*** FLOP *** [Qh 4s 8h]
MathisKcr checks
Jalonneur13 bets 6510
MathisKcr calls 6510
*** TURN *** [Qh 4s 8h][2c]
MathisKcr checks
Jalonneur13 bets 11067
MathisKcr folds
Jalonneur13 collected 42687 from pot
*** SUMMARY ***
Total pot 42687 | No rake
Board: [Qh 4s 8h 2c]
Seat 6: Jalonneur13 won 42687


Winamax Poker - Tournament "SPACE KO" buyIn: 0.45€ + 0.05€ level: 16 - HandId: #4523805206525247513-192-1772120445 - Holdem no limit (350/1500/3000) - 2026/02/26 15:40:45 UTC
Table: 'SPACE KO(1053280478)#0024' 6-max (real money) Seat #2 is the button
Seat 1: Sark.31 (308315, 1.38€ bounty)
Seat 2: vif Main4179 (172140, 3.38€ bounty)
Seat 3: MathisKcr (219780, 0.67€ bounty)
Seat 4: Lid Wine (45165, 0.25€ bounty)
Seat 5: BASIC-fish (436270, 1.18€ bounty)
Seat 6: Jalonneur13 (217418, 1.06€ bounty)
*** ANTE/BLINDS ***
MathisKcr posts ante 350
Lid Wine posts ante 350
Sark.31 posts ante 350
vif Main4179 posts ante 350
BASIC-fish posts ante 350
Jalonneur13 posts ante 350
MathisKcr posts small blind 1500
Lid Wine posts big blind 3000
Dealt to MathisKcr [5d Jd]
*** PRE-FLOP *** 
BASIC-fish folds
Jalonneur13 raises 3000 to 6000
Sark.31 folds
vif Main4179 folds
MathisKcr calls 4500
Lid Wine folds
*** FLOP *** [Jc Kd 9s]
MathisKcr bets 11115
Jalonneur13 calls 11115
*** TURN *** [Jc Kd 9s][4h]
MathisKcr checks
Jalonneur13 bets 13766
MathisKcr calls 13766
*** RIVER *** [Jc Kd 9s 4h][Kh]
MathisKcr checks
Jalonneur13 bets 186187 and is all-in
MathisKcr folds
Jalonneur13 collected 253049 from pot
*** SUMMARY ***
Total pot 253049 | No rake
Board: [Jc Kd 9s 4h Kh]
Seat 6: Jalonneur13 won 253049


Winamax Poker - Tournament "SPACE KO" buyIn: 0.45€ + 0.05€ level: 16 - HandId: #4523805206525247513-193-1772120522 - Holdem no limit (350/1500/3000) - 2026/02/26 15:42:02 UTC
Table: 'SPACE KO(1053280478)#0024' 6-max (real money) Seat #3 is the button
Seat 1: Sark.31 (307965, 1.38€ bounty)
Seat 2: vif Main4179 (171790, 3.38€ bounty)
Seat 3: MathisKcr (188549, 0.67€ bounty)
Seat 4: Lid Wine (41815, 0.25€ bounty)
Seat 5: BASIC-fish (435920, 1.18€ bounty)
Seat 6: Jalonneur13 (253049, 1.06€ bounty)
*** ANTE/BLINDS ***
Lid Wine posts ante 350
BASIC-fish posts ante 350
Sark.31 posts ante 350
vif Main4179 posts ante 350
MathisKcr posts ante 350
Jalonneur13 posts ante 350
Lid Wine posts small blind 1500
BASIC-fish posts big blind 3000
Dealt to MathisKcr [2d 2s]
*** PRE-FLOP *** 
Jalonneur13 folds
Sark.31 raises 6000 to 9000
vif Main4179 folds
MathisKcr raises 179199 to 188199 and is all-in
Lid Wine folds
BASIC-fish folds
Sark.31 folds
MathisKcr collected 203799 from pot
*** SUMMARY ***
Total pot 203799 | No rake
Seat 3: MathisKcr (button) won 203799


Winamax Poker - Tournament "SPACE KO" buyIn: 0.45€ + 0.05€ level: 17 - HandId: #4523805206525247513-194-1772120585 - Holdem no limit (400/1750/3500) - 2026/02/26 15:43:05 UTC
Table: 'SPACE KO(1053280478)#0024' 6-max (real money) Seat #4 is the button
Seat 1: Sark.31 (298615, 1.38€ bounty)
Seat 2: vif Main4179 (171440, 3.38€ bounty)
Seat 3: MathisKcr (203799, 0.67€ bounty)
Seat 4: Lid Wine (39965, 0.25€ bounty)
Seat 5: BASIC-fish (432570, 1.18€ bounty)
Seat 6: Jalonneur13 (252699, 1.06€ bounty)
*** ANTE/BLINDS ***
BASIC-fish posts ante 400
Jalonneur13 posts ante 400
Sark.31 posts ante 400
vif Main4179 posts ante 400
MathisKcr posts ante 400
Lid Wine posts ante 400
BASIC-fish posts small blind 1750
Jalonneur13 posts big blind 3500
Dealt to MathisKcr [8h 3s]
*** PRE-FLOP *** 
Sark.31 folds
vif Main4179 folds
MathisKcr folds
Lid Wine folds
BASIC-fish folds
Jalonneur13 collected 7650 from pot
*** SUMMARY ***
Total pot 7650 | No rake
Seat 6: Jalonneur13 (big blind) won 7650


Winamax Poker - Tournament "SPACE KO" buyIn: 0.45€ + 0.05€ level: 17 - HandId: #4523805206525247505-182-1772120637 - Holdem no limit (400/1750/3500) - 2026/02/26 15:43:57 UTC
Table: 'SPACE KO(1053280478)#0016' 6-max (real money) Seat #4 is the button
Seat 1: MathisKcr (203399, 0.67€ bounty)
Seat 2: mechbrown75 (90763, 0.37€ bounty)
Seat 3: Douiii_5 (105352, 1.71€ bounty)
Seat 4: raisin62 (155648, 0.62€ bounty)
Seat 5: FM_Wolf21 (332631, 1.09€ bounty)
Seat 6: bibir42 (107896, 0.40€ bounty)
*** ANTE/BLINDS ***
FM_Wolf21 posts ante 400
bibir42 posts ante 400
MathisKcr posts ante 400
mechbrown75 posts ante 400
Douiii_5 posts ante 400
raisin62 posts ante 400
FM_Wolf21 posts small blind 1750
bibir42 posts big blind 3500
Dealt to MathisKcr [Ad 6c]
*** PRE-FLOP *** 
MathisKcr raises 3500 to 7000
mechbrown75 folds
Douiii_5 folds
raisin62 folds
FM_Wolf21 folds
bibir42 calls 3500
*** FLOP *** [As Jd 7s]
bibir42 checks
MathisKcr bets 6353
bibir42 calls 6353
*** TURN *** [As Jd 7s][2h]
bibir42 checks
MathisKcr bets 20056
bibir42 folds
MathisKcr collected 50912 from pot
*** SUMMARY ***
Total pot 50912 | No rake
Board: [As Jd 7s 2h]
Seat 1: MathisKcr won 50912


Winamax Poker - Tournament "SPACE KO" buyIn: 0.45€ + 0.05€ level: 17 - HandId: #4523805206525247505-183-1772120673 - Holdem no limit (400/1750/3500) - 2026/02/26 15:44:33 UTC
Table: 'SPACE KO(1053280478)#0016' 6-max (real money) Seat #5 is the button
Seat 1: MathisKcr (220502, 0.67€ bounty)
Seat 2: mechbrown75 (90363, 0.37€ bounty)
Seat 3: Douiii_5 (104952, 1.71€ bounty)
Seat 4: raisin62 (155248, 0.62€ bounty)
Seat 5: FM_Wolf21 (330481, 1.09€ bounty)
Seat 6: bibir42 (94143, 0.40€ bounty)
*** ANTE/BLINDS ***
bibir42 posts ante 400
MathisKcr posts ante 400
mechbrown75 posts ante 400
Douiii_5 posts ante 400
raisin62 posts ante 400
FM_Wolf21 posts ante 400
bibir42 posts small blind 1750
MathisKcr posts big blind 3500
Dealt to MathisKcr [4c Ah]
*** PRE-FLOP *** 
mechbrown75 folds
Douiii_5 folds
raisin62 folds
FM_Wolf21 calls 3500
bibir42 calls 1750
MathisKcr checks
*** FLOP *** [Ac As 3c]
bibir42 checks
MathisKcr checks
FM_Wolf21 bets 8385
bibir42 folds
MathisKcr raises 24135 to 32520
FM_Wolf21 raises 294061 to 326581 and is all-in
MathisKcr calls 184082 and is all-in
*** TURN *** [Ac As 3c][9s]
*** RIVER *** [Ac As 3c 9s][5c]
*** SHOW DOWN ***
MathisKcr shows [4c Ah] (Trips of Aces)
FM_Wolf21 shows [3d 3h] (Full of 3 and Aces)
FM_Wolf21 collected 556083 from pot
*** SUMMARY ***
Total pot 556083 | No rake
Board: [Ac As 3c 9s 5c]
Seat 1: MathisKcr (big blind) showed [4c Ah] and lost with Trips of Aces
Seat 5: FM_Wolf21 (button) showed [3d 3h] and won 556083 with Full of 3 and Aces


