Winamax Poker - Tournament "Expresso Nitro" buyIn: 0.93€ + 0.07€ level: 1 - HandId: #4692168951025631233-1-1775678357 - Holdem no limit (10/20) - 2026/04/08 19:59:17 UTC
Table: 'Expresso Nitro(1092480717)#0' 3-max (real money) Seat #1 is the button
Seat 1: CiziaZike22 (300)
Seat 2: MathisKcr (300)
Seat 3: KCnextADKing (300)
*** ANTE/BLINDS ***
MathisKcr posts small blind 10
KCnextADKing posts big blind 20
Dealt to MathisKcr [Js Ad]
*** PRE-FLOP *** 
CiziaZike22 folds
MathisKcr raises 280 to 300 and is all-in
KCnextADKing calls 280 and is all-in
*** FLOP *** [Qs Kd 5s]
*** TURN *** [Qs Kd 5s][8h]
*** RIVER *** [Qs Kd 5s 8h][8d]
*** SHOW DOWN ***
MathisKcr shows [Js Ad] (One pair : 8)
KCnextADKing shows [Jh Jd] (Two pairs : Jacks and 8)
KCnextADKing collected 600 from pot
*** SUMMARY ***
Total pot 600 | No rake
Board: [Qs Kd 5s 8h 8d]
Seat 2: MathisKcr (small blind) showed [Js Ad] and lost with One pair : 8
Seat 3: KCnextADKing (big blind) showed [Jh Jd] and won 600 with Two pairs : Jacks and 8


