Winamax Poker - Tournament "Expresso Nitro" buyIn: 0.93€ + 0.07€ level: 1 - HandId: #4614351797253832705-1-1772899886 - Holdem no limit (10/20) - 2026/03/07 16:11:26 UTC
Table: 'Expresso Nitro(1074362499)#0' 3-max (real money) Seat #1 is the button
Seat 1: Cocomonns (300)
Seat 2: MathisKcr (300)
Seat 3: Wu Masaro M (300)
*** ANTE/BLINDS ***
MathisKcr posts small blind 10
Wu Masaro M posts big blind 20
Dealt to MathisKcr [Qs Ks]
*** PRE-FLOP *** 
Cocomonns folds
MathisKcr raises 40 to 60
Wu Masaro M folds
MathisKcr collected 80 from pot
*** SUMMARY ***
Total pot 80 | No rake
Seat 2: MathisKcr (small blind) won 80


Winamax Poker - Tournament "Expresso Nitro" buyIn: 0.93€ + 0.07€ level: 1 - HandId: #4614351797253832705-2-1772899897 - Holdem no limit (10/20) - 2026/03/07 16:11:37 UTC
Table: 'Expresso Nitro(1074362499)#0' 3-max (real money) Seat #2 is the button
Seat 1: Cocomonns (300)
Seat 2: MathisKcr (320)
Seat 3: Wu Masaro M (280)
*** ANTE/BLINDS ***
Wu Masaro M posts small blind 10
Cocomonns posts big blind 20
Dealt to MathisKcr [9h 2s]
*** PRE-FLOP *** 
MathisKcr folds
Wu Masaro M raises 20 to 40
Cocomonns folds
Wu Masaro M collected 60 from pot
*** SUMMARY ***
Total pot 60 | No rake
Seat 3: Wu Masaro M (small blind) won 60


Winamax Poker - Tournament "Expresso Nitro" buyIn: 0.93€ + 0.07€ level: 1 - HandId: #4614351797253832705-3-1772899911 - Holdem no limit (10/20) - 2026/03/07 16:11:51 UTC
Table: 'Expresso Nitro(1074362499)#0' 3-max (real money) Seat #3 is the button
Seat 1: Cocomonns (280)
Seat 2: MathisKcr (320)
Seat 3: Wu Masaro M (300)
*** ANTE/BLINDS ***
Cocomonns posts small blind 10
MathisKcr posts big blind 20
Dealt to MathisKcr [3d 9c]
*** PRE-FLOP *** 
Wu Masaro M folds
Cocomonns folds
MathisKcr collected 30 from pot
*** SUMMARY ***
Total pot 30 | No rake
Seat 2: MathisKcr (big blind) won 30


Winamax Poker - Tournament "Expresso Nitro" buyIn: 0.93€ + 0.07€ level: 1 - HandId: #4614351797253832705-4-1772899921 - Holdem no limit (10/20) - 2026/03/07 16:12:01 UTC
Table: 'Expresso Nitro(1074362499)#0' 3-max (real money) Seat #1 is the button
Seat 1: Cocomonns (270)
Seat 2: MathisKcr (330)
Seat 3: Wu Masaro M (300)
*** ANTE/BLINDS ***
MathisKcr posts small blind 10
Wu Masaro M posts big blind 20
Dealt to MathisKcr [6s Qd]
*** PRE-FLOP *** 
Cocomonns folds
MathisKcr calls 10
Wu Masaro M checks
*** FLOP *** [Qh 4d As]
MathisKcr bets 26
Wu Masaro M calls 26
*** TURN *** [Qh 4d As][Kd]
MathisKcr bets 46
Wu Masaro M calls 46
*** RIVER *** [Qh 4d As Kd][Ks]
MathisKcr checks
Wu Masaro M checks
*** SHOW DOWN ***
MathisKcr shows [6s Qd] (Two pairs : Kings and Queens)
Wu Masaro M shows [Qc 4h] (Two pairs : Kings and Queens)
Wu Masaro M collected 92 from pot
MathisKcr collected 92 from pot
*** SUMMARY ***
Total pot 184 | No rake
Board: [Qh 4d As Kd Ks]
Seat 2: MathisKcr (small blind) showed [6s Qd] and won 92 with Two pairs : Kings and Queens
Seat 3: Wu Masaro M (big blind) showed [Qc 4h] and won 92 with Two pairs : Kings and Queens


Winamax Poker - Tournament "Expresso Nitro" buyIn: 0.93€ + 0.07€ level: 2 - HandId: #4614351797253832705-5-1772899964 - Holdem no limit (15/30) - 2026/03/07 16:12:44 UTC
Table: 'Expresso Nitro(1074362499)#0' 3-max (real money) Seat #2 is the button
Seat 1: Cocomonns (270)
Seat 2: MathisKcr (330)
Seat 3: Wu Masaro M (300)
*** ANTE/BLINDS ***
Wu Masaro M posts small blind 15
Cocomonns posts big blind 30
Dealt to MathisKcr [4s Qh]
*** PRE-FLOP *** 
MathisKcr calls 30
Wu Masaro M folds
Cocomonns checks
*** FLOP *** [7d 7c 6h]
Cocomonns checks
MathisKcr checks
*** TURN *** [7d 7c 6h][8s]
Cocomonns checks
MathisKcr checks
*** RIVER *** [7d 7c 6h 8s][7s]
Cocomonns checks
MathisKcr checks
*** SHOW DOWN ***
Cocomonns shows [2c 9d] (Trips of 7)
MathisKcr shows [4s Qh] (Trips of 7)
MathisKcr collected 75 from pot
*** SUMMARY ***
Total pot 75 | No rake
Board: [7d 7c 6h 8s 7s]
Seat 1: Cocomonns (big blind) showed [2c 9d] and lost with Trips of 7
Seat 2: MathisKcr (button) showed [4s Qh] and won 75 with Trips of 7


Winamax Poker - Tournament "Expresso Nitro" buyIn: 0.93€ + 0.07€ level: 2 - HandId: #4614351797253832705-6-1772899982 - Holdem no limit (15/30) - 2026/03/07 16:13:02 UTC
Table: 'Expresso Nitro(1074362499)#0' 3-max (real money) Seat #3 is the button
Seat 1: Cocomonns (240)
Seat 2: MathisKcr (375)
Seat 3: Wu Masaro M (285)
*** ANTE/BLINDS ***
Cocomonns posts small blind 15
MathisKcr posts big blind 30
Dealt to MathisKcr [9c 9h]
*** PRE-FLOP *** 
Wu Masaro M raises 255 to 285 and is all-in
Cocomonns folds
MathisKcr calls 255
*** FLOP *** [5c 3c Qs]
*** TURN *** [5c 3c Qs][4d]
*** RIVER *** [5c 3c Qs 4d][2c]
*** SHOW DOWN ***
MathisKcr shows [9c 9h] (One pair : 9)
Wu Masaro M shows [As Kc] (Straight 5 high)
Wu Masaro M collected 585 from pot
*** SUMMARY ***
Total pot 585 | No rake
Board: [5c 3c Qs 4d 2c]
Seat 2: MathisKcr (big blind) showed [9c 9h] and lost with One pair : 9
Seat 3: Wu Masaro M (button) showed [As Kc] and won 585 with Straight 5 high


Winamax Poker - Tournament "Expresso Nitro" buyIn: 0.93€ + 0.07€ level: 2 - HandId: #4614351797253832705-7-1772899999 - Holdem no limit (15/30) - 2026/03/07 16:13:19 UTC
Table: 'Expresso Nitro(1074362499)#0' 3-max (real money) Seat #1 is the button
Seat 1: Cocomonns (225)
Seat 2: MathisKcr (90)
Seat 3: Wu Masaro M (585)
*** ANTE/BLINDS ***
MathisKcr posts small blind 15
Wu Masaro M posts big blind 30
Dealt to MathisKcr [2c Tc]
*** PRE-FLOP *** 
Cocomonns folds
MathisKcr calls 15
Wu Masaro M raises 555 to 585 and is all-in
MathisKcr folds
Wu Masaro M collected 615 from pot
*** SUMMARY ***
Total pot 615 | No rake
Seat 3: Wu Masaro M (big blind) won 615


Winamax Poker - Tournament "Expresso Nitro" buyIn: 0.93€ + 0.07€ level: 3 - HandId: #4614351797253832705-8-1772900023 - Holdem no limit (20/40) - 2026/03/07 16:13:43 UTC
Table: 'Expresso Nitro(1074362499)#0' 3-max (real money) Seat #2 is the button
Seat 1: Cocomonns (225)
Seat 2: MathisKcr (60)
Seat 3: Wu Masaro M (615)
*** ANTE/BLINDS ***
Wu Masaro M posts small blind 20
Cocomonns posts big blind 40
Dealt to MathisKcr [6h 6c]
*** PRE-FLOP *** 
MathisKcr raises 20 to 60 and is all-in
Wu Masaro M folds
Cocomonns calls 20
*** FLOP *** [8c 8h Qh]
*** TURN *** [8c 8h Qh][Jc]
*** RIVER *** [8c 8h Qh Jc][7s]
*** SHOW DOWN ***
MathisKcr shows [6h 6c] (Two pairs : 8 and 6)
Cocomonns shows [3s Qc] (Two pairs : Queens and 8)
Cocomonns collected 140 from pot
*** SUMMARY ***
Total pot 140 | No rake
Board: [8c 8h Qh Jc 7s]
Seat 1: Cocomonns (big blind) showed [3s Qc] and won 140 with Two pairs : Queens and 8
Seat 2: MathisKcr (button) showed [6h 6c] and lost with Two pairs : 8 and 6


