Winamax Poker - Tournament "Expresso Nitro" buyIn: 0.93€ + 0.07€ level: 1 - HandId: #4558738962977390593-1-1770725556 - Holdem no limit (10/20) - 2026/02/10 12:12:36 UTC
Table: 'Expresso Nitro(1061414127)#0' 3-max (real money) Seat #1 is the button
Seat 1: Crapulpok (300)
Seat 2: MathisKcr (300)
Seat 3: LordOfLooose (300)
*** ANTE/BLINDS ***
MathisKcr posts small blind 10
LordOfLooose posts big blind 20
Dealt to MathisKcr [6h 8d]
*** PRE-FLOP *** 
Crapulpok folds
MathisKcr calls 10
LordOfLooose checks
*** FLOP *** [As Kh Kd]
MathisKcr checks
LordOfLooose checks
*** TURN *** [As Kh Kd][8s]
MathisKcr checks
LordOfLooose bets 280 and is all-in
MathisKcr calls 280 and is all-in
*** RIVER *** [As Kh Kd 8s][Ts]
*** SHOW DOWN ***
MathisKcr shows [6h 8d] (Two pairs : Kings and 8)
LordOfLooose shows [Ks Tc] (Full of Kings and Tens)
LordOfLooose collected 600 from pot
*** SUMMARY ***
Total pot 600 | No rake
Board: [As Kh Kd 8s Ts]
Seat 2: MathisKcr (small blind) showed [6h 8d] and lost with Two pairs : Kings and 8
Seat 3: LordOfLooose (big blind) showed [Ks Tc] and won 600 with Full of Kings and Tens


