Winamax Poker - Tournament "Expresso Nitro" buyIn: 0.93€ + 0.07€ level: 1 - HandId: #4684012945569480705-1-1775384453 - Holdem no limit (10/20) - 2026/04/05 10:20:53 UTC
Table: 'Expresso Nitro(1090581749)#0' 3-max (real money) Seat #3 is the button
Seat 1: Altiempo (300)
Seat 2: jajam13127 (300)
Seat 3: MathisKcr (300)
*** ANTE/BLINDS ***
Altiempo posts small blind 10
jajam13127 posts big blind 20
Dealt to MathisKcr [2s Td]
*** PRE-FLOP *** 
MathisKcr folds
Altiempo calls 10
jajam13127 checks
*** FLOP *** [5d 3s 4c]
Altiempo checks
jajam13127 checks
*** TURN *** [5d 3s 4c][3d]
Altiempo bets 20
jajam13127 raises 20 to 40
Altiempo calls 20
*** RIVER *** [5d 3s 4c 3d][7d]
Altiempo bets 240 and is all-in
jajam13127 calls 240 and is all-in
*** SHOW DOWN ***
jajam13127 shows [3h 2h] (Trips of 3)
Altiempo shows [Kd 6c] (Straight 7 high)
Altiempo collected 600 from pot
*** SUMMARY ***
Total pot 600 | No rake
Board: [5d 3s 4c 3d 7d]
Seat 1: Altiempo (small blind) showed [Kd 6c] and won 600 with Straight 7 high
Seat 2: jajam13127 (big blind) showed [3h 2h] and lost with Trips of 3


Winamax Poker - Tournament "Expresso Nitro" buyIn: 0.93€ + 0.07€ level: 1 - HandId: #4684012945569480705-2-1775384470 - Holdem no limit (10/20) - 2026/04/05 10:21:10 UTC
Table: 'Expresso Nitro(1090581749)#0' 3-max (real money) Seat #3 is the button
Seat 1: Altiempo (600)
Seat 3: MathisKcr (300)
*** ANTE/BLINDS ***
MathisKcr posts small blind 10
Altiempo posts big blind 20
Dealt to MathisKcr [Ah 7h]
*** PRE-FLOP *** 
MathisKcr raises 280 to 300 and is all-in
Altiempo raises 300 to 600 and is all-in
*** FLOP *** [3c Qd 4s]
*** TURN *** [3c Qd 4s][8c]
*** RIVER *** [3c Qd 4s 8c][Ac]
*** SHOW DOWN ***
Altiempo shows [7s Kh] (High card : Ace)
MathisKcr shows [Ah 7h] (One pair : Aces)
MathisKcr collected 600 from main pot
Altiempo collected 300 from side pot 1
*** SUMMARY ***
Total pot 900 | No rake
Board: [3c Qd 4s 8c Ac]
Seat 1: Altiempo (big blind) showed [7s Kh] and won 300 with High card : Ace
Seat 3: MathisKcr (small blind) (button) showed [Ah 7h] and won 600 with One pair : Aces


Winamax Poker - Tournament "Expresso Nitro" buyIn: 0.93€ + 0.07€ level: 1 - HandId: #4684012945569480705-3-1775384482 - Holdem no limit (10/20) - 2026/04/05 10:21:22 UTC
Table: 'Expresso Nitro(1090581749)#0' 3-max (real money) Seat #1 is the button
Seat 1: Altiempo (300)
Seat 3: MathisKcr (600)
*** ANTE/BLINDS ***
Altiempo posts small blind 10
MathisKcr posts big blind 20
Dealt to MathisKcr [2d 4d]
*** PRE-FLOP *** 
Altiempo calls 10
MathisKcr checks
*** FLOP *** [6s Ks 5d]
MathisKcr checks
Altiempo checks
*** TURN *** [6s Ks 5d][Td]
MathisKcr bets 50
Altiempo calls 50
*** RIVER *** [6s Ks 5d Td][5c]
MathisKcr checks
Altiempo bets 91
MathisKcr folds
Altiempo collected 231 from pot
*** SUMMARY ***
Total pot 231 | No rake
Board: [6s Ks 5d Td 5c]
Seat 1: Altiempo (small blind) (button) won 231


Winamax Poker - Tournament "Expresso Nitro" buyIn: 0.93€ + 0.07€ level: 2 - HandId: #4684012945569480705-4-1775384518 - Holdem no limit (15/30) - 2026/04/05 10:21:58 UTC
Table: 'Expresso Nitro(1090581749)#0' 3-max (real money) Seat #3 is the button
Seat 1: Altiempo (370)
Seat 3: MathisKcr (530)
*** ANTE/BLINDS ***
MathisKcr posts small blind 15
Altiempo posts big blind 30
Dealt to MathisKcr [Ac 6c]
*** PRE-FLOP *** 
MathisKcr raises 500 to 530 and is all-in
Altiempo folds
MathisKcr collected 560 from pot
*** SUMMARY ***
Total pot 560 | No rake
Seat 3: MathisKcr (small blind) (button) won 560


Winamax Poker - Tournament "Expresso Nitro" buyIn: 0.93€ + 0.07€ level: 2 - HandId: #4684012945569480705-5-1775384525 - Holdem no limit (15/30) - 2026/04/05 10:22:05 UTC
Table: 'Expresso Nitro(1090581749)#0' 3-max (real money) Seat #1 is the button
Seat 1: Altiempo (340)
Seat 3: MathisKcr (560)
*** ANTE/BLINDS ***
Altiempo posts small blind 15
MathisKcr posts big blind 30
Dealt to MathisKcr [9d 4s]
*** PRE-FLOP *** 
Altiempo calls 15
MathisKcr checks
*** FLOP *** [Ad Kc 5h]
MathisKcr checks
Altiempo checks
*** TURN *** [Ad Kc 5h][Tc]
MathisKcr checks
Altiempo checks
*** RIVER *** [Ad Kc 5h Tc][6h]
MathisKcr checks
Altiempo bets 30
MathisKcr folds
Altiempo collected 90 from pot
*** SUMMARY ***
Total pot 90 | No rake
Board: [Ad Kc 5h Tc 6h]
Seat 1: Altiempo (small blind) (button) won 90


Winamax Poker - Tournament "Expresso Nitro" buyIn: 0.93€ + 0.07€ level: 2 - HandId: #4684012945569480705-6-1775384553 - Holdem no limit (15/30) - 2026/04/05 10:22:33 UTC
Table: 'Expresso Nitro(1090581749)#0' 3-max (real money) Seat #3 is the button
Seat 1: Altiempo (370)
Seat 3: MathisKcr (530)
*** ANTE/BLINDS ***
MathisKcr posts small blind 15
Altiempo posts big blind 30
Dealt to MathisKcr [8s 8c]
*** PRE-FLOP *** 
MathisKcr raises 500 to 530 and is all-in
Altiempo folds
MathisKcr collected 560 from pot
*** SUMMARY ***
Total pot 560 | No rake
Seat 3: MathisKcr (small blind) (button) won 560


Winamax Poker - Tournament "Expresso Nitro" buyIn: 0.93€ + 0.07€ level: 2 - HandId: #4684012945569480705-7-1775384561 - Holdem no limit (15/30) - 2026/04/05 10:22:41 UTC
Table: 'Expresso Nitro(1090581749)#0' 3-max (real money) Seat #1 is the button
Seat 1: Altiempo (340)
Seat 3: MathisKcr (560)
*** ANTE/BLINDS ***
Altiempo posts small blind 15
MathisKcr posts big blind 30
Dealt to MathisKcr [5d 3c]
*** PRE-FLOP *** 
Altiempo calls 15
MathisKcr checks
*** FLOP *** [2d Qd Ad]
MathisKcr checks
Altiempo bets 30
MathisKcr raises 500 to 530 and is all-in
Altiempo folds
MathisKcr collected 620 from pot
*** SUMMARY ***
Total pot 620 | No rake
Board: [2d Qd Ad]
Seat 3: MathisKcr (big blind) won 620


Winamax Poker - Tournament "Expresso Nitro" buyIn: 0.93€ + 0.07€ level: 3 - HandId: #4684012945569480705-8-1775384587 - Holdem no limit (20/40) - 2026/04/05 10:23:07 UTC
Table: 'Expresso Nitro(1090581749)#0' 3-max (real money) Seat #3 is the button
Seat 1: Altiempo (280)
Seat 3: MathisKcr (620)
*** ANTE/BLINDS ***
MathisKcr posts small blind 20
Altiempo posts big blind 40
Dealt to MathisKcr [3d 8c]
*** PRE-FLOP *** 
MathisKcr folds
Altiempo collected 60 from pot
*** SUMMARY ***
Total pot 60 | No rake
Seat 1: Altiempo (big blind) won 60


Winamax Poker - Tournament "Expresso Nitro" buyIn: 0.93€ + 0.07€ level: 3 - HandId: #4684012945569480705-9-1775384593 - Holdem no limit (20/40) - 2026/04/05 10:23:13 UTC
Table: 'Expresso Nitro(1090581749)#0' 3-max (real money) Seat #1 is the button
Seat 1: Altiempo (300)
Seat 3: MathisKcr (600)
*** ANTE/BLINDS ***
Altiempo posts small blind 20
MathisKcr posts big blind 40
Dealt to MathisKcr [8d Kd]
*** PRE-FLOP *** 
Altiempo calls 20
MathisKcr raises 560 to 600 and is all-in
Altiempo folds
MathisKcr collected 640 from pot
*** SUMMARY ***
Total pot 640 | No rake
Seat 3: MathisKcr (big blind) won 640


Winamax Poker - Tournament "Expresso Nitro" buyIn: 0.93€ + 0.07€ level: 3 - HandId: #4684012945569480705-10-1775384603 - Holdem no limit (20/40) - 2026/04/05 10:23:23 UTC
Table: 'Expresso Nitro(1090581749)#0' 3-max (real money) Seat #3 is the button
Seat 1: Altiempo (260)
Seat 3: MathisKcr (640)
*** ANTE/BLINDS ***
MathisKcr posts small blind 20
Altiempo posts big blind 40
Dealt to MathisKcr [Kd 9d]
*** PRE-FLOP *** 
MathisKcr raises 600 to 640 and is all-in
Altiempo folds
MathisKcr collected 680 from pot
*** SUMMARY ***
Total pot 680 | No rake
Seat 3: MathisKcr (small blind) (button) won 680


Winamax Poker - Tournament "Expresso Nitro" buyIn: 0.93€ + 0.07€ level: 3 - HandId: #4684012945569480705-11-1775384610 - Holdem no limit (20/40) - 2026/04/05 10:23:30 UTC
Table: 'Expresso Nitro(1090581749)#0' 3-max (real money) Seat #1 is the button
Seat 1: Altiempo (220)
Seat 3: MathisKcr (680)
*** ANTE/BLINDS ***
Altiempo posts small blind 20
MathisKcr posts big blind 40
Dealt to MathisKcr [4d 4c]
*** PRE-FLOP *** 
Altiempo raises 180 to 220 and is all-in
MathisKcr calls 180
*** FLOP *** [Ac 8s Th]
*** TURN *** [Ac 8s Th][Js]
*** RIVER *** [Ac 8s Th Js][2d]
*** SHOW DOWN ***
Altiempo shows [Kd 6s] (High card : Ace)
MathisKcr shows [4d 4c] (One pair : 4)
MathisKcr collected 440 from pot
*** SUMMARY ***
Total pot 440 | No rake
Board: [Ac 8s Th Js 2d]
Seat 1: Altiempo (small blind) (button) showed [Kd 6s] and lost with High card : Ace
Seat 3: MathisKcr (big blind) showed [4d 4c] and won 440 with One pair : 4


