Winamax Poker - Tournament "Expresso Nitro" buyIn: 0.93€ + 0.07€ level: 1 - HandId: #4578775273176039425-1-1771442984 - Holdem no limit (10/20) - 2026/02/18 19:29:44 UTC
Table: 'Expresso Nitro(1066079194)#0' 3-max (real money) Seat #1 is the button
Seat 1: MathisKcr (300)
Seat 2: Jordaninho89 (300)
Seat 3: Fold_1nge (300)
*** ANTE/BLINDS ***
Jordaninho89 posts small blind 10
Fold_1nge posts big blind 20
Dealt to MathisKcr [Qh 8d]
*** PRE-FLOP *** 
MathisKcr raises 30 to 50
Jordaninho89 calls 40
Fold_1nge folds
*** FLOP *** [4h 6h Td]
Jordaninho89 bets 120
MathisKcr folds
Jordaninho89 collected 240 from pot
*** SUMMARY ***
Total pot 240 | No rake
Board: [4h 6h Td]
Seat 2: Jordaninho89 (small blind) won 240


Winamax Poker - Tournament "Expresso Nitro" buyIn: 0.93€ + 0.07€ level: 1 - HandId: #4578775273176039425-2-1771443000 - Holdem no limit (10/20) - 2026/02/18 19:30:00 UTC
Table: 'Expresso Nitro(1066079194)#0' 3-max (real money) Seat #2 is the button
Seat 1: MathisKcr (250)
Seat 2: Jordaninho89 (370)
Seat 3: Fold_1nge (280)
*** ANTE/BLINDS ***
Fold_1nge posts small blind 10
MathisKcr posts big blind 20
Dealt to MathisKcr [7c Ah]
*** PRE-FLOP *** 
Jordaninho89 calls 20
Fold_1nge calls 10
MathisKcr raises 30 to 50
Jordaninho89 calls 30
Fold_1nge calls 30
*** FLOP *** [Ad 7h 2d]
Fold_1nge checks
MathisKcr bets 50
Jordaninho89 folds
Fold_1nge folds
MathisKcr collected 200 from pot
*** SUMMARY ***
Total pot 200 | No rake
Board: [Ad 7h 2d]
Seat 1: MathisKcr (big blind) won 200


Winamax Poker - Tournament "Expresso Nitro" buyIn: 0.93€ + 0.07€ level: 1 - HandId: #4578775273176039425-3-1771443032 - Holdem no limit (10/20) - 2026/02/18 19:30:32 UTC
Table: 'Expresso Nitro(1066079194)#0' 3-max (real money) Seat #3 is the button
Seat 1: MathisKcr (350)
Seat 2: Jordaninho89 (320)
Seat 3: Fold_1nge (230)
*** ANTE/BLINDS ***
MathisKcr posts small blind 10
Jordaninho89 posts big blind 20
Dealt to MathisKcr [Tc 3d]
*** PRE-FLOP *** 
Fold_1nge raises 210 to 230 and is all-in
MathisKcr folds
Jordaninho89 calls 210
*** FLOP *** [Js 7h 8c]
*** TURN *** [Js 7h 8c][9c]
*** RIVER *** [Js 7h 8c 9c][Jd]
*** SHOW DOWN ***
Jordaninho89 shows [Ad 2d] (One pair : Jacks)
Fold_1nge shows [Ac 5d] (One pair : Jacks)
Fold_1nge collected 235 from pot
Jordaninho89 collected 235 from pot
*** SUMMARY ***
Total pot 470 | No rake
Board: [Js 7h 8c 9c Jd]
Seat 2: Jordaninho89 (big blind) showed [Ad 2d] and won 235 with One pair : Jacks
Seat 3: Fold_1nge (button) showed [Ac 5d] and won 235 with One pair : Jacks


Winamax Poker - Tournament "Expresso Nitro" buyIn: 0.93€ + 0.07€ level: 2 - HandId: #4578775273176039425-4-1771443047 - Holdem no limit (15/30) - 2026/02/18 19:30:47 UTC
Table: 'Expresso Nitro(1066079194)#0' 3-max (real money) Seat #1 is the button
Seat 1: MathisKcr (340)
Seat 2: Jordaninho89 (325)
Seat 3: Fold_1nge (235)
*** ANTE/BLINDS ***
Jordaninho89 posts small blind 15
Fold_1nge posts big blind 30
Dealt to MathisKcr [Qs 3s]
*** PRE-FLOP *** 
MathisKcr folds
Jordaninho89 calls 15
Fold_1nge checks
*** FLOP *** [Th 2d 3d]
Jordaninho89 bets 60
Fold_1nge folds
Jordaninho89 collected 120 from pot
*** SUMMARY ***
Total pot 120 | No rake
Board: [Th 2d 3d]
Seat 2: Jordaninho89 (small blind) won 120


Winamax Poker - Tournament "Expresso Nitro" buyIn: 0.93€ + 0.07€ level: 2 - HandId: #4578775273176039425-5-1771443060 - Holdem no limit (15/30) - 2026/02/18 19:31:00 UTC
Table: 'Expresso Nitro(1066079194)#0' 3-max (real money) Seat #2 is the button
Seat 1: MathisKcr (340)
Seat 2: Jordaninho89 (355)
Seat 3: Fold_1nge (205)
*** ANTE/BLINDS ***
Fold_1nge posts small blind 15
MathisKcr posts big blind 30
Dealt to MathisKcr [7d Kh]
*** PRE-FLOP *** 
Jordaninho89 folds
Fold_1nge calls 15
MathisKcr raises 45 to 75
Fold_1nge calls 45
*** FLOP *** [6h Th As]
Fold_1nge checks
MathisKcr checks
*** TURN *** [6h Th As][4h]
Fold_1nge checks
MathisKcr bets 90
Fold_1nge folds
MathisKcr collected 240 from pot
*** SUMMARY ***
Total pot 240 | No rake
Board: [6h Th As 4h]
Seat 1: MathisKcr (big blind) won 240


Winamax Poker - Tournament "Expresso Nitro" buyIn: 0.93€ + 0.07€ level: 2 - HandId: #4578775273176039425-6-1771443085 - Holdem no limit (15/30) - 2026/02/18 19:31:25 UTC
Table: 'Expresso Nitro(1066079194)#0' 3-max (real money) Seat #3 is the button
Seat 1: MathisKcr (415)
Seat 2: Jordaninho89 (355)
Seat 3: Fold_1nge (130)
*** ANTE/BLINDS ***
MathisKcr posts small blind 15
Jordaninho89 posts big blind 30
Dealt to MathisKcr [7c Ks]
*** PRE-FLOP *** 
Fold_1nge raises 100 to 130 and is all-in
MathisKcr calls 115
Jordaninho89 raises 225 to 355 and is all-in
MathisKcr folds
*** FLOP *** [2s Ac Qs]
*** TURN *** [2s Ac Qs][3s]
*** RIVER *** [2s Ac Qs 3s][Ad]
*** SHOW DOWN ***
Jordaninho89 shows [Jd Jc] (Two pairs : Aces and Jacks)
Fold_1nge shows [Ah 4c] (Trips of Aces)
Fold_1nge collected 390 from main pot
Jordaninho89 collected 225 from side pot 1
*** SUMMARY ***
Total pot 615 | No rake
Board: [2s Ac Qs 3s Ad]
Seat 2: Jordaninho89 (big blind) showed [Jd Jc] and won 225 with Two pairs : Aces and Jacks
Seat 3: Fold_1nge (button) showed [Ah 4c] and won 390 with Trips of Aces


Winamax Poker - Tournament "Expresso Nitro" buyIn: 0.93€ + 0.07€ level: 3 - HandId: #4578775273176039425-7-1771443109 - Holdem no limit (20/40) - 2026/02/18 19:31:49 UTC
Table: 'Expresso Nitro(1066079194)#0' 3-max (real money) Seat #1 is the button
Seat 1: MathisKcr (285)
Seat 2: Jordaninho89 (225)
Seat 3: Fold_1nge (390)
*** ANTE/BLINDS ***
Jordaninho89 posts small blind 20
Fold_1nge posts big blind 40
Dealt to MathisKcr [Ac 8s]
*** PRE-FLOP *** 
MathisKcr raises 60 to 100
Jordaninho89 folds
Fold_1nge raises 290 to 390 and is all-in
MathisKcr calls 185 and is all-in
*** FLOP *** [6c 9s 5h]
*** TURN *** [6c 9s 5h][7h]
*** RIVER *** [6c 9s 5h 7h][Js]
*** SHOW DOWN ***
MathisKcr shows [Ac 8s] (Straight 9 high)
Fold_1nge shows [Qd Ks] (High card : King)
Fold_1nge collected 105 from side pot 1
MathisKcr collected 590 from main pot
*** SUMMARY ***
Total pot 695 | No rake
Board: [6c 9s 5h 7h Js]
Seat 1: MathisKcr (button) showed [Ac 8s] and won 590 with Straight 9 high
Seat 3: Fold_1nge (big blind) showed [Qd Ks] and won 105 with High card : King


Winamax Poker - Tournament "Expresso Nitro" buyIn: 0.93€ + 0.07€ level: 3 - HandId: #4578775273176039425-8-1771443128 - Holdem no limit (20/40) - 2026/02/18 19:32:08 UTC
Table: 'Expresso Nitro(1066079194)#0' 3-max (real money) Seat #2 is the button
Seat 1: MathisKcr (590)
Seat 2: Jordaninho89 (205)
Seat 3: Fold_1nge (105)
*** ANTE/BLINDS ***
Fold_1nge posts small blind 20
MathisKcr posts big blind 40
Dealt to MathisKcr [9c Ks]
*** PRE-FLOP *** 
Jordaninho89 raises 165 to 205 and is all-in
Fold_1nge calls 85 and is all-in
MathisKcr calls 165
*** FLOP *** [4c Qh Th]
*** TURN *** [4c Qh Th][Qd]
*** RIVER *** [4c Qh Th Qd][Jh]
*** SHOW DOWN ***
Jordaninho89 shows [Tc Jd] (Two pairs : Queens and Jacks)
Fold_1nge shows [Td Ah] (Two pairs : Queens and Tens)
MathisKcr shows [9c Ks] (Straight King high)
MathisKcr collected 515 from pot
*** SUMMARY ***
Total pot 515 | No rake
Board: [4c Qh Th Qd Jh]
Seat 1: MathisKcr (big blind) showed [9c Ks] and won 515 with Straight King high
Seat 2: Jordaninho89 (button) showed [Tc Jd] and lost with Two pairs : Queens and Jacks
Seat 3: Fold_1nge (small blind) showed [Td Ah] and lost with Two pairs : Queens and Tens


