Winamax Poker - Tournament "TRIDENT SPACE KO" buyIn: 0.90€ + 0.10€ level: 1 - HandId: #4507975876922573035-3-1771442161 - Holdem no limit (3/10/20) - 2026/02/18 19:16:01 UTC
Table: 'TRIDENT SPACE KO(1049594925)#0234' 3-max (real money) Seat #2 is the button
Seat 1: MathisKcr (500, 0.50€ bounty)
Seat 2: Damaky95 (467, 0.50€ bounty)
Seat 3: nozo13 (464, 0.50€ bounty)
*** ANTE/BLINDS ***
nozo13 posts ante 3
MathisKcr posts ante 3
Damaky95 posts ante 3
nozo13 posts small blind 10
MathisKcr posts big blind 20
Dealt to MathisKcr [Jd Td]
*** PRE-FLOP *** 
Damaky95 raises 20 to 40
nozo13 calls 30
MathisKcr calls 20
*** FLOP *** [Qh Ah Ks]
nozo13 checks
MathisKcr bets 32
Damaky95 folds
nozo13 calls 32
*** TURN *** [Qh Ah Ks][Jh]
nozo13 checks
MathisKcr bets 48
nozo13 calls 48
*** RIVER *** [Qh Ah Ks Jh][2h]
nozo13 bets 101
MathisKcr calls 101
*** SHOW DOWN ***
MathisKcr shows [Jd Td] (Straight Ace high)
nozo13 shows [Th Qd] (Flush Ace high)
nozo13 collected 491 from pot
*** SUMMARY ***
Total pot 491 | No rake
Board: [Qh Ah Ks Jh 2h]
Seat 1: MathisKcr (big blind) showed [Jd Td] and lost with Straight Ace high
Seat 3: nozo13 (small blind) showed [Th Qd] and won 491 with Flush Ace high


Winamax Poker - Tournament "TRIDENT SPACE KO" buyIn: 0.90€ + 0.10€ level: 1 - HandId: #4507975876922573035-4-1771442212 - Holdem no limit (3/10/20) - 2026/02/18 19:16:52 UTC
Table: 'TRIDENT SPACE KO(1049594925)#0234' 3-max (real money) Seat #3 is the button
Seat 1: MathisKcr (276, 0.50€ bounty)
Seat 2: Damaky95 (424, 0.50€ bounty)
Seat 3: nozo13 (731, 0.50€ bounty)
*** ANTE/BLINDS ***
MathisKcr posts ante 3
Damaky95 posts ante 3
nozo13 posts ante 3
MathisKcr posts small blind 10
Damaky95 posts big blind 20
Dealt to MathisKcr [6s 2h]
*** PRE-FLOP *** 
nozo13 folds
MathisKcr folds
Damaky95 collected 39 from pot
*** SUMMARY ***
Total pot 39 | No rake
Seat 2: Damaky95 (big blind) won 39


Winamax Poker - Tournament "TRIDENT SPACE KO" buyIn: 0.90€ + 0.10€ level: 1 - HandId: #4507975876922573035-5-1771442222 - Holdem no limit (3/10/20) - 2026/02/18 19:17:02 UTC
Table: 'TRIDENT SPACE KO(1049594925)#0234' 3-max (real money) Seat #1 is the button
Seat 1: MathisKcr (263, 0.50€ bounty)
Seat 2: Damaky95 (440, 0.50€ bounty)
Seat 3: nozo13 (728, 0.50€ bounty)
*** ANTE/BLINDS ***
Damaky95 posts ante 3
nozo13 posts ante 3
MathisKcr posts ante 3
Damaky95 posts small blind 10
nozo13 posts big blind 20
Dealt to MathisKcr [Td 4s]
*** PRE-FLOP *** 
MathisKcr folds
Damaky95 raises 20 to 40
nozo13 folds
Damaky95 collected 69 from pot
*** SUMMARY ***
Total pot 69 | No rake
Seat 2: Damaky95 (small blind) won 69


Winamax Poker - Tournament "TRIDENT SPACE KO" buyIn: 0.90€ + 0.10€ level: 1 - HandId: #4507975876922573035-6-1771442238 - Holdem no limit (3/10/20) - 2026/02/18 19:17:18 UTC
Table: 'TRIDENT SPACE KO(1049594925)#0234' 3-max (real money) Seat #2 is the button
Seat 1: MathisKcr (260, 0.50€ bounty)
Seat 2: Damaky95 (466, 0.50€ bounty)
Seat 3: nozo13 (705, 0.50€ bounty)
*** ANTE/BLINDS ***
nozo13 posts ante 3
MathisKcr posts ante 3
Damaky95 posts ante 3
nozo13 posts small blind 10
MathisKcr posts big blind 20
Dealt to MathisKcr [5s 9s]
*** PRE-FLOP *** 
Damaky95 raises 443 to 463 and is all-in
nozo13 folds
MathisKcr folds
Damaky95 collected 502 from pot
*** SUMMARY ***
Total pot 502 | No rake
Seat 2: Damaky95 (button) won 502


Winamax Poker - Tournament "TRIDENT SPACE KO" buyIn: 0.90€ + 0.10€ level: 1 - HandId: #4507975876922573035-7-1771442250 - Holdem no limit (3/10/20) - 2026/02/18 19:17:30 UTC
Table: 'TRIDENT SPACE KO(1049594925)#0234' 3-max (real money) Seat #3 is the button
Seat 1: MathisKcr (237, 0.50€ bounty)
Seat 2: Damaky95 (502, 0.50€ bounty)
Seat 3: nozo13 (692, 0.50€ bounty)
*** ANTE/BLINDS ***
MathisKcr posts ante 3
Damaky95 posts ante 3
nozo13 posts ante 3
MathisKcr posts small blind 10
Damaky95 posts big blind 20
Dealt to MathisKcr [7s Ks]
*** PRE-FLOP *** 
nozo13 folds
MathisKcr raises 30 to 50
Damaky95 raises 449 to 499 and is all-in
MathisKcr calls 184 and is all-in
*** FLOP *** [2c 6h 2d]
*** TURN *** [2c 6h 2d][Kc]
*** RIVER *** [2c 6h 2d Kc][Jh]
*** SHOW DOWN ***
MathisKcr shows [7s Ks] (Two pairs : Kings and 2)
Damaky95 shows [As 5s] (One pair : 2)
Damaky95 collected 265 from side pot 1
MathisKcr collected 477 from main pot
*** SUMMARY ***
Total pot 742 | No rake
Board: [2c 6h 2d Kc Jh]
Seat 1: MathisKcr (small blind) showed [7s Ks] and won 477 with Two pairs : Kings and 2
Seat 2: Damaky95 (big blind) showed [As 5s] and won 265 with One pair : 2


Winamax Poker - Tournament "TRIDENT SPACE KO" buyIn: 0.90€ + 0.10€ level: 1 - HandId: #4507975876922573035-8-1771442279 - Holdem no limit (3/10/20) - 2026/02/18 19:17:59 UTC
Table: 'TRIDENT SPACE KO(1049594925)#0234' 3-max (real money) Seat #1 is the button
Seat 1: MathisKcr (477, 0.50€ bounty)
Seat 2: Damaky95 (265, 0.50€ bounty)
Seat 3: nozo13 (689, 0.50€ bounty)
*** ANTE/BLINDS ***
Damaky95 posts ante 3
nozo13 posts ante 3
MathisKcr posts ante 3
Damaky95 posts small blind 10
nozo13 posts big blind 20
Dealt to MathisKcr [Qh 9d]
*** PRE-FLOP *** 
MathisKcr raises 20 to 40
Damaky95 calls 30
nozo13 calls 20
*** FLOP *** [Tc 6h 8s]
Damaky95 checks
nozo13 bets 84
MathisKcr folds
Damaky95 folds
nozo13 collected 213 from pot
*** SUMMARY ***
Total pot 213 | No rake
Board: [Tc 6h 8s]
Seat 3: nozo13 (big blind) won 213


Winamax Poker - Tournament "TRIDENT SPACE KO" buyIn: 0.90€ + 0.10€ level: 1 - HandId: #4507975876922573035-9-1771442296 - Holdem no limit (3/10/20) - 2026/02/18 19:18:16 UTC
Table: 'TRIDENT SPACE KO(1049594925)#0234' 3-max (real money) Seat #2 is the button
Seat 1: MathisKcr (434, 0.50€ bounty)
Seat 2: Damaky95 (222, 0.50€ bounty)
Seat 3: nozo13 (775, 0.50€ bounty)
*** ANTE/BLINDS ***
nozo13 posts ante 3
MathisKcr posts ante 3
Damaky95 posts ante 3
nozo13 posts small blind 10
MathisKcr posts big blind 20
Dealt to MathisKcr [7s 4c]
*** PRE-FLOP *** 
Damaky95 raises 199 to 219 and is all-in
nozo13 raises 553 to 772 and is all-in
MathisKcr folds
*** FLOP *** [3s 8s Ah]
*** TURN *** [3s 8s Ah][Ad]
*** RIVER *** [3s 8s Ah Ad][5h]
*** SHOW DOWN ***
Damaky95 shows [Qs 5s] (Two pairs : Aces and 5)
nozo13 shows [5c Kc] (Two pairs : Aces and 5)
nozo13 collected 1020 from pot
*** SUMMARY ***
Total pot 1020 | No rake
Board: [3s 8s Ah Ad 5h]
Seat 2: Damaky95 (button) showed [Qs 5s] and lost with Two pairs : Aces and 5
Seat 3: nozo13 (small blind) showed [5c Kc] and won 1020 with Two pairs : Aces and 5


Winamax Poker - Tournament "TRIDENT SPACE KO" buyIn: 0.90€ + 0.10€ level: 1 - HandId: #4507975876922573035-10-1771442322 - Holdem no limit (3/10/20) - 2026/02/18 19:18:42 UTC
Table: 'TRIDENT SPACE KO(1049594925)#0234' 3-max (real money) Seat #1 is the button
Seat 1: MathisKcr (411, 0.50€ bounty)
Seat 3: nozo13 (1020, 1€ bounty)
*** ANTE/BLINDS ***
MathisKcr posts ante 3
nozo13 posts ante 3
MathisKcr posts small blind 10
nozo13 posts big blind 20
Dealt to MathisKcr [3d Js]
*** PRE-FLOP *** 
MathisKcr calls 10
nozo13 checks
*** FLOP *** [Qd Jh Th]
nozo13 checks
MathisKcr bets 30
nozo13 calls 30
*** TURN *** [Qd Jh Th][Kd]
nozo13 checks
MathisKcr bets 69
nozo13 folds
MathisKcr collected 175 from pot
*** SUMMARY ***
Total pot 175 | No rake
Board: [Qd Jh Th Kd]
Seat 1: MathisKcr (small blind) (button) won 175


Winamax Poker - Tournament "TRIDENT SPACE KO" buyIn: 0.90€ + 0.10€ level: 1 - HandId: #4507975876922573035-11-1771442356 - Holdem no limit (3/10/20) - 2026/02/18 19:19:16 UTC
Table: 'TRIDENT SPACE KO(1049594925)#0234' 3-max (real money) Seat #3 is the button
Seat 1: MathisKcr (464, 0.50€ bounty)
Seat 2: Le Finzi (500, 0.50€ bounty)
Seat 3: nozo13 (967, 1€ bounty)
*** ANTE/BLINDS ***
nozo13 posts ante 3
MathisKcr posts ante 3
nozo13 posts small blind 10
MathisKcr posts big blind 20
Dealt to MathisKcr [Ts Kc]
*** PRE-FLOP *** 
nozo13 folds
MathisKcr collected 36 from pot
*** SUMMARY ***
Total pot 36 | No rake
Seat 1: MathisKcr (big blind) won 36


Winamax Poker - Tournament "TRIDENT SPACE KO" buyIn: 0.90€ + 0.10€ level: 1 - HandId: #4507975876922573035-12-1771442362 - Holdem no limit (3/10/20) - 2026/02/18 19:19:22 UTC
Table: 'TRIDENT SPACE KO(1049594925)#0234' 3-max (real money) Seat #3 is the button
Seat 1: MathisKcr (477, 0.50€ bounty)
Seat 2: Le Finzi (500, 0.50€ bounty)
Seat 3: nozo13 (954, 1€ bounty)
*** ANTE/BLINDS ***
MathisKcr posts ante 3
Le Finzi posts ante 3
nozo13 posts ante 3
MathisKcr posts small blind 10
Le Finzi posts big blind 20
Dealt to MathisKcr [3d 5s]
*** PRE-FLOP *** 
nozo13 calls 20
MathisKcr folds
Le Finzi checks
*** FLOP *** [9d Ah 6s]
Le Finzi checks
nozo13 bets 21
Le Finzi folds
nozo13 collected 80 from pot
*** SUMMARY ***
Total pot 80 | No rake
Board: [9d Ah 6s]
Seat 3: nozo13 (button) won 80


Winamax Poker - Tournament "TRIDENT SPACE KO" buyIn: 0.90€ + 0.10€ level: 1 - HandId: #4507975876922573035-13-1771442393 - Holdem no limit (3/10/20) - 2026/02/18 19:19:53 UTC
Table: 'TRIDENT SPACE KO(1049594925)#0234' 3-max (real money) Seat #1 is the button
Seat 1: MathisKcr (464, 0.50€ bounty)
Seat 2: Le Finzi (477, 0.50€ bounty)
Seat 3: nozo13 (990, 1€ bounty)
*** ANTE/BLINDS ***
Le Finzi posts ante 3
nozo13 posts ante 3
MathisKcr posts ante 3
Le Finzi posts small blind 10
nozo13 posts big blind 20
Dealt to MathisKcr [Js 3s]
*** PRE-FLOP *** 
MathisKcr folds
Le Finzi raises 40 to 60
nozo13 folds
Le Finzi collected 89 from pot
*** SUMMARY ***
Total pot 89 | No rake
Seat 2: Le Finzi (small blind) won 89


Winamax Poker - Tournament "TRIDENT SPACE KO" buyIn: 0.90€ + 0.10€ level: 1 - HandId: #4507975876922573035-14-1771442404 - Holdem no limit (3/10/20) - 2026/02/18 19:20:04 UTC
Table: 'TRIDENT SPACE KO(1049594925)#0234' 3-max (real money) Seat #2 is the button
Seat 1: MathisKcr (461, 0.50€ bounty)
Seat 2: Le Finzi (503, 0.50€ bounty)
Seat 3: nozo13 (967, 1€ bounty)
*** ANTE/BLINDS ***
nozo13 posts ante 3
MathisKcr posts ante 3
Le Finzi posts ante 3
nozo13 posts small blind 10
MathisKcr posts big blind 20
Dealt to MathisKcr [5h 9h]
*** PRE-FLOP *** 
Le Finzi folds
nozo13 folds
MathisKcr collected 39 from pot
*** SUMMARY ***
Total pot 39 | No rake
Seat 1: MathisKcr (big blind) won 39


Winamax Poker - Tournament "TRIDENT SPACE KO" buyIn: 0.90€ + 0.10€ level: 1 - HandId: #4507975876922573035-15-1771442420 - Holdem no limit (3/10/20) - 2026/02/18 19:20:20 UTC
Table: 'TRIDENT SPACE KO(1049594925)#0234' 3-max (real money) Seat #3 is the button
Seat 1: MathisKcr (477, 0.50€ bounty)
Seat 2: Le Finzi (500, 0.50€ bounty)
Seat 3: nozo13 (954, 1€ bounty)
*** ANTE/BLINDS ***
MathisKcr posts ante 3
Le Finzi posts ante 3
nozo13 posts ante 3
MathisKcr posts small blind 10
Le Finzi posts big blind 20
Dealt to MathisKcr [Th Jh]
*** PRE-FLOP *** 
nozo13 folds
MathisKcr raises 30 to 50
Le Finzi raises 447 to 497 and is all-in
MathisKcr calls 424 and is all-in
*** FLOP *** [Kd Js 3d]
*** TURN *** [Kd Js 3d][6h]
*** RIVER *** [Kd Js 3d 6h][8d]
*** SHOW DOWN ***
MathisKcr shows [Th Jh] (One pair : Jacks)
Le Finzi shows [2h Qh] (High card : King)
Le Finzi collected 23 from side pot 1
MathisKcr collected 957 from main pot
*** SUMMARY ***
Total pot 980 | No rake
Board: [Kd Js 3d 6h 8d]
Seat 1: MathisKcr (small blind) showed [Th Jh] and won 957 with One pair : Jacks
Seat 2: Le Finzi (big blind) showed [2h Qh] and won 23 with High card : King


Winamax Poker - Tournament "TRIDENT SPACE KO" buyIn: 0.90€ + 0.10€ level: 1 - HandId: #4507975876922573035-16-1771442445 - Holdem no limit (3/10/20) - 2026/02/18 19:20:45 UTC
Table: 'TRIDENT SPACE KO(1049594925)#0234' 3-max (real money) Seat #1 is the button
Seat 1: MathisKcr (957, 0.50€ bounty)
Seat 2: Le Finzi (23, 0.50€ bounty)
Seat 3: nozo13 (951, 1€ bounty)
*** ANTE/BLINDS ***
Le Finzi posts ante 3
nozo13 posts ante 3
MathisKcr posts ante 3
Le Finzi posts small blind 10
nozo13 posts big blind 20
Dealt to MathisKcr [Ah 6s]
*** PRE-FLOP *** 
MathisKcr raises 40 to 60
Le Finzi calls 10 and is all-in
nozo13 calls 40
*** FLOP *** [5h 3h 3c]
nozo13 checks
MathisKcr bets 52
nozo13 calls 52
*** TURN *** [5h 3h 3c][Jd]
nozo13 checks
MathisKcr checks
*** RIVER *** [5h 3h 3c Jd][Js]
nozo13 bets 836 and is all-in
MathisKcr folds
*** SHOW DOWN ***
Le Finzi shows [6d 2d] (Two pairs : Jacks and 3)
nozo13 shows [5c 5d] (Full of 5 and Jacks)
nozo13 collected 1089 from pot
*** SUMMARY ***
Total pot 1089 | No rake
Board: [5h 3h 3c Jd Js]
Seat 2: Le Finzi (small blind) showed [6d 2d] and lost with Two pairs : Jacks and 3
Seat 3: nozo13 (big blind) showed [5c 5d] and won 1089 with Full of 5 and Jacks


Winamax Poker - Tournament "TRIDENT SPACE KO" buyIn: 0.90€ + 0.10€ level: 1 - HandId: #4507975876922573035-17-1771442481 - Holdem no limit (3/10/20) - 2026/02/18 19:21:21 UTC
Table: 'TRIDENT SPACE KO(1049594925)#0234' 3-max (real money) Seat #3 is the button
Seat 1: MathisKcr (842, 0.50€ bounty)
Seat 3: nozo13 (1089, 1.10€ bounty)
*** ANTE/BLINDS ***
nozo13 posts ante 3
MathisKcr posts ante 3
nozo13 posts small blind 10
MathisKcr posts big blind 20
Dealt to MathisKcr [3s 5s]
*** PRE-FLOP *** 
nozo13 calls 10
MathisKcr checks
*** FLOP *** [Ad Th Kh]
MathisKcr checks
nozo13 bets 30
MathisKcr folds
nozo13 collected 76 from pot
*** SUMMARY ***
Total pot 76 | No rake
Board: [Ad Th Kh]
Seat 3: nozo13 (small blind) (button) won 76


Winamax Poker - Tournament "TRIDENT SPACE KO" buyIn: 0.90€ + 0.10€ level: 1 - HandId: #4507975876922573035-18-1771442496 - Holdem no limit (3/10/20) - 2026/02/18 19:21:36 UTC
Table: 'TRIDENT SPACE KO(1049594925)#0234' 3-max (real money) Seat #3 is the button
Seat 1: MathisKcr (819, 0.50€ bounty)
Seat 2: Canto..rtp (500, 0.50€ bounty)
Seat 3: nozo13 (1112, 1.10€ bounty)
*** ANTE/BLINDS ***
MathisKcr posts ante 3
Canto..rtp posts ante 3
nozo13 posts ante 3
MathisKcr posts small blind 10
Canto..rtp posts big blind 20
Dealt to MathisKcr [5s 3d]
*** PRE-FLOP *** 
nozo13 folds
MathisKcr raises 30 to 50
Canto..rtp folds
MathisKcr collected 79 from pot
*** SUMMARY ***
Total pot 79 | No rake
Seat 1: MathisKcr (small blind) won 79


Winamax Poker - Tournament "TRIDENT SPACE KO" buyIn: 0.90€ + 0.10€ level: 1 - HandId: #4507975876922573035-19-1771442508 - Holdem no limit (3/10/20) - 2026/02/18 19:21:48 UTC
Table: 'TRIDENT SPACE KO(1049594925)#0234' 3-max (real money) Seat #1 is the button
Seat 1: MathisKcr (845, 0.50€ bounty)
Seat 2: Canto..rtp (477, 0.50€ bounty)
Seat 3: nozo13 (1109, 1.10€ bounty)
*** ANTE/BLINDS ***
Canto..rtp posts ante 3
nozo13 posts ante 3
MathisKcr posts ante 3
Canto..rtp posts small blind 10
nozo13 posts big blind 20
Dealt to MathisKcr [Td Ac]
*** PRE-FLOP *** 
MathisKcr raises 20 to 40
Canto..rtp raises 60 to 100
nozo13 raises 1006 to 1106 and is all-in
MathisKcr folds
Canto..rtp calls 374 and is all-in
*** FLOP *** [7s 8h 3d]
*** TURN *** [7s 8h 3d][3h]
*** RIVER *** [7s 8h 3d 3h][5s]
*** SHOW DOWN ***
Canto..rtp shows [Js Jc] (Two pairs : Jacks and 3)
nozo13 shows [Kc Ks] (Two pairs : Kings and 3)
nozo13 collected 1629 from pot
*** SUMMARY ***
Total pot 1629 | No rake
Board: [7s 8h 3d 3h 5s]
Seat 2: Canto..rtp (small blind) showed [Js Jc] and lost with Two pairs : Jacks and 3
Seat 3: nozo13 (big blind) showed [Kc Ks] and won 1629 with Two pairs : Kings and 3


Winamax Poker - Tournament "TRIDENT SPACE KO" buyIn: 0.90€ + 0.10€ level: 1 - HandId: #4507975876922573035-20-1771442541 - Holdem no limit (3/10/20) - 2026/02/18 19:22:21 UTC
Table: 'TRIDENT SPACE KO(1049594925)#0234' 3-max (real money) Seat #3 is the button
Seat 1: MathisKcr (802, 0.50€ bounty)
Seat 3: nozo13 (1629, 1.60€ bounty)
*** ANTE/BLINDS ***
nozo13 posts ante 3
MathisKcr posts ante 3
nozo13 posts small blind 10
MathisKcr posts big blind 20
Dealt to MathisKcr [8s Kd]
*** PRE-FLOP *** 
nozo13 raises 30 to 50
MathisKcr calls 30
*** FLOP *** [2h Ad 9h]
MathisKcr checks
nozo13 checks
*** TURN *** [2h Ad 9h][5c]
MathisKcr bets 37
nozo13 calls 37
*** RIVER *** [2h Ad 9h 5c][4d]
MathisKcr checks
nozo13 bets 63
MathisKcr folds
nozo13 collected 243 from pot
*** SUMMARY ***
Total pot 243 | No rake
Board: [2h Ad 9h 5c 4d]
Seat 3: nozo13 (small blind) (button) won 243


Winamax Poker - Tournament "TRIDENT SPACE KO" buyIn: 0.90€ + 0.10€ level: 1 - HandId: #4507975876922573035-21-1771442569 - Holdem no limit (3/10/20) - 2026/02/18 19:22:49 UTC
Table: 'TRIDENT SPACE KO(1049594925)#0234' 3-max (real money) Seat #3 is the button
Seat 1: MathisKcr (712, 0.50€ bounty)
Seat 2: DD06600 (500, 0.50€ bounty)
Seat 3: nozo13 (1719, 1.60€ bounty)
*** ANTE/BLINDS ***
MathisKcr posts ante 3
DD06600 posts ante 3
nozo13 posts ante 3
MathisKcr posts small blind 10
DD06600 posts big blind 20
Dealt to MathisKcr [5c As]
*** PRE-FLOP *** 
nozo13 folds
MathisKcr raises 30 to 50
DD06600 folds
MathisKcr collected 79 from pot
*** SUMMARY ***
Total pot 79 | No rake
Seat 1: MathisKcr (small blind) won 79


Winamax Poker - Tournament "TRIDENT SPACE KO" buyIn: 0.90€ + 0.10€ level: 1 - HandId: #4507975876922573035-22-1771442583 - Holdem no limit (3/10/20) - 2026/02/18 19:23:03 UTC
Table: 'TRIDENT SPACE KO(1049594925)#0234' 3-max (real money) Seat #1 is the button
Seat 1: MathisKcr (738, 0.50€ bounty)
Seat 2: DD06600 (477, 0.50€ bounty)
Seat 3: nozo13 (1716, 1.60€ bounty)
*** ANTE/BLINDS ***
DD06600 posts ante 3
nozo13 posts ante 3
MathisKcr posts ante 3
DD06600 posts small blind 10
nozo13 posts big blind 20
Dealt to MathisKcr [Qh 5c]
*** PRE-FLOP *** 
MathisKcr folds
DD06600 raises 79 to 99
nozo13 calls 79
*** FLOP *** [9c 2s 2h]
DD06600 bets 375 and is all-in
nozo13 folds
DD06600 collected 582 from pot
*** SUMMARY ***
Total pot 582 | No rake
Board: [9c 2s 2h]
Seat 2: DD06600 (small blind) won 582


Winamax Poker - Tournament "TRIDENT SPACE KO" buyIn: 0.90€ + 0.10€ level: 1 - HandId: #4507975876922573035-23-1771442607 - Holdem no limit (3/10/20) - 2026/02/18 19:23:27 UTC
Table: 'TRIDENT SPACE KO(1049594925)#0234' 3-max (real money) Seat #2 is the button
Seat 1: MathisKcr (735, 0.50€ bounty)
Seat 2: DD06600 (582, 0.50€ bounty)
Seat 3: nozo13 (1614, 1.60€ bounty)
*** ANTE/BLINDS ***
nozo13 posts ante 3
MathisKcr posts ante 3
DD06600 posts ante 3
nozo13 posts small blind 10
MathisKcr posts big blind 20
Dealt to MathisKcr [6h 7h]
*** PRE-FLOP *** 
DD06600 folds
nozo13 raises 40 to 60
MathisKcr folds
nozo13 collected 89 from pot
*** SUMMARY ***
Total pot 89 | No rake
Seat 3: nozo13 (small blind) won 89


Winamax Poker - Tournament "TRIDENT SPACE KO" buyIn: 0.90€ + 0.10€ level: 1 - HandId: #4507975876922573035-24-1771442618 - Holdem no limit (3/10/20) - 2026/02/18 19:23:38 UTC
Table: 'TRIDENT SPACE KO(1049594925)#0234' 3-max (real money) Seat #3 is the button
Seat 1: MathisKcr (712, 0.50€ bounty)
Seat 2: DD06600 (579, 0.50€ bounty)
Seat 3: nozo13 (1640, 1.60€ bounty)
*** ANTE/BLINDS ***
MathisKcr posts ante 3
DD06600 posts ante 3
nozo13 posts ante 3
MathisKcr posts small blind 10
DD06600 posts big blind 20
Dealt to MathisKcr [7d 7c]
*** PRE-FLOP *** 
nozo13 calls 20
MathisKcr raises 30 to 50
DD06600 calls 30
nozo13 calls 30
*** FLOP *** [Tc Jh 9h]
MathisKcr checks
DD06600 checks
nozo13 checks
*** TURN *** [Tc Jh 9h][4c]
MathisKcr checks
DD06600 checks
nozo13 checks
*** RIVER *** [Tc Jh 9h 4c][6d]
MathisKcr checks
DD06600 checks
nozo13 bets 56
MathisKcr calls 56
DD06600 folds
*** SHOW DOWN ***
nozo13 shows [Kc 6c] (One pair : 6)
MathisKcr shows [7d 7c] (One pair : 7)
MathisKcr collected 271 from pot
*** SUMMARY ***
Total pot 271 | No rake
Board: [Tc Jh 9h 4c 6d]
Seat 1: MathisKcr (small blind) showed [7d 7c] and won 271 with One pair : 7
Seat 3: nozo13 (button) showed [Kc 6c] and lost with One pair : 6


Winamax Poker - Tournament "TRIDENT SPACE KO" buyIn: 0.90€ + 0.10€ level: 1 - HandId: #4507975876922573035-25-1771442655 - Holdem no limit (3/10/20) - 2026/02/18 19:24:15 UTC
Table: 'TRIDENT SPACE KO(1049594925)#0234' 3-max (real money) Seat #1 is the button
Seat 1: MathisKcr (874, 0.50€ bounty)
Seat 2: DD06600 (526, 0.50€ bounty)
Seat 3: nozo13 (1531, 1.60€ bounty)
*** ANTE/BLINDS ***
DD06600 posts ante 3
nozo13 posts ante 3
MathisKcr posts ante 3
DD06600 posts small blind 10
nozo13 posts big blind 20
Dealt to MathisKcr [Ah Qd]
*** PRE-FLOP *** 
MathisKcr raises 30 to 50
DD06600 folds
nozo13 folds
MathisKcr collected 89 from pot
*** SUMMARY ***
Total pot 89 | No rake
Seat 1: MathisKcr (button) won 89


Winamax Poker - Tournament "TRIDENT SPACE KO" buyIn: 0.90€ + 0.10€ level: 1 - HandId: #4507975876922573035-26-1771442667 - Holdem no limit (3/10/20) - 2026/02/18 19:24:27 UTC
Table: 'TRIDENT SPACE KO(1049594925)#0234' 3-max (real money) Seat #2 is the button
Seat 1: MathisKcr (910, 0.50€ bounty)
Seat 2: DD06600 (513, 0.50€ bounty)
Seat 3: nozo13 (1508, 1.60€ bounty)
*** ANTE/BLINDS ***
nozo13 posts ante 3
MathisKcr posts ante 3
DD06600 posts ante 3
nozo13 posts small blind 10
MathisKcr posts big blind 20
Dealt to MathisKcr [7s 2s]
*** PRE-FLOP *** 
DD06600 folds
nozo13 calls 10
MathisKcr checks
*** FLOP *** [9d Kd Kh]
nozo13 checks
MathisKcr bets 49
nozo13 folds
MathisKcr collected 98 from pot
*** SUMMARY ***
Total pot 98 | No rake
Board: [9d Kd Kh]
Seat 1: MathisKcr (big blind) won 98


Winamax Poker - Tournament "TRIDENT SPACE KO" buyIn: 0.90€ + 0.10€ level: 1 - HandId: #4507975876922573035-27-1771442692 - Holdem no limit (3/10/20) - 2026/02/18 19:24:52 UTC
Table: 'TRIDENT SPACE KO(1049594925)#0234' 3-max (real money) Seat #3 is the button
Seat 1: MathisKcr (936, 0.50€ bounty)
Seat 2: DD06600 (510, 0.50€ bounty)
Seat 3: nozo13 (1485, 1.60€ bounty)
*** ANTE/BLINDS ***
MathisKcr posts ante 3
DD06600 posts ante 3
nozo13 posts ante 3
MathisKcr posts small blind 10
DD06600 posts big blind 20
Dealt to MathisKcr [7s Ts]
*** PRE-FLOP *** 
nozo13 folds
MathisKcr raises 20 to 40
DD06600 calls 20
*** FLOP *** [8d 2h Jh]
MathisKcr checks
DD06600 bets 109
MathisKcr folds
DD06600 collected 198 from pot
*** SUMMARY ***
Total pot 198 | No rake
Board: [8d 2h Jh]
Seat 2: DD06600 (big blind) won 198


Winamax Poker - Tournament "TRIDENT SPACE KO" buyIn: 0.90€ + 0.10€ level: 1 - HandId: #4507975876922573035-28-1771442716 - Holdem no limit (3/10/20) - 2026/02/18 19:25:16 UTC
Table: 'TRIDENT SPACE KO(1049594925)#0234' 3-max (real money) Seat #1 is the button
Seat 1: MathisKcr (893, 0.50€ bounty)
Seat 2: DD06600 (556, 0.50€ bounty)
Seat 3: nozo13 (1482, 1.60€ bounty)
*** ANTE/BLINDS ***
DD06600 posts ante 3
nozo13 posts ante 3
MathisKcr posts ante 3
DD06600 posts small blind 10
nozo13 posts big blind 20
Dealt to MathisKcr [2s 8s]
*** PRE-FLOP *** 
MathisKcr folds
DD06600 calls 10
nozo13 raises 30 to 50
DD06600 calls 30
*** FLOP *** [7s 5h 7c]
DD06600 checks
nozo13 checks
*** TURN *** [7s 5h 7c][Qs]
DD06600 bets 109
nozo13 raises 1320 to 1429 and is all-in
DD06600 calls 394 and is all-in
*** RIVER *** [7s 5h 7c Qs][5d]
*** SHOW DOWN ***
DD06600 shows [Qc 6s] (Two pairs : Queens and 7)
nozo13 shows [7d Ah] (Full of 7 and 5)
nozo13 collected 2041 from pot
*** SUMMARY ***
Total pot 2041 | No rake
Board: [7s 5h 7c Qs 5d]
Seat 2: DD06600 (small blind) showed [Qc 6s] and lost with Two pairs : Queens and 7
Seat 3: nozo13 (big blind) showed [7d Ah] and won 2041 with Full of 7 and 5


Winamax Poker - Tournament "TRIDENT SPACE KO" buyIn: 0.90€ + 0.10€ level: 2 - HandId: #4507975876922573035-29-1771442753 - Holdem no limit (3/12/25) - 2026/02/18 19:25:53 UTC
Table: 'TRIDENT SPACE KO(1049594925)#0234' 3-max (real money) Seat #3 is the button
Seat 1: MathisKcr (890, 0.50€ bounty)
Seat 3: nozo13 (2041, 1.70€ bounty)
*** ANTE/BLINDS ***
nozo13 posts ante 3
MathisKcr posts ante 3
nozo13 posts small blind 12
MathisKcr posts big blind 25
Dealt to MathisKcr [8s Kh]
*** PRE-FLOP *** 
nozo13 calls 13
MathisKcr raises 37 to 62
nozo13 calls 37
*** FLOP *** [Js 4c 5h]
MathisKcr checks
nozo13 checks
*** TURN *** [Js 4c 5h][7d]
MathisKcr checks
nozo13 checks
*** RIVER *** [Js 4c 5h 7d][7s]
MathisKcr checks
nozo13 bets 130
MathisKcr folds
nozo13 collected 260 from pot
*** SUMMARY ***
Total pot 260 | No rake
Board: [Js 4c 5h 7d 7s]
Seat 3: nozo13 (small blind) (button) won 260


Winamax Poker - Tournament "TRIDENT SPACE KO" buyIn: 0.90€ + 0.10€ level: 2 - HandId: #4507975876922573035-30-1771442777 - Holdem no limit (3/12/25) - 2026/02/18 19:26:17 UTC
Table: 'TRIDENT SPACE KO(1049594925)#0234' 3-max (real money) Seat #3 is the button
Seat 1: MathisKcr (825, 0.50€ bounty)
Seat 2: antho-17 (500, 0.50€ bounty)
Seat 3: nozo13 (2106, 1.70€ bounty)
*** ANTE/BLINDS ***
MathisKcr posts ante 3
antho-17 posts ante 3
nozo13 posts ante 3
MathisKcr posts small blind 12
antho-17 posts big blind 25
Dealt to MathisKcr [2h 8c]
*** PRE-FLOP *** 
nozo13 raises 38 to 63
MathisKcr folds
antho-17 raises 434 to 497 and is all-in
nozo13 folds
antho-17 collected 581 from pot
*** SUMMARY ***
Total pot 581 | No rake
Seat 2: antho-17 (big blind) won 581


Winamax Poker - Tournament "TRIDENT SPACE KO" buyIn: 0.90€ + 0.10€ level: 2 - HandId: #4507975876922573035-31-1771442788 - Holdem no limit (3/12/25) - 2026/02/18 19:26:28 UTC
Table: 'TRIDENT SPACE KO(1049594925)#0234' 3-max (real money) Seat #1 is the button
Seat 1: MathisKcr (810, 0.50€ bounty)
Seat 2: antho-17 (581, 0.50€ bounty)
Seat 3: nozo13 (2040, 1.70€ bounty)
*** ANTE/BLINDS ***
antho-17 posts ante 3
nozo13 posts ante 3
MathisKcr posts ante 3
antho-17 posts small blind 12
nozo13 posts big blind 25
Dealt to MathisKcr [Js 6s]
*** PRE-FLOP *** 
MathisKcr raises 37 to 62
antho-17 folds
nozo13 folds
MathisKcr collected 108 from pot
*** SUMMARY ***
Total pot 108 | No rake
Seat 1: MathisKcr (button) won 108


Winamax Poker - Tournament "TRIDENT SPACE KO" buyIn: 0.90€ + 0.10€ level: 2 - HandId: #4507975876922573035-32-1771442810 - Holdem no limit (3/12/25) - 2026/02/18 19:26:50 UTC
Table: 'TRIDENT SPACE KO(1049594925)#0234' 3-max (real money) Seat #2 is the button
Seat 1: MathisKcr (853, 0.50€ bounty)
Seat 2: antho-17 (566, 0.50€ bounty)
Seat 3: nozo13 (2012, 1.70€ bounty)
*** ANTE/BLINDS ***
nozo13 posts ante 3
MathisKcr posts ante 3
antho-17 posts ante 3
nozo13 posts small blind 12
MathisKcr posts big blind 25
Dealt to MathisKcr [6d 9c]
*** PRE-FLOP *** 
antho-17 calls 25
nozo13 folds
MathisKcr checks
*** FLOP *** [As Kh 7h]
MathisKcr bets 61
antho-17 folds
MathisKcr collected 132 from pot
*** SUMMARY ***
Total pot 132 | No rake
Board: [As Kh 7h]
Seat 1: MathisKcr (big blind) won 132


Winamax Poker - Tournament "TRIDENT SPACE KO" buyIn: 0.90€ + 0.10€ level: 2 - HandId: #4507975876922573035-33-1771442826 - Holdem no limit (3/12/25) - 2026/02/18 19:27:06 UTC
Table: 'TRIDENT SPACE KO(1049594925)#0234' 3-max (real money) Seat #3 is the button
Seat 1: MathisKcr (896, 0.50€ bounty)
Seat 2: antho-17 (538, 0.50€ bounty)
Seat 3: nozo13 (1997, 1.70€ bounty)
*** ANTE/BLINDS ***
MathisKcr posts ante 3
antho-17 posts ante 3
nozo13 posts ante 3
MathisKcr posts small blind 12
antho-17 posts big blind 25
Dealt to MathisKcr [Ah Td]
*** PRE-FLOP *** 
nozo13 folds
MathisKcr raises 37 to 62
antho-17 folds
MathisKcr collected 96 from pot
*** SUMMARY ***
Total pot 96 | No rake
Seat 1: MathisKcr (small blind) won 96


Winamax Poker - Tournament "TRIDENT SPACE KO" buyIn: 0.90€ + 0.10€ level: 2 - HandId: #4507975876922573035-34-1771442847 - Holdem no limit (3/12/25) - 2026/02/18 19:27:27 UTC
Table: 'TRIDENT SPACE KO(1049594925)#0234' 3-max (real money) Seat #1 is the button
Seat 1: MathisKcr (927, 0.50€ bounty)
Seat 2: antho-17 (510, 0.50€ bounty)
Seat 3: nozo13 (1994, 1.70€ bounty)
*** ANTE/BLINDS ***
antho-17 posts ante 3
nozo13 posts ante 3
MathisKcr posts ante 3
antho-17 posts small blind 12
nozo13 posts big blind 25
Dealt to MathisKcr [Kd Qh]
*** PRE-FLOP *** 
MathisKcr raises 37 to 62
antho-17 raises 445 to 507 and is all-in
nozo13 folds
MathisKcr calls 445
*** FLOP *** [Tc 5d 5h]
*** TURN *** [Tc 5d 5h][2h]
*** RIVER *** [Tc 5d 5h 2h][7d]
*** SHOW DOWN ***
MathisKcr shows [Kd Qh] (One pair : 5)
antho-17 shows [Ah 4d] (One pair : 5)
antho-17 collected 1048 from pot
*** SUMMARY ***
Total pot 1048 | No rake
Board: [Tc 5d 5h 2h 7d]
Seat 1: MathisKcr (button) showed [Kd Qh] and lost with One pair : 5
Seat 2: antho-17 (small blind) showed [Ah 4d] and won 1048 with One pair : 5


Winamax Poker - Tournament "TRIDENT SPACE KO" buyIn: 0.90€ + 0.10€ level: 2 - HandId: #4507975876922573035-35-1771442864 - Holdem no limit (3/12/25) - 2026/02/18 19:27:44 UTC
Table: 'TRIDENT SPACE KO(1049594925)#0234' 3-max (real money) Seat #2 is the button
Seat 1: MathisKcr (417, 0.50€ bounty)
Seat 2: antho-17 (1048, 0.50€ bounty)
Seat 3: nozo13 (1966, 1.70€ bounty)
*** ANTE/BLINDS ***
nozo13 posts ante 3
MathisKcr posts ante 3
antho-17 posts ante 3
nozo13 posts small blind 12
MathisKcr posts big blind 25
Dealt to MathisKcr [2c Jd]
*** PRE-FLOP *** 
antho-17 raises 50 to 75
nozo13 folds
MathisKcr folds
antho-17 collected 121 from pot
*** SUMMARY ***
Total pot 121 | No rake
Seat 2: antho-17 (button) won 121


Winamax Poker - Tournament "TRIDENT SPACE KO" buyIn: 0.90€ + 0.10€ level: 3 - HandId: #4507975876922573035-36-1771442879 - Holdem no limit (4/15/30) - 2026/02/18 19:27:59 UTC
Table: 'TRIDENT SPACE KO(1049594925)#0234' 3-max (real money) Seat #3 is the button
Seat 1: MathisKcr (389, 0.50€ bounty)
Seat 2: antho-17 (1091, 0.50€ bounty)
Seat 3: nozo13 (1951, 1.70€ bounty)
*** ANTE/BLINDS ***
MathisKcr posts ante 4
antho-17 posts ante 4
nozo13 posts ante 4
MathisKcr posts small blind 15
antho-17 posts big blind 30
Dealt to MathisKcr [3c Jh]
*** PRE-FLOP *** 
nozo13 folds
MathisKcr folds
antho-17 collected 57 from pot
*** SUMMARY ***
Total pot 57 | No rake
Seat 2: antho-17 (big blind) won 57


Winamax Poker - Tournament "TRIDENT SPACE KO" buyIn: 0.90€ + 0.10€ level: 3 - HandId: #4507975876922573035-37-1771442885 - Holdem no limit (4/15/30) - 2026/02/18 19:28:05 UTC
Table: 'TRIDENT SPACE KO(1049594925)#0234' 3-max (real money) Seat #1 is the button
Seat 1: MathisKcr (370, 0.50€ bounty)
Seat 2: antho-17 (1114, 0.50€ bounty)
Seat 3: nozo13 (1947, 1.70€ bounty)
*** ANTE/BLINDS ***
antho-17 posts ante 4
nozo13 posts ante 4
MathisKcr posts ante 4
antho-17 posts small blind 15
nozo13 posts big blind 30
Dealt to MathisKcr [5h Qs]
*** PRE-FLOP *** 
MathisKcr raises 30 to 60
antho-17 calls 45
nozo13 calls 30
*** FLOP *** [5s Js Th]
antho-17 checks
nozo13 bets 67
MathisKcr calls 67
antho-17 calls 67
*** TURN *** [5s Js Th][Qh]
antho-17 checks
nozo13 checks
MathisKcr bets 105
antho-17 raises 355 to 460
nozo13 folds
MathisKcr calls 134 and is all-in
*** RIVER *** [5s Js Th Qh][Ts]
*** SHOW DOWN ***
MathisKcr shows [5h Qs] (Two pairs : Queens and Tens)
antho-17 shows [8d 9h] (Straight Queen high)
antho-17 collected 1092 from pot
*** SUMMARY ***
Total pot 1092 | No rake
Board: [5s Js Th Qh Ts]
Seat 1: MathisKcr (button) showed [5h Qs] and lost with Two pairs : Queens and Tens
Seat 2: antho-17 (small blind) showed [8d 9h] and won 1092 with Straight Queen high


