Winamax Poker - ESCAPE "Colorado" - HandId: #21996337-198229-1769762977 - Holdem no limit (0.01€/0.02€) - 2026/01/30 08:49:37 UTC
Table: 'Colorado' 6-max (real money) Seat #6 is the button
Seat 1: muespachois1 (1.42€)
Seat 2: MathisKcr (1€)
Seat 3: JRDEAR000 (2.07€)
Seat 4: G_PAS_WAHDAA (2.01€)
Seat 5: Stiiv-Busto (2.01€)
Seat 6: G-UN-BO-JEU (1.64€)
*** ANTE/BLINDS ***
muespachois1 posts small blind 0.01€
MathisKcr posts big blind 0.02€
Dealt to MathisKcr [8c 2s]
*** PRE-FLOP *** 
JRDEAR000 folds
G_PAS_WAHDAA folds
Stiiv-Busto folds
G-UN-BO-JEU folds
muespachois1 calls 0.01€
MathisKcr checks
*** FLOP *** [7c 6d 5h]
muespachois1 checks
MathisKcr bets 0.04€
muespachois1 calls 0.04€
*** TURN *** [7c 6d 5h][7s]
muespachois1 checks
MathisKcr checks
*** RIVER *** [7c 6d 5h 7s][Td]
muespachois1 checks
MathisKcr checks
*** SHOW DOWN ***
MathisKcr shows [8c 2s] (One pair : 7)
muespachois1 shows [Kh 9d] (One pair : 7)
muespachois1 collected 0.11€ from pot
*** SUMMARY ***
Total pot 0.11€ | Rake 0.01€
Board: [7c 6d 5h 7s Td]
Seat 1: muespachois1 (small blind) showed [Kh 9d] and won 0.11€ with One pair : 7
Seat 2: MathisKcr (big blind) showed [8c 2s] and lost with One pair : 7


Winamax Poker - ESCAPE "Colorado" - HandId: #21996337-198254-1769763033 - Holdem no limit (0.01€/0.02€) - 2026/01/30 08:50:33 UTC
Table: 'Colorado' 6-max (real money) Seat #6 is the button
Seat 1: MathisKcr (0.94€)
Seat 2: 2PacEdge (2.41€)
Seat 3: G-UN-BO-JEU (1.61€)
Seat 4: Stiiv-Busto (2€)
Seat 5: muespachois1 (1.47€)
Seat 6: mocosou (2.25€)
*** ANTE/BLINDS ***
MathisKcr posts small blind 0.01€
2PacEdge posts big blind 0.02€
Dealt to MathisKcr [Kc 4d]
*** PRE-FLOP *** 
G-UN-BO-JEU folds
Stiiv-Busto folds
muespachois1 folds
mocosou raises 0.03€ to 0.05€
MathisKcr calls 0.04€
2PacEdge calls 0.03€
*** FLOP *** [7c Jc 8h]
MathisKcr checks
2PacEdge checks
mocosou checks
*** TURN *** [7c Jc 8h][3c]
MathisKcr checks
2PacEdge checks
mocosou bets 0.06€
MathisKcr folds
2PacEdge folds
mocosou collected 0.19€ from pot
*** SUMMARY ***
Total pot 0.19€ | Rake 0.02€
Board: [7c Jc 8h 3c]
Seat 6: mocosou (button) won 0.19€


Winamax Poker - ESCAPE "Colorado" - HandId: #21996337-198276-1769763083 - Holdem no limit (0.01€/0.02€) - 2026/01/30 08:51:23 UTC
Table: 'Colorado' 6-max (real money) Seat #6 is the button
Seat 1: AAARESSS (1.10€)
Seat 2: AmorTiLoB (1.71€)
Seat 3: MathisKcr (0.89€)
Seat 4: Mukkell (2€)
Seat 5: SELENA1306 (1.41€)
Seat 6: Stiiv-Busto (2.07€)
*** ANTE/BLINDS ***
AAARESSS posts small blind 0.01€
AmorTiLoB posts big blind 0.02€
Dealt to MathisKcr [8h 9h]
*** PRE-FLOP *** 
MathisKcr folds
Mukkell folds
SELENA1306 raises 0.04€ to 0.06€
Stiiv-Busto folds
AAARESSS calls 0.05€
AmorTiLoB folds
*** FLOP *** [3h 8d 8s]
AAARESSS checks
SELENA1306 checks
*** TURN *** [3h 8d 8s][Qs]
AAARESSS checks
SELENA1306 checks
*** RIVER *** [3h 8d 8s Qs][5h]
AAARESSS checks
SELENA1306 checks
*** SHOW DOWN ***
SELENA1306 shows [Ah 7h] (One pair : 8)
AAARESSS shows [2s 2d] (Two pairs : 8 and 2)
AAARESSS collected 0.13€ from pot
*** SUMMARY ***
Total pot 0.13€ | Rake 0.01€
Board: [3h 8d 8s Qs 5h]
Seat 1: AAARESSS (small blind) showed [2s 2d] and won 0.13€ with Two pairs : 8 and 2
Seat 5: SELENA1306 showed [Ah 7h] and lost with One pair : 8


Winamax Poker - ESCAPE "Colorado" - HandId: #21996337-198280-1769763090 - Holdem no limit (0.01€/0.02€) - 2026/01/30 08:51:30 UTC
Table: 'Colorado' 6-max (real money) Seat #6 is the button
Seat 1: Vivi2331 (0.75€)
Seat 2: Stiiv-Busto (2€)
Seat 3: Adem37 (3.39€)
Seat 4: MathisKcr (0.89€)
Seat 5: mocosou (2.67€)
Seat 6: GazouGazou (3.56€)
*** ANTE/BLINDS ***
Vivi2331 posts small blind 0.01€
Stiiv-Busto posts big blind 0.02€
Dealt to MathisKcr [As Jc]
*** PRE-FLOP *** 
Adem37 calls 0.02€
MathisKcr raises 0.02€ to 0.04€
mocosou folds
GazouGazou folds
Vivi2331 calls 0.03€
Stiiv-Busto folds
Adem37 calls 0.02€
*** FLOP *** [9h 8c 5h]
Vivi2331 checks
Adem37 checks
MathisKcr bets 0.07€
Vivi2331 folds
Adem37 calls 0.07€
*** TURN *** [9h 8c 5h][5d]
Adem37 checks
MathisKcr bets 0.10€
Adem37 folds
MathisKcr collected 0.35€ from pot
*** SUMMARY ***
Total pot 0.35€ | Rake 0.03€
Board: [9h 8c 5h 5d]
Seat 4: MathisKcr won 0.35€


Winamax Poker - ESCAPE "Colorado" - HandId: #21996337-198308-1769763147 - Holdem no limit (0.01€/0.02€) - 2026/01/30 08:52:27 UTC
Table: 'Colorado' 6-max (real money) Seat #6 is the button
Seat 1: N00bmast3r13 (0.48€)
Seat 2: AmorTiLoB (1.58€)
Seat 3: Wu-AsAs1 (1.99€)
Seat 4: Stiiv-Busto (2€)
Seat 5: MathisKcr (1.03€)
Seat 6: NotYoung92 (2.21€)
*** ANTE/BLINDS ***
N00bmast3r13 posts small blind 0.01€
AmorTiLoB posts big blind 0.02€
Dealt to MathisKcr [Ah 5h]
*** PRE-FLOP *** 
Wu-AsAs1 folds
Stiiv-Busto folds
MathisKcr raises 0.02€ to 0.04€
NotYoung92 folds
N00bmast3r13 calls 0.03€
AmorTiLoB folds
*** FLOP *** [Ks 7d 2s]
N00bmast3r13 bets 0.03€
MathisKcr calls 0.03€
*** TURN *** [Ks 7d 2s][Kd]
N00bmast3r13 bets 0.41€ and is all-in
MathisKcr folds
N00bmast3r13 collected 0.55€ from pot
*** SUMMARY ***
Total pot 0.55€ | Rake 0.02€
Board: [Ks 7d 2s Kd]
Seat 1: N00bmast3r13 (small blind) won 0.55€


Winamax Poker - ESCAPE "Colorado" - HandId: #21996337-198323-1769763172 - Holdem no limit (0.01€/0.02€) - 2026/01/30 08:52:52 UTC
Table: 'Colorado' 6-max (real money) Seat #6 is the button
Seat 1: NotYoung92 (2.22€)
Seat 2: 2PacEdge (2.40€)
Seat 3: IOM73 (7.10€)
Seat 4: mocosou (2.74€)
Seat 5: carloslova (3.17€)
Seat 6: MathisKcr (0.96€)
*** ANTE/BLINDS ***
NotYoung92 posts small blind 0.01€
2PacEdge posts big blind 0.02€
Dealt to MathisKcr [8h 5c]
*** PRE-FLOP *** 
IOM73 folds
mocosou folds
carloslova folds
MathisKcr folds
NotYoung92 folds
2PacEdge collected 0.03€ from pot
*** SUMMARY ***
Total pot 0.03€ | No rake
Seat 2: 2PacEdge (big blind) won 0.03€


Winamax Poker - ESCAPE "Colorado" - HandId: #21996337-198326-1769763176 - Holdem no limit (0.01€/0.02€) - 2026/01/30 08:52:56 UTC
Table: 'Colorado' 6-max (real money) Seat #6 is the button
Seat 1: Stiiv-Busto (2.07€)
Seat 2: IOM73 (7.10€)
Seat 3: AmorTiLoB (1.52€)
Seat 4: MathisKcr (0.96€)
Seat 5: carloslova (2.05€)
Seat 6: mocosou (2.74€)
*** ANTE/BLINDS ***
Stiiv-Busto posts small blind 0.01€
IOM73 posts big blind 0.02€
Dealt to MathisKcr [2c 7s]
*** PRE-FLOP *** 
AmorTiLoB calls 0.02€
MathisKcr folds
carloslova folds
mocosou raises 0.04€ to 0.06€
Stiiv-Busto folds
IOM73 folds
AmorTiLoB calls 0.04€
*** FLOP *** [8s Th 3h]
AmorTiLoB checks
mocosou bets 0.06€
AmorTiLoB calls 0.06€
*** TURN *** [8s Th 3h][2s]
AmorTiLoB checks
mocosou bets 0.41€
AmorTiLoB folds
mocosou collected 0.65€ from pot
*** SUMMARY ***
Total pot 0.65€ | Rake 0.03€
Board: [8s Th 3h 2s]
Seat 6: mocosou (button) won 0.65€


Winamax Poker - ESCAPE "Colorado" - HandId: #21996337-198328-1769763185 - Holdem no limit (0.01€/0.02€) - 2026/01/30 08:53:05 UTC
Table: 'Colorado' 6-max (real money) Seat #6 is the button
Seat 1: fujitora34 (0.48€)
Seat 2: MathisKcr (0.96€)
Seat 3: Mukkell (2€)
Seat 4: Adem37 (3.03€)
Seat 5: G_PAS_WAHDAA (1.80€)
Seat 6: carloslova (3.17€)
*** ANTE/BLINDS ***
fujitora34 posts small blind 0.01€
MathisKcr posts big blind 0.02€
Dealt to MathisKcr [Qh 6h]
*** PRE-FLOP *** 
Mukkell folds
Adem37 calls 0.02€
G_PAS_WAHDAA folds
carloslova folds
fujitora34 folds
MathisKcr raises 0.02€ to 0.04€
Adem37 calls 0.02€
*** FLOP *** [9c Js 2s]
MathisKcr checks
Adem37 bets 0.06€
MathisKcr folds
Adem37 collected 0.14€ from pot
*** SUMMARY ***
Total pot 0.14€ | Rake 0.01€
Board: [9c Js 2s]
Seat 4: Adem37 won 0.14€


Winamax Poker - ESCAPE "Colorado" - HandId: #21996337-198388-1769763338 - Holdem no limit (0.01€/0.02€) - 2026/01/30 08:55:38 UTC
Table: 'Colorado' 6-max (real money) Seat #6 is the button
Seat 1: As-tu mieux (1.98€)
Seat 2: slyou26 (2.04€)
Seat 3: MathisKcr (0.92€)
Seat 4: Stiiv-Busto (2.10€)
Seat 5: muespachois1 (1.34€)
Seat 6: carloslova (2.39€)
*** ANTE/BLINDS ***
As-tu mieux posts small blind 0.01€
slyou26 posts big blind 0.02€
Dealt to MathisKcr [Td 2d]
*** PRE-FLOP *** 
MathisKcr folds
Stiiv-Busto folds
muespachois1 folds
carloslova folds
As-tu mieux raises 0.02€ to 0.04€
slyou26 folds
As-tu mieux collected 0.06€ from pot
*** SUMMARY ***
Total pot 0.06€ | No rake
Seat 1: As-tu mieux (small blind) won 0.06€


Winamax Poker - ESCAPE "Colorado" - HandId: #21996337-198390-1769763341 - Holdem no limit (0.01€/0.02€) - 2026/01/30 08:55:41 UTC
Table: 'Colorado' 6-max (real money) Seat #6 is the button
Seat 1: MathisKcr (0.92€)
Seat 2: Stiiv-Busto (2€)
Seat 3: carloslova (2.04€)
Seat 4: muespachois1 (1.34€)
Seat 5: Adem37 (3.07€)
Seat 6: 2PacEdge (2.65€)
*** ANTE/BLINDS ***
MathisKcr posts small blind 0.01€
Stiiv-Busto posts big blind 0.02€
Dealt to MathisKcr [Jh 6h]
*** PRE-FLOP *** 
carloslova folds
muespachois1 folds
Adem37 calls 0.02€
2PacEdge raises 0.06€ to 0.08€
MathisKcr folds
Stiiv-Busto folds
Adem37 calls 0.06€
*** FLOP *** [Th 4c Kc]
Adem37 checks
2PacEdge checks
*** TURN *** [Th 4c Kc][Ad]
Adem37 bets 0.07€
2PacEdge folds
Adem37 collected 0.24€ from pot
*** SUMMARY ***
Total pot 0.24€ | Rake 0.02€
Board: [Th 4c Kc Ad]
Seat 5: Adem37 won 0.24€


Winamax Poker - ESCAPE "Colorado" - HandId: #21996337-198404-1769763366 - Holdem no limit (0.01€/0.02€) - 2026/01/30 08:56:06 UTC
Table: 'Colorado' 6-max (real money) Seat #6 is the button
Seat 1: 2PacEdge (2.03€)
Seat 2: NoNo-MaHa2.0 (0.78€)
Seat 3: Sexpeare (2.75€)
Seat 4: JJ-Holdman (2.08€)
Seat 5: carloslova (2.02€)
Seat 6: MathisKcr (0.91€)
*** ANTE/BLINDS ***
2PacEdge posts small blind 0.01€
NoNo-MaHa2.0 posts big blind 0.02€
Dealt to MathisKcr [6s 8d]
*** PRE-FLOP *** 
Sexpeare folds
JJ-Holdman raises 0.04€ to 0.06€
carloslova calls 0.06€
MathisKcr folds
2PacEdge folds
NoNo-MaHa2.0 calls 0.04€
*** FLOP *** [3s 6c Tc]
NoNo-MaHa2.0 checks
JJ-Holdman bets 0.07€
carloslova folds
NoNo-MaHa2.0 folds
JJ-Holdman collected 0.24€ from pot
*** SUMMARY ***
Total pot 0.24€ | Rake 0.02€
Board: [3s 6c Tc]
Seat 4: JJ-Holdman won 0.24€


Winamax Poker - ESCAPE "Colorado" - HandId: #21996337-198402-1769763364 - Holdem no limit (0.01€/0.02€) - 2026/01/30 08:56:04 UTC
Table: 'Colorado' 6-max (real money) Seat #6 is the button
Seat 1: carloslova (2.02€)
Seat 2: GGdeSuresnes (2.03€)
Seat 3: mocosou (3.43€)
Seat 4: G-UN-BO-JEU (1.55€)
Seat 5: MathisKcr (0.91€)
Seat 6: JJ-Holdman (2.08€)
*** ANTE/BLINDS ***
carloslova posts small blind 0.01€
GGdeSuresnes posts big blind 0.02€
Dealt to MathisKcr [3d 4c]
*** PRE-FLOP *** 
mocosou folds
G-UN-BO-JEU calls 0.02€
MathisKcr folds
JJ-Holdman folds
carloslova raises 0.06€ to 0.08€
GGdeSuresnes folds
G-UN-BO-JEU calls 0.06€
*** FLOP *** [Jh 9c Kh]
carloslova bets 0.06€
G-UN-BO-JEU calls 0.06€
*** TURN *** [Jh 9c Kh][5h]
carloslova checks
G-UN-BO-JEU bets 0.15€
carloslova folds
G-UN-BO-JEU collected 0.42€ from pot
*** SUMMARY ***
Total pot 0.42€ | Rake 0.03€
Board: [Jh 9c Kh 5h]
Seat 4: G-UN-BO-JEU won 0.42€


Winamax Poker - ESCAPE "Colorado" - HandId: #21996337-198412-1769763388 - Holdem no limit (0.01€/0.02€) - 2026/01/30 08:56:28 UTC
Table: 'Colorado' 6-max (real money) Seat #6 is the button
Seat 1: NotYoung92 (2.15€)
Seat 2: MathisKcr (0.91€)
Seat 3: G_PAS_WAHDAA (2.10€)
Seat 4: Vivi2331 (0.56€)
Seat 5: _Bazaam_ (2.65€)
Seat 6: AmorTiLoB (1.17€)
*** ANTE/BLINDS ***
NotYoung92 posts small blind 0.01€
MathisKcr posts big blind 0.02€
Dealt to MathisKcr [Jd Js]
*** PRE-FLOP *** 
G_PAS_WAHDAA folds
Vivi2331 calls 0.02€
_Bazaam_ folds
AmorTiLoB folds
NotYoung92 folds
MathisKcr raises 0.02€ to 0.04€
Vivi2331 calls 0.02€
*** FLOP *** [5d Ah Ks]
MathisKcr bets 0.05€
Vivi2331 folds
MathisKcr collected 0.13€ from pot
*** SUMMARY ***
Total pot 0.13€ | Rake 0.01€
Board: [5d Ah Ks]
Seat 2: MathisKcr (big blind) won 0.13€


Winamax Poker - ESCAPE "Colorado" - HandId: #21996337-198407-1769763372 - Holdem no limit (0.01€/0.02€) - 2026/01/30 08:56:12 UTC
Table: 'Colorado' 6-max (real money) Seat #6 is the button
Seat 1: mocosou (2.08€)
Seat 2: 2PacEdge (2.02€)
Seat 3: riri08 (0.41€)
Seat 4: MathisKcr (0.91€)
Seat 5: chloe33. (2.35€)
Seat 6: _Bazaam_ (2.65€)
Escape to Pot: total 0.10€
*** ANTE/BLINDS ***
mocosou posts small blind 0.01€
2PacEdge posts big blind 0.02€
Dealt to MathisKcr [4s 5h]
*** PRE-FLOP *** 
riri08 calls 0.02€
MathisKcr folds
chloe33. raises 0.08€ to 0.10€
_Bazaam_ folds
mocosou folds
2PacEdge folds
riri08 calls 0.08€
*** FLOP *** [2d 6d 6s]
riri08 checks
chloe33. bets 0.27€
riri08 folds
chloe33. collected 0.58€ from pot
*** SUMMARY ***
Total pot 0.58€ | Rake 0.02€
Board: [2d 6d 6s]
Seat 5: chloe33. won 0.58€


Winamax Poker - ESCAPE "Colorado" - HandId: #21996337-198425-1769763413 - Holdem no limit (0.01€/0.02€) - 2026/01/30 08:56:53 UTC
Table: 'Colorado' 6-max (real money) Seat #6 is the button
Seat 1: MathisKcr (0.95€)
Seat 2: Wu-AsAs1 (2.03€)
Seat 3: Gachette187 (0.66€)
Seat 4: carloslova (2€)
Seat 5: mocosou (2.97€)
Seat 6: chloe33. (2.19€)
*** ANTE/BLINDS ***
MathisKcr posts small blind 0.01€
Wu-AsAs1 posts big blind 0.02€
Dealt to MathisKcr [Jd 4s]
*** PRE-FLOP *** 
Gachette187 folds
carloslova folds
mocosou raises 0.03€ to 0.05€
chloe33. folds
MathisKcr calls 0.04€
Wu-AsAs1 folds
*** FLOP *** [Kc Jh 2h]
MathisKcr bets 0.08€
mocosou folds
MathisKcr collected 0.19€ from pot
*** SUMMARY ***
Total pot 0.19€ | Rake 0.01€
Board: [Kc Jh 2h]
Seat 1: MathisKcr (small blind) won 0.19€


Winamax Poker - ESCAPE "Colorado" - HandId: #21996337-198447-1769763462 - Holdem no limit (0.01€/0.02€) - 2026/01/30 08:57:42 UTC
Table: 'Colorado' 6-max (real money) Seat #6 is the button
Seat 1: mocosou (3.47€)
Seat 2: Stiiv-Busto (2.02€)
Seat 3: chloe33. (2.53€)
Seat 4: G-UN-BO-JEU (1.66€)
Seat 5: MathisKcr (1.01€)
Seat 6: muespachois1 (1.26€)
*** ANTE/BLINDS ***
mocosou posts small blind 0.01€
Stiiv-Busto posts big blind 0.02€
Dealt to MathisKcr [Ac 9c]
*** PRE-FLOP *** 
chloe33. raises 0.04€ to 0.06€
G-UN-BO-JEU folds
MathisKcr calls 0.06€
muespachois1 calls 0.06€
mocosou folds
Stiiv-Busto folds
*** FLOP *** [Td 8d 5d]
chloe33. bets 0.11€
MathisKcr calls 0.11€
muespachois1 folds
*** TURN *** [Td 8d 5d][Jh]
chloe33. bets 0.29€
MathisKcr folds
chloe33. collected 0.68€ from pot
*** SUMMARY ***
Total pot 0.68€ | Rake 0.04€
Board: [Td 8d 5d Jh]
Seat 3: chloe33. won 0.68€


Winamax Poker - ESCAPE "Colorado" - HandId: #21996337-198470-1769763510 - Holdem no limit (0.01€/0.02€) - 2026/01/30 08:58:30 UTC
Table: 'Colorado' 6-max (real money) Seat #6 is the button
Seat 1: fujitora34 (0.43€)
Seat 2: carloslova (2.78€)
Seat 3: Happy Fish . (1.97€)
Seat 4: slyou26 (1.92€)
Seat 5: Stiiv-Busto (2.07€)
Seat 6: MathisKcr (0.84€)
*** ANTE/BLINDS ***
fujitora34 posts small blind 0.01€
carloslova posts big blind 0.02€
Dealt to MathisKcr [3c Qh]
*** PRE-FLOP *** 
Happy Fish . raises 0.04€ to 0.06€
slyou26 folds
Stiiv-Busto folds
MathisKcr folds
fujitora34 folds
carloslova folds
Happy Fish . collected 0.09€ from pot
*** SUMMARY ***
Total pot 0.09€ | No rake
Seat 3: Happy Fish . won 0.09€


Winamax Poker - ESCAPE "Colorado" - HandId: #21996337-198480-1769763524 - Holdem no limit (0.01€/0.02€) - 2026/01/30 08:58:44 UTC
Table: 'Colorado' 6-max (real money) Seat #6 is the button
Seat 1: 2PacEdge (2.41€)
Seat 2: G-UN-BO-JEU (1.65€)
Seat 3: MathisKcr (0.84€)
Seat 4: GazouGazou (3.14€)
Seat 5: carloslova (2€)
Seat 6: GGdeSuresnes (1.91€)
*** ANTE/BLINDS ***
2PacEdge posts small blind 0.01€
G-UN-BO-JEU posts big blind 0.02€
Dealt to MathisKcr [Jd 7c]
*** PRE-FLOP *** 
MathisKcr raises 0.02€ to 0.04€
GazouGazou folds
carloslova folds
GGdeSuresnes calls 0.04€
2PacEdge folds
G-UN-BO-JEU folds
*** FLOP *** [5s 2d 7d]
MathisKcr bets 0.06€
GGdeSuresnes folds
MathisKcr collected 0.16€ from pot
*** SUMMARY ***
Total pot 0.16€ | Rake 0.01€
Board: [5s 2d 7d]
Seat 3: MathisKcr won 0.16€


Winamax Poker - ESCAPE "Colorado" - HandId: #21996337-198498-1769763564 - Holdem no limit (0.01€/0.02€) - 2026/01/30 08:59:24 UTC
Table: 'Colorado' 6-max (real money) Seat #6 is the button
Seat 1: gjhdjeiuqwih (2€)
Seat 2: Pecnus24 (2.11€)
Seat 3: mocosou (3.62€)
Seat 4: 2PacEdge (2€)
Seat 5: MathisKcr (0.90€)
Seat 6: Gachette187 (0.50€)
*** ANTE/BLINDS ***
gjhdjeiuqwih posts small blind 0.01€
Pecnus24 posts big blind 0.02€
Dealt to MathisKcr [6d Th]
*** PRE-FLOP *** 
mocosou raises 0.03€ to 0.05€
2PacEdge folds
MathisKcr folds
Gachette187 folds
gjhdjeiuqwih folds
Pecnus24 calls 0.03€
*** FLOP *** [8h 6s Ts]
Pecnus24 checks
mocosou checks
*** TURN *** [8h 6s Ts][Qs]
Pecnus24 checks
mocosou bets 0.11€
Pecnus24 folds
mocosou collected 0.21€ from pot
*** SUMMARY ***
Total pot 0.21€ | Rake 0.01€
Board: [8h 6s Ts Qs]
Seat 3: mocosou won 0.21€


Winamax Poker - ESCAPE "Colorado" - HandId: #21996337-198504-1769763572 - Holdem no limit (0.01€/0.02€) - 2026/01/30 08:59:32 UTC
Table: 'Colorado' 6-max (real money) Seat #6 is the button
Seat 1: MathisKcr (0.90€)
Seat 2: Goupil02 (2€)
Seat 3: CM Striker2 (1.02€)
Seat 4: AmorTiLoB (1.10€)
Seat 5: mocosou (2.63€)
Seat 6: 2PacEdge (2.26€)
*** ANTE/BLINDS ***
MathisKcr posts small blind 0.01€
Goupil02 posts big blind 0.02€
Dealt to MathisKcr [Ad 2h]
*** PRE-FLOP *** 
CM Striker2 calls 0.02€
AmorTiLoB folds
mocosou folds
2PacEdge folds
MathisKcr raises 0.02€ to 0.04€
Goupil02 folds
CM Striker2 calls 0.02€
*** FLOP *** [Ac Jh Td]
MathisKcr bets 0.05€
CM Striker2 calls 0.05€
*** TURN *** [Ac Jh Td][Th]
MathisKcr bets 0.13€
CM Striker2 calls 0.13€
*** RIVER *** [Ac Jh Td Th][7h]
MathisKcr checks
CM Striker2 checks
*** SHOW DOWN ***
CM Striker2 shows [Jc 8c] (Two pairs : Jacks and Tens)
MathisKcr shows [Ad 2h] (Two pairs : Aces and Tens)
MathisKcr collected 0.41€ from pot
*** SUMMARY ***
Total pot 0.41€ | Rake 0.05€
Board: [Ac Jh Td Th 7h]
Seat 1: MathisKcr (small blind) showed [Ad 2h] and won 0.41€ with Two pairs : Aces and Tens
Seat 3: CM Striker2 showed [Jc 8c] and lost with Two pairs : Jacks and Tens


Winamax Poker - ESCAPE "Colorado" - HandId: #21996337-198527-1769763610 - Holdem no limit (0.01€/0.02€) - 2026/01/30 09:00:10 UTC
Table: 'Colorado' 6-max (real money) Seat #6 is the button
Seat 1: 2PacEdge (2.34€)
Seat 2: Aja18 (1.92€)
Seat 3: MathisKcr (1.09€)
Seat 4: G-UN-BO-JEU (1.27€)
Seat 5: gjhdjeiuqwih (2.06€)
Seat 6: mocosou (2.54€)
*** ANTE/BLINDS ***
2PacEdge posts small blind 0.01€
Aja18 posts big blind 0.02€
Dealt to MathisKcr [6c Ad]
*** PRE-FLOP *** 
MathisKcr raises 0.02€ to 0.04€
G-UN-BO-JEU folds
gjhdjeiuqwih raises 0.12€ to 0.16€
mocosou folds
2PacEdge folds
Aja18 folds
MathisKcr calls 0.12€
*** FLOP *** [Ac Kd Tc]
MathisKcr bets 0.18€
gjhdjeiuqwih calls 0.18€
*** TURN *** [Ac Kd Tc][8s]
MathisKcr bets 0.25€
gjhdjeiuqwih calls 0.25€
*** RIVER *** [Ac Kd Tc 8s][Ks]
MathisKcr checks
gjhdjeiuqwih checks
*** SHOW DOWN ***
MathisKcr shows [6c Ad] (Two pairs : Aces and Kings)
gjhdjeiuqwih shows [Ts As] (Two pairs : Aces and Kings)
gjhdjeiuqwih collected 0.55€ from pot
MathisKcr collected 0.54€ from pot
*** SUMMARY ***
Total pot 1.09€ | Rake 0.12€
Board: [Ac Kd Tc 8s Ks]
Seat 3: MathisKcr showed [6c Ad] and won 0.54€ with Two pairs : Aces and Kings
Seat 5: gjhdjeiuqwih showed [Ts As] and won 0.55€ with Two pairs : Aces and Kings


Winamax Poker - ESCAPE "Colorado" - HandId: #21996337-198567-1769763685 - Holdem no limit (0.01€/0.02€) - 2026/01/30 09:01:25 UTC
Table: 'Colorado' 6-max (real money) Seat #6 is the button
Seat 1: Happy Fish . (1.89€)
Seat 2: MathisKcr (1.04€)
Seat 3: muespachois1 (1.08€)
Seat 4: slyou26 (2.04€)
Seat 5: nanass25440 (2.51€)
Seat 6: Nico9 Sept (1.97€)
*** ANTE/BLINDS ***
Happy Fish . posts small blind 0.01€
MathisKcr posts big blind 0.02€
Dealt to MathisKcr [9d Ad]
*** PRE-FLOP *** 
muespachois1 folds
slyou26 folds
nanass25440 folds
Nico9 Sept folds
Happy Fish . folds
MathisKcr collected 0.03€ from pot
*** SUMMARY ***
Total pot 0.03€ | No rake
Seat 2: MathisKcr (big blind) won 0.03€


Winamax Poker - ESCAPE "Colorado" - HandId: #21996337-198565-1769763683 - Holdem no limit (0.01€/0.02€) - 2026/01/30 09:01:23 UTC
Table: 'Colorado' 6-max (real money) Seat #6 is the button
Seat 1: nanass25440 (1.98€)
Seat 2: nat21le (0.50€)
Seat 3: mocosou (2.52€)
Seat 4: MathisKcr (1.04€)
Seat 5: As-tu mieux (2€)
Seat 6: gjhdjeiuqwih (2.02€)
*** ANTE/BLINDS ***
nanass25440 posts small blind 0.01€
nat21le posts big blind 0.02€
Dealt to MathisKcr [5h 4d]
*** PRE-FLOP *** 
mocosou folds
MathisKcr folds
As-tu mieux folds
gjhdjeiuqwih folds
nanass25440 folds
nat21le collected 0.03€ from pot
*** SUMMARY ***
Total pot 0.03€ | No rake
Seat 2: nat21le (big blind) won 0.03€


Winamax Poker - ESCAPE "Colorado" - HandId: #21996337-198572-1769763693 - Holdem no limit (0.01€/0.02€) - 2026/01/30 09:01:33 UTC
Table: 'Colorado' 6-max (real money) Seat #6 is the button
Seat 1: Adem37 (5.67€)
Seat 2: jackyweed02 (1.72€)
Seat 3: Stiiv-Busto (2€)
Seat 4: LaSerena (1.45€)
Seat 5: 2PacEdge (4.01€)
Seat 6: MathisKcr (1.05€)
*** ANTE/BLINDS ***
Adem37 posts small blind 0.01€
jackyweed02 posts big blind 0.02€
Dealt to MathisKcr [Jh Jc]
*** PRE-FLOP *** 
Stiiv-Busto folds
LaSerena folds
2PacEdge folds
MathisKcr raises 0.02€ to 0.04€
Adem37 folds
jackyweed02 calls 0.02€
*** FLOP *** [6s 5c Td]
jackyweed02 checks
MathisKcr bets 0.04€
jackyweed02 calls 0.04€
*** TURN *** [6s 5c Td][Ts]
jackyweed02 checks
MathisKcr bets 0.06€
jackyweed02 calls 0.06€
*** RIVER *** [6s 5c Td Ts][As]
jackyweed02 checks
MathisKcr bets 0.19€
jackyweed02 folds
MathisKcr collected 0.45€ from pot
*** SUMMARY ***
Total pot 0.45€ | Rake 0.03€
Board: [6s 5c Td Ts As]
Seat 6: MathisKcr (button) won 0.45€


Winamax Poker - ESCAPE "Colorado" - HandId: #21996337-198604-1769763748 - Holdem no limit (0.01€/0.02€) - 2026/01/30 09:02:28 UTC
Table: 'Colorado' 6-max (real money) Seat #6 is the button
Seat 1: carloslova (2.43€)
Seat 2: As-tu mieux (2.04€)
Seat 3: mocosou (2.53€)
Seat 4: 2PacEdge (2.50€)
Seat 5: jackyweed02 (1.58€)
Seat 6: MathisKcr (1.17€)
*** ANTE/BLINDS ***
carloslova posts small blind 0.01€
As-tu mieux posts big blind 0.02€
Dealt to MathisKcr [Jc 3s]
*** PRE-FLOP *** 
mocosou folds
2PacEdge folds
jackyweed02 calls 0.02€
MathisKcr folds
carloslova raises 0.06€ to 0.08€
As-tu mieux folds
jackyweed02 calls 0.06€
*** FLOP *** [6d 2h Ts]
carloslova bets 0.09€
jackyweed02 raises 1.41€ to 1.50€ and is all-in
carloslova calls 1.41€
*** TURN *** [6d 2h Ts][9h]
*** RIVER *** [6d 2h Ts 9h][3d]
*** SHOW DOWN ***
carloslova shows [Ah As] (One pair : Aces)
jackyweed02 shows [9s Tc] (Two pairs : Tens and 9)
jackyweed02 collected 2.86€ from pot
*** SUMMARY ***
Total pot 2.86€ | Rake 0.32€
Board: [6d 2h Ts 9h 3d]
Seat 1: carloslova (small blind) showed [Ah As] and lost with One pair : Aces
Seat 5: jackyweed02 showed [9s Tc] and won 2.86€ with Two pairs : Tens and 9


Winamax Poker - ESCAPE "Colorado" - HandId: #21996337-198606-1769763753 - Holdem no limit (0.01€/0.02€) - 2026/01/30 09:02:33 UTC
Table: 'Colorado' 6-max (real money) Seat #6 is the button
Seat 1: MathisKcr (1.17€)
Seat 2: _Bazaam_ (2.56€)
Seat 3: mocosou (3.41€)
Seat 4: 2PacEdge (2.50€)
Seat 5: gjhdjeiuqwih (2.02€)
Seat 6: nanass25440 (1.91€)
*** ANTE/BLINDS ***
MathisKcr posts small blind 0.01€
_Bazaam_ posts big blind 0.02€
Dealt to MathisKcr [Th 4c]
*** PRE-FLOP *** 
mocosou folds
2PacEdge folds
gjhdjeiuqwih folds
nanass25440 folds
MathisKcr raises 0.02€ to 0.04€
_Bazaam_ calls 0.02€
*** FLOP *** [Qs 5c 2s]
MathisKcr bets 0.04€
_Bazaam_ calls 0.04€
*** TURN *** [Qs 5c 2s][6s]
MathisKcr bets 0.06€
_Bazaam_ folds
MathisKcr collected 0.20€ from pot
*** SUMMARY ***
Total pot 0.20€ | Rake 0.02€
Board: [Qs 5c 2s 6s]
Seat 1: MathisKcr (small blind) won 0.20€


Winamax Poker - ESCAPE "Colorado" - HandId: #21996337-198646-1769763817 - Holdem no limit (0.01€/0.02€) - 2026/01/30 09:03:37 UTC
Table: 'Colorado' 6-max (real money) Seat #6 is the button
Seat 1: Picon bob (0.51€)
Seat 2: MathisKcr (1.23€)
Seat 3: chloe33. (2.27€)
Seat 4: carloslova (2.04€)
Seat 5: Gachette187 (0.71€)
Seat 6: Sexpeare (3.19€)
*** ANTE/BLINDS ***
Picon bob posts small blind 0.01€
MathisKcr posts big blind 0.02€
Dealt to MathisKcr [3d 8c]
*** PRE-FLOP *** 
chloe33. folds
carloslova raises 0.02€ to 0.04€
Gachette187 folds
Sexpeare folds
Picon bob raises 0.47€ to 0.51€ and is all-in
MathisKcr folds
carloslova folds
Picon bob collected 0.57€ from pot
*** SUMMARY ***
Total pot 0.57€ | No rake
Seat 1: Picon bob (small blind) won 0.57€


Winamax Poker - ESCAPE "Colorado" - HandId: #21996337-198643-1769763814 - Holdem no limit (0.01€/0.02€) - 2026/01/30 09:03:34 UTC
Table: 'Colorado' 6-max (real money) Seat #6 is the button
Seat 1: carloslova (2.45€)
Seat 2: esox086 (0.50€)
Seat 3: MathisKcr (1.23€)
Seat 4: LaSerena (1.68€)
Seat 5: Stiiv-Busto (2€)
Seat 6: P Ashes (2€)
*** ANTE/BLINDS ***
carloslova posts small blind 0.01€
esox086 posts big blind 0.02€
Dealt to MathisKcr [3d 5h]
*** PRE-FLOP *** 
MathisKcr folds
LaSerena folds
Stiiv-Busto raises 0.03€ to 0.05€
P Ashes calls 0.05€
carloslova folds
esox086 calls 0.03€
*** FLOP *** [2d Ts Td]
esox086 checks
Stiiv-Busto bets 0.06€
P Ashes calls 0.06€
esox086 calls 0.06€
*** TURN *** [2d Ts Td][Qc]
esox086 checks
Stiiv-Busto checks
P Ashes bets 0.22€
esox086 raises 0.17€ to 0.39€ and is all-in
Stiiv-Busto folds
P Ashes calls 0.17€
*** RIVER *** [2d Ts Td Qc][8s]
*** SHOW DOWN ***
esox086 shows [Kh Th] (Trips of Tens)
P Ashes shows [2c 2s] (Full of 2 and Tens)
P Ashes collected 1.01€ from pot
*** SUMMARY ***
Total pot 1.01€ | Rake 0.11€
Board: [2d Ts Td Qc 8s]
Seat 2: esox086 (big blind) showed [Kh Th] and lost with Trips of Tens
Seat 6: P Ashes (button) showed [2c 2s] and won 1.01€ with Full of 2 and Tens


Winamax Poker - ESCAPE "Colorado" - HandId: #21996337-198663-1769763853 - Holdem no limit (0.01€/0.02€) - 2026/01/30 09:04:13 UTC
Table: 'Colorado' 6-max (real money) Seat #6 is the button
Seat 1: GazouGazou (2.59€)
Seat 2: mocosou (2.55€)
Seat 3: Stiiv-Busto (2€)
Seat 4: Bibou33160 (0.56€)
Seat 5: MathisKcr (1.21€)
Seat 6: Gachette187 (0.70€)
*** ANTE/BLINDS ***
GazouGazou posts small blind 0.01€
mocosou posts big blind 0.02€
Dealt to MathisKcr [9s Jd]
*** PRE-FLOP *** 
Stiiv-Busto folds
Bibou33160 folds
MathisKcr raises 0.02€ to 0.04€
Gachette187 calls 0.04€
GazouGazou folds
mocosou folds
*** FLOP *** [Ac 5d 3c]
MathisKcr bets 0.04€
Gachette187 calls 0.04€
*** TURN *** [Ac 5d 3c][3s]
MathisKcr checks
Gachette187 bets 0.07€
MathisKcr folds
Gachette187 collected 0.24€ from pot
*** SUMMARY ***
Total pot 0.24€ | Rake 0.02€
Board: [Ac 5d 3c 3s]
Seat 6: Gachette187 (button) won 0.24€


Winamax Poker - ESCAPE "Colorado" - HandId: #21996337-198699-1769763902 - Holdem no limit (0.01€/0.02€) - 2026/01/30 09:05:02 UTC
Table: 'Colorado' 6-max (real money) Seat #6 is the button
Seat 1: mocosou (2.01€)
Seat 2: Lanto1792 (2.08€)
Seat 3: T Y L E R (1.54€)
Seat 4: MathisKcr (1.13€)
Seat 5: P Ashes (2.64€)
Seat 6: fujitora34 (0.43€)
*** ANTE/BLINDS ***
mocosou posts small blind 0.01€
Lanto1792 posts big blind 0.02€
Dealt to MathisKcr [Ts Jd]
*** PRE-FLOP *** 
T Y L E R folds
MathisKcr calls 0.02€
P Ashes folds
fujitora34 calls 0.02€
mocosou folds
Lanto1792 checks
*** FLOP *** [Qd 3c 2c]
Lanto1792 bets 0.05€
MathisKcr folds
fujitora34 folds
Lanto1792 collected 0.11€ from pot
*** SUMMARY ***
Total pot 0.11€ | Rake 0.01€
Board: [Qd 3c 2c]
Seat 2: Lanto1792 (big blind) won 0.11€


Winamax Poker - ESCAPE "Colorado" - HandId: #21996337-198716-1769763924 - Holdem no limit (0.01€/0.02€) - 2026/01/30 09:05:24 UTC
Table: 'Colorado' 6-max (real money) Seat #6 is the button
Seat 1: LaSerena (1.49€)
Seat 2: Adem37 (5.47€)
Seat 3: carloslova (2.38€)
Seat 4: G_PAS_WAHDAA (4.19€)
Seat 5: nanass25440 (2.37€)
Seat 6: MathisKcr (1.11€)
*** ANTE/BLINDS ***
LaSerena posts small blind 0.01€
Adem37 posts big blind 0.02€
Dealt to MathisKcr [4d Ad]
*** PRE-FLOP *** 
carloslova raises 0.02€ to 0.04€
G_PAS_WAHDAA raises 0.08€ to 0.12€
nanass25440 folds
MathisKcr calls 0.12€
LaSerena folds
Adem37 calls 0.10€
carloslova folds
*** FLOP *** [4s 6d 3c]
Adem37 checks
G_PAS_WAHDAA bets 0.21€
MathisKcr calls 0.21€
Adem37 folds
*** TURN *** [4s 6d 3c][Qc]
G_PAS_WAHDAA bets 0.66€
MathisKcr folds
G_PAS_WAHDAA collected 1.41€ from pot
*** SUMMARY ***
Total pot 1.41€ | Rake 0.08€
Board: [4s 6d 3c Qc]
Seat 4: G_PAS_WAHDAA won 1.41€


Winamax Poker - ESCAPE "Colorado" - HandId: #21996337-198752-1769763961 - Holdem no limit (0.01€/0.02€) - 2026/01/30 09:06:01 UTC
Table: 'Colorado' 6-max (real money) Seat #6 is the button
Seat 1: mocosou (2€)
Seat 2: 2PacEdge (3.34€)
Seat 3: jumox30 (1.33€)
Seat 4: fujitora34 (0.41€)
Seat 5: MathisKcr (0.78€)
Seat 6: gjhdjeiuqwih (2.27€)
*** ANTE/BLINDS ***
mocosou posts small blind 0.01€
2PacEdge posts big blind 0.02€
Dealt to MathisKcr [3c 7d]
*** PRE-FLOP *** 
jumox30 raises 0.03€ to 0.05€
fujitora34 folds
MathisKcr folds
gjhdjeiuqwih folds
mocosou folds
2PacEdge folds
jumox30 collected 0.08€ from pot
*** SUMMARY ***
Total pot 0.08€ | No rake
Seat 3: jumox30 won 0.08€


Winamax Poker - ESCAPE "Colorado" - HandId: #21996337-198755-1769763963 - Holdem no limit (0.01€/0.02€) - 2026/01/30 09:06:03 UTC
Table: 'Colorado' 6-max (real money) Seat #6 is the button
Seat 1: MathisKcr (0.78€)
Seat 2: Goupil02 (2.39€)
Seat 3: G_PAS_WAHDAA (4.61€)
Seat 4: fujitora34 (0.41€)
Seat 5: Stiiv-Busto (2.02€)
Seat 6: hello7585 (2.12€)
*** ANTE/BLINDS ***
MathisKcr posts small blind 0.01€
Goupil02 posts big blind 0.02€
Dealt to MathisKcr [9c 2d]
*** PRE-FLOP *** 
G_PAS_WAHDAA folds
fujitora34 folds
Stiiv-Busto folds
hello7585 folds
MathisKcr folds
Goupil02 collected 0.03€ from pot
*** SUMMARY ***
Total pot 0.03€ | No rake
Seat 2: Goupil02 (big blind) won 0.03€


Winamax Poker - ESCAPE "Colorado" - HandId: #21996337-198756-1769763965 - Holdem no limit (0.01€/0.02€) - 2026/01/30 09:06:05 UTC
Table: 'Colorado' 6-max (real money) Seat #6 is the button
Seat 1: _Bazaam_ (2.68€)
Seat 2: mocosou (2€)
Seat 3: MathisKcr (0.77€)
Seat 4: gjhdjeiuqwih (2.05€)
Seat 5: slyou26 (1.76€)
Seat 6: G_PAS_WAHDAA (4.61€)
Escape to Pot: total 0.10€
*** ANTE/BLINDS ***
_Bazaam_ posts small blind 0.01€
mocosou posts big blind 0.02€
Dealt to MathisKcr [8s 6s]
*** PRE-FLOP *** 
MathisKcr folds
gjhdjeiuqwih raises 0.04€ to 0.06€
slyou26 folds
G_PAS_WAHDAA folds
_Bazaam_ folds
mocosou folds
gjhdjeiuqwih collected 0.19€ from pot
*** SUMMARY ***
Total pot 0.19€ | No rake
Seat 4: gjhdjeiuqwih won 0.19€


Winamax Poker - ESCAPE "Colorado" - HandId: #21996337-198759-1769763970 - Holdem no limit (0.01€/0.02€) - 2026/01/30 09:06:10 UTC
Table: 'Colorado' 6-max (real money) Seat #6 is the button
Seat 1: jumox30 (1.36€)
Seat 2: MathisKcr (0.77€)
Seat 3: hello7585 (2.10€)
Seat 4: 2PacEdge (3.32€)
Seat 5: fujitora34 (0.41€)
Seat 6: G_PAS_WAHDAA (4.61€)
*** ANTE/BLINDS ***
jumox30 posts small blind 0.01€
MathisKcr posts big blind 0.02€
Dealt to MathisKcr [Qh 9s]
*** PRE-FLOP *** 
hello7585 folds
2PacEdge folds
fujitora34 folds
G_PAS_WAHDAA raises 0.03€ to 0.05€
jumox30 calls 0.04€
MathisKcr calls 0.03€
*** FLOP *** [Js 6c Ad]
jumox30 checks
MathisKcr checks
G_PAS_WAHDAA bets 0.05€
jumox30 calls 0.05€
MathisKcr folds
*** TURN *** [Js 6c Ad][Kd]
jumox30 checks
G_PAS_WAHDAA checks
*** RIVER *** [Js 6c Ad Kd][9c]
jumox30 bets 0.09€
G_PAS_WAHDAA calls 0.09€
*** SHOW DOWN ***
jumox30 shows [As 8c] (One pair : Aces)
G_PAS_WAHDAA shows [Ah 5h] (One pair : Aces)
G_PAS_WAHDAA collected 0.20€ from pot
jumox30 collected 0.19€ from pot
*** SUMMARY ***
Total pot 0.39€ | Rake 0.04€
Board: [Js 6c Ad Kd 9c]
Seat 1: jumox30 (small blind) showed [As 8c] and won 0.19€ with One pair : Aces
Seat 6: G_PAS_WAHDAA (button) showed [Ah 5h] and won 0.20€ with One pair : Aces


Winamax Poker - ESCAPE "Colorado" - HandId: #21996337-198786-1769764008 - Holdem no limit (0.01€/0.02€) - 2026/01/30 09:06:48 UTC
Table: 'Colorado' 6-max (real money) Seat #6 is the button
Seat 1: slyou26 (2.41€)
Seat 2: MathisKcr (0.72€)
Seat 3: Lanto1792 (2.08€)
Seat 4: hello7585 (1.94€)
Seat 5: Bibou33160 (0.38€)
Seat 6: naif-Roi2236 (0.70€)
*** ANTE/BLINDS ***
slyou26 posts small blind 0.01€
MathisKcr posts big blind 0.02€
Dealt to MathisKcr [9c Td]
*** PRE-FLOP *** 
Lanto1792 folds
hello7585 folds
Bibou33160 folds
naif-Roi2236 calls 0.02€
slyou26 folds
MathisKcr checks
*** FLOP *** [Jc As Qd]
MathisKcr bets 0.04€
naif-Roi2236 calls 0.04€
*** TURN *** [Jc As Qd][2d]
MathisKcr bets 0.07€
naif-Roi2236 calls 0.07€
*** RIVER *** [Jc As Qd 2d][7h]
MathisKcr checks
naif-Roi2236 checks
*** SHOW DOWN ***
MathisKcr shows [9c Td] (High card : Ace)
naif-Roi2236 shows [Tc Qh] (One pair : Queens)
naif-Roi2236 collected 0.24€ from pot
*** SUMMARY ***
Total pot 0.24€ | Rake 0.03€
Board: [Jc As Qd 2d 7h]
Seat 2: MathisKcr (big blind) showed [9c Td] and lost with High card : Ace
Seat 6: naif-Roi2236 (button) showed [Tc Qh] and won 0.24€ with One pair : Queens


Winamax Poker - ESCAPE "Colorado" - HandId: #21996337-198784-1769764005 - Holdem no limit (0.01€/0.02€) - 2026/01/30 09:06:45 UTC
Table: 'Colorado' 6-max (real money) Seat #6 is the button
Seat 1: carloslova (2.31€)
Seat 2: chloe33. (2.17€)
Seat 3: jackyweed02 (2.85€)
Seat 4: MathisKcr (0.72€)
Seat 5: Gachette187 (0.78€)
Seat 6: gjhdjeiuqwih (3.35€)
*** ANTE/BLINDS ***
carloslova posts small blind 0.01€
chloe33. posts big blind 0.02€
Dealt to MathisKcr [8s 3c]
*** PRE-FLOP *** 
jackyweed02 calls 0.02€
MathisKcr folds
Gachette187 folds
gjhdjeiuqwih folds
carloslova folds
chloe33. checks
*** FLOP *** [5c Ks 4h]
chloe33. checks
jackyweed02 checks
*** TURN *** [5c Ks 4h][9h]
chloe33. checks
jackyweed02 bets 0.02€
chloe33. calls 0.02€
*** RIVER *** [5c Ks 4h 9h][5d]
chloe33. checks
jackyweed02 bets 0.03€
chloe33. raises 0.18€ to 0.21€
jackyweed02 folds
chloe33. collected 0.31€ from pot
*** SUMMARY ***
Total pot 0.31€ | Rake 0.02€
Board: [5c Ks 4h 9h 5d]
Seat 2: chloe33. (big blind) won 0.31€


Winamax Poker - ESCAPE "Colorado" - HandId: #21996337-198812-1769764047 - Holdem no limit (0.01€/0.02€) - 2026/01/30 09:07:27 UTC
Table: 'Colorado' 6-max (real money) Seat #6 is the button
Seat 1: MathisKcr (0.59€)
Seat 2: GazouGazou (2.52€)
Seat 3: naif-Roi2236 (0.81€)
Seat 4: Tarzan9599 (1.29€)
Seat 5: Aja18 (1.50€)
Seat 6: carloslova (2.18€)
*** ANTE/BLINDS ***
MathisKcr posts small blind 0.01€
GazouGazou posts big blind 0.02€
Dealt to MathisKcr [Ts Js]
*** PRE-FLOP *** 
naif-Roi2236 folds
Tarzan9599 folds
Aja18 folds
carloslova folds
MathisKcr raises 0.02€ to 0.04€
GazouGazou folds
MathisKcr collected 0.06€ from pot
*** SUMMARY ***
Total pot 0.06€ | No rake
Seat 1: MathisKcr (small blind) won 0.06€


Winamax Poker - ESCAPE "Colorado" - HandId: #21996337-198837-1769764083 - Holdem no limit (0.01€/0.02€) - 2026/01/30 09:08:03 UTC
Table: 'Colorado' 6-max (real money) Seat #6 is the button
Seat 1: Nico9 Sept (2.87€)
Seat 2: Stiiv-Busto (2.06€)
Seat 3: T Y L E R (1.34€)
Seat 4: MathisKcr (0.61€)
Seat 5: GazouGazou (2.50€)
Seat 6: LORIS 07 (1.85€)
*** ANTE/BLINDS ***
Nico9 Sept posts small blind 0.01€
Stiiv-Busto posts big blind 0.02€
Dealt to MathisKcr [5h Kh]
*** PRE-FLOP *** 
T Y L E R raises 0.03€ to 0.05€
MathisKcr calls 0.05€
GazouGazou folds
LORIS 07 folds
Nico9 Sept folds
Stiiv-Busto folds
*** FLOP *** [4s Js Jc]
T Y L E R bets 0.03€
MathisKcr calls 0.03€
*** TURN *** [4s Js Jc][9h]
T Y L E R bets 0.06€
MathisKcr calls 0.06€
*** RIVER *** [4s Js Jc 9h][Ah]
T Y L E R checks
MathisKcr checks
*** SHOW DOWN ***
MathisKcr shows [5h Kh] (One pair : Jacks)
T Y L E R shows [3s 3c] (Two pairs : Jacks and 3)
T Y L E R collected 0.28€ from pot
*** SUMMARY ***
Total pot 0.28€ | Rake 0.03€
Board: [4s Js Jc 9h Ah]
Seat 3: T Y L E R showed [3s 3c] and won 0.28€ with Two pairs : Jacks and 3
Seat 4: MathisKcr showed [5h Kh] and lost with One pair : Jacks


Winamax Poker - ESCAPE "Colorado" - HandId: #21996337-198856-1769764107 - Holdem no limit (0.01€/0.02€) - 2026/01/30 09:08:27 UTC
Table: 'Colorado' 6-max (real money) Seat #6 is the button
Seat 1: Tarzan9599 (1.17€)
Seat 2: carloslova (2.30€)
Seat 3: MathisKcr (0.47€)
Seat 4: phileduc (0.50€)
Seat 5: Stiiv-Busto (2€)
Seat 6: T Y L E R (1.48€)
*** ANTE/BLINDS ***
Tarzan9599 posts small blind 0.01€
carloslova posts big blind 0.02€
Dealt to MathisKcr [7s 5d]
*** PRE-FLOP *** 
MathisKcr folds
phileduc folds
Stiiv-Busto folds
T Y L E R raises 0.03€ to 0.05€
Tarzan9599 folds
carloslova folds
T Y L E R collected 0.08€ from pot
*** SUMMARY ***
Total pot 0.08€ | No rake
Seat 6: T Y L E R (button) won 0.08€


Winamax Poker - ESCAPE "Colorado" - HandId: #21996337-198859-1769764113 - Holdem no limit (0.01€/0.02€) - 2026/01/30 09:08:33 UTC
Table: 'Colorado' 6-max (real money) Seat #6 is the button
Seat 1: Stiiv-Busto (2€)
Seat 2: carloslova (2.50€)
Seat 3: YB-Warrior16 (0.26€)
Seat 4: Nico9 Sept (2.73€)
Seat 5: MathisKcr (0.47€)
Seat 6: slyou26 (2.38€)
*** ANTE/BLINDS ***
Stiiv-Busto posts small blind 0.01€
carloslova posts big blind 0.02€
Dealt to MathisKcr [Js Qd]
*** PRE-FLOP *** 
YB-Warrior16 folds
Nico9 Sept folds
MathisKcr raises 0.02€ to 0.04€
slyou26 folds
Stiiv-Busto folds
carloslova folds
MathisKcr collected 0.07€ from pot
*** SUMMARY ***
Total pot 0.07€ | No rake
Seat 5: MathisKcr won 0.07€


Winamax Poker - ESCAPE "Colorado" - HandId: #21996337-198876-1769764145 - Holdem no limit (0.01€/0.02€) - 2026/01/30 09:09:05 UTC
Table: 'Colorado' 6-max (real money) Seat #6 is the button
Seat 1: GazouGazou (3.04€)
Seat 2: Stiiv-Busto (2€)
Seat 3: mocosou (2.24€)
Seat 4: jumox30 (1.23€)
Seat 5: LaSerena (1.59€)
Seat 6: MathisKcr (0.50€)
*** ANTE/BLINDS ***
GazouGazou posts small blind 0.01€
Stiiv-Busto posts big blind 0.02€
Dealt to MathisKcr [Ah Kh]
*** PRE-FLOP *** 
mocosou folds
jumox30 folds
LaSerena folds
MathisKcr raises 0.02€ to 0.04€
GazouGazou folds
Stiiv-Busto folds
MathisKcr collected 0.07€ from pot
*** SUMMARY ***
Total pot 0.07€ | No rake
Seat 6: MathisKcr (button) won 0.07€


Winamax Poker - ESCAPE "Colorado" - HandId: #21996337-198882-1769764161 - Holdem no limit (0.01€/0.02€) - 2026/01/30 09:09:21 UTC
Table: 'Colorado' 6-max (real money) Seat #6 is the button
Seat 1: Stiiv-Busto (2€)
Seat 2: chloe33. (2.05€)
Seat 3: Lanto1792 (3.57€)
Seat 4: GazouGazou (3.03€)
Seat 5: MathisKcr (0.53€)
Seat 6: mocosou (2.03€)
*** ANTE/BLINDS ***
Stiiv-Busto posts small blind 0.01€
chloe33. posts big blind 0.02€
Dealt to MathisKcr [Jh Qc]
*** PRE-FLOP *** 
Lanto1792 folds
GazouGazou folds
MathisKcr raises 0.02€ to 0.04€
mocosou raises 0.08€ to 0.12€
Stiiv-Busto folds
chloe33. folds
MathisKcr raises 0.41€ to 0.53€ and is all-in
mocosou folds
MathisKcr collected 0.68€ from pot
*** SUMMARY ***
Total pot 0.68€ | No rake
Seat 5: MathisKcr won 0.68€


Winamax Poker - ESCAPE "Colorado" - HandId: #21996337-198895-1769764192 - Holdem no limit (0.01€/0.02€) - 2026/01/30 09:09:52 UTC
Table: 'Colorado' 6-max (real money) Seat #6 is the button
Seat 1: MathisKcr (0.68€)
Seat 2: muespachois1 (1.36€)
Seat 3: nanass25440 (1.93€)
Seat 4: G-UN-BO-JEU (1.51€)
Seat 5: Stiiv-Busto (2€)
Seat 6: mocosou (2€)
*** ANTE/BLINDS ***
MathisKcr posts small blind 0.01€
muespachois1 posts big blind 0.02€
Dealt to MathisKcr [Ad Kc]
*** PRE-FLOP *** 
nanass25440 folds
G-UN-BO-JEU folds
Stiiv-Busto folds
mocosou raises 0.03€ to 0.05€
MathisKcr calls 0.04€
muespachois1 folds
*** FLOP *** [6h 9s Kd]
MathisKcr checks
mocosou checks
*** TURN *** [6h 9s Kd][5h]
MathisKcr bets 0.06€
mocosou folds
MathisKcr collected 0.17€ from pot
*** SUMMARY ***
Total pot 0.17€ | Rake 0.01€
Board: [6h 9s Kd 5h]
Seat 1: MathisKcr (small blind) won 0.17€


Winamax Poker - ESCAPE "Colorado" - HandId: #21996337-198910-1769764223 - Holdem no limit (0.01€/0.02€) - 2026/01/30 09:10:23 UTC
Table: 'Colorado' 6-max (real money) Seat #6 is the button
Seat 1: LaSerena (1.57€)
Seat 2: carloslova (2.14€)
Seat 3: MathisKcr (0.74€)
Seat 4: 2PacEdge (2.40€)
Seat 5: G-UN-BO-JEU (1.51€)
Seat 6: GazouGazou (2.99€)
*** ANTE/BLINDS ***
LaSerena posts small blind 0.01€
carloslova posts big blind 0.02€
Dealt to MathisKcr [2c Ks]
*** PRE-FLOP *** 
MathisKcr folds
2PacEdge folds
G-UN-BO-JEU raises 0.03€ to 0.05€
GazouGazou folds
LaSerena folds
carloslova folds
G-UN-BO-JEU collected 0.08€ from pot
*** SUMMARY ***
Total pot 0.08€ | No rake
Seat 5: G-UN-BO-JEU won 0.08€


Winamax Poker - ESCAPE "Colorado" - HandId: #21996337-198912-1769764228 - Holdem no limit (0.01€/0.02€) - 2026/01/30 09:10:28 UTC
Table: 'Colorado' 6-max (real money) Seat #6 is the button
Seat 1: SBVM7 (0.67€)
Seat 2: MathisKcr (0.74€)
Seat 3: 2PacEdge (2.40€)
Seat 4: carloslova (2.96€)
Seat 5: GazouGazou (2.99€)
Seat 6: muespachois1 (1.31€)
*** ANTE/BLINDS ***
SBVM7 posts small blind 0.01€
MathisKcr posts big blind 0.02€
Dealt to MathisKcr [Ah 8s]
*** PRE-FLOP *** 
2PacEdge raises 0.03€ to 0.05€
carloslova folds
GazouGazou folds
muespachois1 calls 0.05€
SBVM7 folds
MathisKcr calls 0.03€
*** FLOP *** [As 7c Jh]
MathisKcr bets 0.06€
2PacEdge folds
muespachois1 calls 0.06€
*** TURN *** [As 7c Jh][Ac]
MathisKcr bets 0.10€
muespachois1 folds
MathisKcr collected 0.35€ from pot
*** SUMMARY ***
Total pot 0.35€ | Rake 0.03€
Board: [As 7c Jh Ac]
Seat 2: MathisKcr (big blind) won 0.35€


Winamax Poker - ESCAPE "Colorado" - HandId: #21996337-198929-1769764259 - Holdem no limit (0.01€/0.02€) - 2026/01/30 09:10:59 UTC
Table: 'Colorado' 6-max (real money) Seat #6 is the button
Seat 1: Tarzan9599 (1.09€)
Seat 2: Stiiv-Busto (2€)
Seat 3: muespachois1 (1.20€)
Seat 4: SBVM7 (0.69€)
Seat 5: MathisKcr (0.88€)
Seat 6: chloe33. (2€)
*** ANTE/BLINDS ***
Tarzan9599 posts small blind 0.01€
Stiiv-Busto posts big blind 0.02€
Dealt to MathisKcr [Ac 4s]
*** PRE-FLOP *** 
muespachois1 raises 0.05€ to 0.07€
SBVM7 folds
MathisKcr calls 0.07€
chloe33. folds
Tarzan9599 folds
Stiiv-Busto calls 0.05€
*** FLOP *** [Qh 9d Qc]
Stiiv-Busto checks
muespachois1 checks
MathisKcr bets 0.04€
Stiiv-Busto calls 0.04€
muespachois1 folds
*** TURN *** [Qh 9d Qc][Jc]
Stiiv-Busto checks
MathisKcr checks
*** RIVER *** [Qh 9d Qc Jc][7s]
Stiiv-Busto bets 0.30€
MathisKcr calls 0.30€
*** SHOW DOWN ***
MathisKcr shows [Ac 4s] (One pair : Queens)
Stiiv-Busto shows [Th Qd] (Trips of Queens)
Stiiv-Busto collected 0.81€ from pot
*** SUMMARY ***
Total pot 0.81€ | Rake 0.09€
Board: [Qh 9d Qc Jc 7s]
Seat 2: Stiiv-Busto (big blind) showed [Th Qd] and won 0.81€ with Trips of Queens
Seat 5: MathisKcr showed [Ac 4s] and lost with One pair : Queens


Winamax Poker - ESCAPE "Colorado" - HandId: #21996337-198965-1769764317 - Holdem no limit (0.01€/0.02€) - 2026/01/30 09:11:57 UTC
Table: 'Colorado' 6-max (real money) Seat #6 is the button
Seat 1: 2PacEdge (2.46€)
Seat 2: GGdeSuresnes (1.84€)
Seat 3: carloslova (3.30€)
Seat 4: MathisKcr (0.47€)
Seat 5: Adem37 (4.52€)
Seat 6: hello7585 (1.93€)
*** ANTE/BLINDS ***
2PacEdge posts small blind 0.01€
GGdeSuresnes posts big blind 0.02€
Dealt to MathisKcr [2s 6d]
*** PRE-FLOP *** 
carloslova folds
MathisKcr folds
Adem37 raises 0.04€ to 0.06€
hello7585 folds
2PacEdge folds
GGdeSuresnes folds
Adem37 collected 0.09€ from pot
*** SUMMARY ***
Total pot 0.09€ | No rake
Seat 5: Adem37 won 0.09€


Winamax Poker - ESCAPE "Colorado" - HandId: #21996337-198963-1769764314 - Holdem no limit (0.01€/0.02€) - 2026/01/30 09:11:54 UTC
Table: 'Colorado' 6-max (real money) Seat #6 is the button
Seat 1: carloslova (3.31€)
Seat 2: Tarzan9599 (1.16€)
Seat 3: mocosou (3.91€)
Seat 4: MathisKcr (0.47€)
Seat 5: hello7585 (1.93€)
Seat 6: Pokeriste698 (1.16€)
*** ANTE/BLINDS ***
carloslova posts small blind 0.01€
Tarzan9599 posts big blind 0.02€
Dealt to MathisKcr [6c Tc]
*** PRE-FLOP *** 
mocosou raises 0.03€ to 0.05€
MathisKcr folds
hello7585 folds
Pokeriste698 folds
carloslova folds
Tarzan9599 calls 0.03€
*** FLOP *** [9c 4h 6s]
Tarzan9599 checks
mocosou checks
*** TURN *** [9c 4h 6s][7s]
Tarzan9599 bets 0.02€
mocosou calls 0.02€
*** RIVER *** [9c 4h 6s 7s][5c]
Tarzan9599 checks
mocosou bets 0.23€
Tarzan9599 folds
mocosou collected 0.36€ from pot
*** SUMMARY ***
Total pot 0.36€ | Rake 0.02€
Board: [9c 4h 6s 7s 5c]
Seat 3: mocosou won 0.36€


Winamax Poker - ESCAPE "Colorado" - HandId: #21996337-198972-1769764328 - Holdem no limit (0.01€/0.02€) - 2026/01/30 09:12:08 UTC
Table: 'Colorado' 6-max (real money) Seat #6 is the button
Seat 1: naif-Roi2236 (0.78€)
Seat 2: MathisKcr (0.47€)
Seat 3: LaSerena (1.34€)
Seat 4: mocosou (2.53€)
Seat 5: Saarian (2.03€)
Seat 6: 2PacEdge (5.72€)
*** ANTE/BLINDS ***
naif-Roi2236 posts small blind 0.01€
MathisKcr posts big blind 0.02€
Dealt to MathisKcr [5c 4d]
*** PRE-FLOP *** 
LaSerena folds
mocosou folds
Saarian folds
2PacEdge folds
naif-Roi2236 calls 0.01€
MathisKcr checks
*** FLOP *** [6c 5h Ad]
naif-Roi2236 checks
MathisKcr bets 0.04€
naif-Roi2236 folds
MathisKcr collected 0.08€ from pot
*** SUMMARY ***
Total pot 0.08€ | No rake
Board: [6c 5h Ad]
Seat 2: MathisKcr (big blind) won 0.08€


Winamax Poker - ESCAPE "Colorado" - HandId: #21996337-198969-1769764324 - Holdem no limit (0.01€/0.02€) - 2026/01/30 09:12:04 UTC
Table: 'Colorado' 6-max (real money) Seat #6 is the button
Seat 1: hello7585 (2.58€)
Seat 2: Jufran (2€)
Seat 3: naif-Roi2236 (0.78€)
Seat 4: carloslova (3.30€)
Seat 5: 2PacEdge (5.72€)
Seat 6: MathisKcr (0.47€)
*** ANTE/BLINDS ***
hello7585 posts small blind 0.01€
Jufran posts big blind 0.02€
Dealt to MathisKcr [6c 2s]
*** PRE-FLOP *** 
naif-Roi2236 folds
carloslova raises 0.02€ to 0.04€
2PacEdge folds
MathisKcr folds
hello7585 folds
Jufran calls 0.02€
*** FLOP *** [Jc 5d 9c]
Jufran checks
carloslova bets 0.03€
Jufran calls 0.03€
*** TURN *** [Jc 5d 9c][2c]
Jufran checks
carloslova bets 0.06€
Jufran calls 0.06€
*** RIVER *** [Jc 5d 9c 2c][Ah]
Jufran checks
carloslova checks
*** SHOW DOWN ***
Jufran shows [8c 9h] (One pair : 9)
carloslova shows [Ts Th] (One pair : Tens)
carloslova collected 0.24€ from pot
*** SUMMARY ***
Total pot 0.24€ | Rake 0.03€
Board: [Jc 5d 9c 2c Ah]
Seat 2: Jufran (big blind) showed [8c 9h] and lost with One pair : 9
Seat 4: carloslova showed [Ts Th] and won 0.24€ with One pair : Tens


Winamax Poker - ESCAPE "Colorado" - HandId: #21996337-198996-1769764372 - Holdem no limit (0.01€/0.02€) - 2026/01/30 09:12:52 UTC
Table: 'Colorado' 6-max (real money) Seat #6 is the button
Seat 1: Jufran (2€)
Seat 2: carloslova (2.28€)
Seat 3: MathisKcr (0.49€)
Seat 4: hello7585 (2.09€)
Seat 5: mocosou (2.48€)
Seat 6: Stiiv-Busto (2€)
*** ANTE/BLINDS ***
Jufran posts small blind 0.01€
carloslova posts big blind 0.02€
Dealt to MathisKcr [6h 8h]
*** PRE-FLOP *** 
MathisKcr calls 0.02€
hello7585 folds
mocosou folds
Stiiv-Busto folds
Jufran folds
carloslova checks
*** FLOP *** [Qd Jd Qc]
carloslova checks
MathisKcr checks
*** TURN *** [Qd Jd Qc][Qs]
carloslova checks
MathisKcr checks
*** RIVER *** [Qd Jd Qc Qs][8s]
carloslova checks
MathisKcr checks
*** SHOW DOWN ***
carloslova shows [Td 7d] (Trips of Queens)
MathisKcr shows [6h 8h] (Full of Queens and 8)
MathisKcr collected 0.04€ from pot
*** SUMMARY ***
Total pot 0.04€ | Rake 0.01€
Board: [Qd Jd Qc Qs 8s]
Seat 2: carloslova (big blind) showed [Td 7d] and lost with Trips of Queens
Seat 3: MathisKcr showed [6h 8h] and won 0.04€ with Full of Queens and 8


Winamax Poker - ESCAPE "Colorado" - HandId: #21996337-199025-1769764422 - Holdem no limit (0.01€/0.02€) - 2026/01/30 09:13:42 UTC
Table: 'Colorado' 6-max (real money) Seat #6 is the button
Seat 1: MathisKcr (0.51€)
Seat 2: Stiiv-Busto (2.03€)
Seat 3: 2PacEdge (2€)
Seat 4: carloslova (3.39€)
Seat 5: mocosou (2.09€)
Seat 6: hello7585 (2.06€)
*** ANTE/BLINDS ***
MathisKcr posts small blind 0.01€
Stiiv-Busto posts big blind 0.02€
Dealt to MathisKcr [9s 4h]
*** PRE-FLOP *** 
2PacEdge folds
carloslova folds
mocosou folds
hello7585 folds
MathisKcr calls 0.01€
Stiiv-Busto checks
*** FLOP *** [Ad 9d 2d]
MathisKcr bets 0.06€
Stiiv-Busto folds
MathisKcr collected 0.10€ from pot
*** SUMMARY ***
Total pot 0.10€ | No rake
Board: [Ad 9d 2d]
Seat 1: MathisKcr (small blind) won 0.10€


Winamax Poker - ESCAPE "Colorado" - HandId: #21996337-199037-1769764445 - Holdem no limit (0.01€/0.02€) - 2026/01/30 09:14:05 UTC
Table: 'Colorado' 6-max (real money) Seat #6 is the button
Seat 1: Stiiv-Busto (2.79€)
Seat 2: hello7585 (2.06€)
Seat 3: carloslova (3.02€)
Seat 4: muespachois1 (0.84€)
Seat 5: _Bazaam_ (2.75€)
Seat 6: MathisKcr (0.53€)
*** ANTE/BLINDS ***
Stiiv-Busto posts small blind 0.01€
hello7585 posts big blind 0.02€
Dealt to MathisKcr [Qd 9c]
*** PRE-FLOP *** 
carloslova folds
muespachois1 folds
_Bazaam_ folds
MathisKcr raises 0.02€ to 0.04€
Stiiv-Busto folds
hello7585 calls 0.02€
*** FLOP *** [5c Ts 3c]
hello7585 checks
MathisKcr bets 0.04€
hello7585 folds
MathisKcr collected 0.12€ from pot
*** SUMMARY ***
Total pot 0.12€ | Rake 0.01€
Board: [5c Ts 3c]
Seat 6: MathisKcr (button) won 0.12€


Winamax Poker - ESCAPE "Colorado" - HandId: #21996337-199051-1769764471 - Holdem no limit (0.01€/0.02€) - 2026/01/30 09:14:31 UTC
Table: 'Colorado' 6-max (real money) Seat #6 is the button
Seat 1: carloslova (2.25€)
Seat 2: 2PacEdge (5.41€)
Seat 3: CallMeKing (0.38€)
Seat 4: Acarien-2511 (3.03€)
Seat 5: MathisKcr (0.57€)
Seat 6: Aja18 (1.62€)
*** ANTE/BLINDS ***
carloslova posts small blind 0.01€
2PacEdge posts big blind 0.02€
Dealt to MathisKcr [5h 6s]
*** PRE-FLOP *** 
CallMeKing folds
Acarien-2511 folds
MathisKcr folds
Aja18 folds
carloslova folds
2PacEdge collected 0.03€ from pot
*** SUMMARY ***
Total pot 0.03€ | No rake
Seat 2: 2PacEdge (big blind) won 0.03€


Winamax Poker - ESCAPE "Colorado" - HandId: #21996337-199052-1769764475 - Holdem no limit (0.01€/0.02€) - 2026/01/30 09:14:35 UTC
Table: 'Colorado' 6-max (real money) Seat #6 is the button
Seat 1: MathisKcr (0.57€)
Seat 2: Picon bob (2.22€)
Seat 3: carloslova (3.39€)
Seat 4: Meurcier AC (2.64€)
Seat 5: Acarien-2511 (3.03€)
Seat 6: mocosou (2.45€)
*** ANTE/BLINDS ***
MathisKcr posts small blind 0.01€
Picon bob posts big blind 0.02€
Dealt to MathisKcr [7d As]
*** PRE-FLOP *** 
carloslova folds
Meurcier AC folds
Acarien-2511 raises 0.04€ to 0.06€
mocosou folds
MathisKcr calls 0.05€
Picon bob folds
*** FLOP *** [Th 7s 2h]
MathisKcr bets 0.07€
Acarien-2511 calls 0.07€
*** TURN *** [Th 7s 2h][Ah]
MathisKcr bets 0.10€
Acarien-2511 calls 0.10€
*** RIVER *** [Th 7s 2h Ah][Tc]
MathisKcr bets 0.17€
Acarien-2511 calls 0.17€
*** SHOW DOWN ***
Acarien-2511 shows [Jh Kd] (One pair : Tens)
MathisKcr shows [7d As] (Two pairs : Aces and Tens)
MathisKcr collected 0.74€ from pot
*** SUMMARY ***
Total pot 0.74€ | Rake 0.08€
Board: [Th 7s 2h Ah Tc]
Seat 1: MathisKcr (small blind) showed [7d As] and won 0.74€ with Two pairs : Aces and Tens
Seat 5: Acarien-2511 showed [Jh Kd] and lost with One pair : Tens


Winamax Poker - ESCAPE "Colorado" - HandId: #21996337-199102-1769764576 - Holdem no limit (0.01€/0.02€) - 2026/01/30 09:16:16 UTC
Table: 'Colorado' 6-max (real money) Seat #6 is the button
Seat 1: YB-Warrior16 (0.35€)
Seat 2: As-tu mieux (2€)
Seat 3: MathisKcr (0.91€)
Seat 4: Saarian (2€)
Seat 5: nanass25440 (1.77€)
Seat 6: Acarien-2511 (2.63€)
*** ANTE/BLINDS ***
YB-Warrior16 posts small blind 0.01€
As-tu mieux posts big blind 0.02€
Dealt to MathisKcr [Ad 3s]
*** PRE-FLOP *** 
MathisKcr raises 0.02€ to 0.04€
Saarian folds
nanass25440 folds
Acarien-2511 calls 0.04€
YB-Warrior16 folds
As-tu mieux calls 0.02€
*** FLOP *** [Kh 5c 7c]
As-tu mieux checks
MathisKcr bets 0.04€
Acarien-2511 calls 0.04€
As-tu mieux folds
*** TURN *** [Kh 5c 7c][6c]
MathisKcr checks
Acarien-2511 bets 0.07€
MathisKcr folds
Acarien-2511 collected 0.26€ from pot
*** SUMMARY ***
Total pot 0.26€ | Rake 0.02€
Board: [Kh 5c 7c 6c]
Seat 6: Acarien-2511 (button) won 0.26€


Winamax Poker - ESCAPE "Colorado" - HandId: #21996337-199141-1769764642 - Holdem no limit (0.01€/0.02€) - 2026/01/30 09:17:22 UTC
Table: 'Colorado' 6-max (real money) Seat #6 is the button
Seat 1: loopinggg (0.56€)
Seat 2: MathisKcr (0.83€)
Seat 3: Napridopazo (1.97€)
Seat 4: _Bazaam_ (2.10€)
Seat 5: Jufran (2.31€)
Seat 6: mocosou (2€)
*** ANTE/BLINDS ***
loopinggg posts small blind 0.01€
MathisKcr posts big blind 0.02€
Dealt to MathisKcr [Ah 3c]
*** PRE-FLOP *** 
Napridopazo folds
_Bazaam_ folds
Jufran folds
mocosou folds
loopinggg folds
MathisKcr collected 0.03€ from pot
*** SUMMARY ***
Total pot 0.03€ | No rake
Seat 2: MathisKcr (big blind) won 0.03€


Winamax Poker - ESCAPE "Colorado" - HandId: #21996337-199151-1769764660 - Holdem no limit (0.01€/0.02€) - 2026/01/30 09:17:40 UTC
Table: 'Colorado' 6-max (real money) Seat #6 is the button
Seat 1: nanass25440 (2.98€)
Seat 2: Saarian (2.02€)
Seat 3: Mukkell (2€)
Seat 4: MathisKcr (0.84€)
Seat 5: hello7585 (1.81€)
Seat 6: LORIS 07 (1.87€)
Escape to Pot: total 0.10€
*** ANTE/BLINDS ***
nanass25440 posts small blind 0.01€
Saarian posts big blind 0.02€
Dealt to MathisKcr [4h Kh]
*** PRE-FLOP *** 
Mukkell folds
MathisKcr raises 0.08€ to 0.10€
hello7585 folds
LORIS 07 folds
nanass25440 calls 0.09€
Saarian calls 0.08€
*** FLOP *** [9c 4s 8h]
nanass25440 checks
Saarian checks
MathisKcr bets 0.26€
nanass25440 folds
Saarian folds
MathisKcr collected 0.63€ from pot
*** SUMMARY ***
Total pot 0.63€ | Rake 0.03€
Board: [9c 4s 8h]
Seat 4: MathisKcr won 0.63€


Winamax Poker - ESCAPE "Colorado" - HandId: #21996337-199173-1769764706 - Holdem no limit (0.01€/0.02€) - 2026/01/30 09:18:26 UTC
Table: 'Colorado' 6-max (real money) Seat #6 is the button
Seat 1: Jufran (2.34€)
Seat 2: 2PacEdge (5.36€)
Seat 3: carloslova (3€)
Seat 4: hello7585 (2.41€)
Seat 5: Saarian (2€)
Seat 6: MathisKcr (1.11€)
*** ANTE/BLINDS ***
Jufran posts small blind 0.01€
2PacEdge posts big blind 0.02€
Dealt to MathisKcr [Qd 3h]
*** PRE-FLOP *** 
carloslova folds
hello7585 folds
Saarian raises 0.04€ to 0.06€
MathisKcr folds
Jufran folds
2PacEdge folds
Saarian collected 0.09€ from pot
*** SUMMARY ***
Total pot 0.09€ | No rake
Seat 5: Saarian won 0.09€


Winamax Poker - ESCAPE "Colorado" - HandId: #21996337-199175-1769764709 - Holdem no limit (0.01€/0.02€) - 2026/01/30 09:18:29 UTC
Table: 'Colorado' 6-max (real money) Seat #6 is the button
Seat 1: carloslova (3€)
Seat 2: loopinggg (0.56€)
Seat 3: MathisKcr (1.11€)
Seat 4: mocosou (2.27€)
Seat 5: hello7585 (2.41€)
Seat 6: Txurieh (0.57€)
*** ANTE/BLINDS ***
carloslova posts small blind 0.01€
loopinggg posts big blind 0.02€
Dealt to MathisKcr [Th Js]
*** PRE-FLOP *** 
MathisKcr raises 0.02€ to 0.04€
mocosou folds
hello7585 folds
Txurieh folds
carloslova raises 0.10€ to 0.14€
loopinggg folds
MathisKcr calls 0.10€
*** FLOP *** [3c 7h 5c]
carloslova bets 0.11€
MathisKcr calls 0.11€
*** TURN *** [3c 7h 5c][6d]
carloslova bets 2.75€ and is all-in
MathisKcr folds
carloslova collected 3.22€ from pot
*** SUMMARY ***
Total pot 3.22€ | Rake 0.05€
Board: [3c 7h 5c 6d]
Seat 1: carloslova (small blind) won 3.22€


Winamax Poker - ESCAPE "Colorado" - HandId: #21996337-199195-1769764747 - Holdem no limit (0.01€/0.02€) - 2026/01/30 09:19:07 UTC
Table: 'Colorado' 6-max (real money) Seat #6 is the button
Seat 1: Stiiv-Busto (2.01€)
Seat 2: hello7585 (2.13€)
Seat 3: LaSerena (1.64€)
Seat 4: 2PacEdge (3.64€)
Seat 5: MathisKcr (0.86€)
Seat 6: GazouGazou (4.31€)
*** ANTE/BLINDS ***
Stiiv-Busto posts small blind 0.01€
hello7585 posts big blind 0.02€
Dealt to MathisKcr [Jd Qs]
*** PRE-FLOP *** 
LaSerena folds
2PacEdge folds
MathisKcr raises 0.02€ to 0.04€
GazouGazou folds
Stiiv-Busto folds
hello7585 folds
MathisKcr collected 0.07€ from pot
*** SUMMARY ***
Total pot 0.07€ | No rake
Seat 5: MathisKcr won 0.07€


Winamax Poker - ESCAPE "Colorado" - HandId: #21996337-199209-1769764768 - Holdem no limit (0.01€/0.02€) - 2026/01/30 09:19:28 UTC
Table: 'Colorado' 6-max (real money) Seat #6 is the button
Seat 1: hello7585 (2.11€)
Seat 2: mocosou (2.24€)
Seat 3: Txurieh (0.67€)
Seat 4: MathisKcr (0.89€)
Seat 5: Stiiv-Busto (2.79€)
Seat 6: 2PacEdge (3.71€)
*** ANTE/BLINDS ***
hello7585 posts small blind 0.01€
mocosou posts big blind 0.02€
Dealt to MathisKcr [2c Jh]
*** PRE-FLOP *** 
Txurieh raises 0.02€ to 0.04€
MathisKcr folds
Stiiv-Busto folds
2PacEdge folds
hello7585 folds
mocosou folds
Txurieh collected 0.07€ from pot
*** SUMMARY ***
Total pot 0.07€ | No rake
Seat 3: Txurieh won 0.07€


Winamax Poker - ESCAPE "Colorado" - HandId: #21996337-199215-1769764777 - Holdem no limit (0.01€/0.02€) - 2026/01/30 09:19:37 UTC
Table: 'Colorado' 6-max (real money) Seat #6 is the button
Seat 1: nanass25440 (1.76€)
Seat 2: MathisKcr (0.89€)
Seat 3: IniKamoze (2.35€)
Seat 4: Stiiv-Busto (2.20€)
Seat 5: -HAT TRICK- (2.18€)
Seat 6: Saarian (2€)
*** ANTE/BLINDS ***
nanass25440 posts small blind 0.01€
MathisKcr posts big blind 0.02€
Dealt to MathisKcr [6d Qc]
*** PRE-FLOP *** 
IniKamoze folds
Stiiv-Busto folds
-HAT TRICK- folds
Saarian raises 0.04€ to 0.06€
nanass25440 calls 0.05€
MathisKcr calls 0.04€
*** FLOP *** [2d 3c Jd]
nanass25440 checks
MathisKcr checks
Saarian bets 0.09€
nanass25440 folds
MathisKcr folds
Saarian collected 0.25€ from pot
*** SUMMARY ***
Total pot 0.25€ | Rake 0.02€
Board: [2d 3c Jd]
Seat 6: Saarian (button) won 0.25€


Winamax Poker - ESCAPE "Colorado" - HandId: #21996337-199234-1769764811 - Holdem no limit (0.01€/0.02€) - 2026/01/30 09:20:11 UTC
Table: 'Colorado' 6-max (real money) Seat #6 is the button
Seat 1: MathisKcr (0.83€)
Seat 2: carloslova (3.10€)
Seat 3: IniKamoze (2€)
Seat 4: GazouGazou (4.35€)
Seat 5: 2PacEdge (3.66€)
Seat 6: G-UN-BO-JEU (1.18€)
*** ANTE/BLINDS ***
MathisKcr posts small blind 0.01€
carloslova posts big blind 0.02€
Dealt to MathisKcr [3d Ad]
*** PRE-FLOP *** 
IniKamoze folds
GazouGazou folds
2PacEdge folds
G-UN-BO-JEU calls 0.02€
MathisKcr raises 0.02€ to 0.04€
carloslova calls 0.02€
G-UN-BO-JEU calls 0.02€
*** FLOP *** [5d 2h 5s]
MathisKcr bets 0.06€
carloslova folds
G-UN-BO-JEU calls 0.06€
*** TURN *** [5d 2h 5s][4d]
MathisKcr bets 0.08€
G-UN-BO-JEU raises 0.40€ to 0.48€
MathisKcr raises 0.25€ to 0.73€ and is all-in
G-UN-BO-JEU calls 0.25€
*** RIVER *** [5d 2h 5s 4d][6s]
*** SHOW DOWN ***
MathisKcr shows [3d Ad] (Straight 6 high)
G-UN-BO-JEU shows [2c 2s] (Full of 2 and 5)
G-UN-BO-JEU collected 1.53€ from pot
*** SUMMARY ***
Total pot 1.53€ | Rake 0.17€
Board: [5d 2h 5s 4d 6s]
Seat 1: MathisKcr (small blind) showed [3d Ad] and lost with Straight 6 high
Seat 6: G-UN-BO-JEU (button) showed [2c 2s] and won 1.53€ with Full of 2 and 5


