Winamax Poker - Tournament "Expresso Nitro" buyIn: 0.93€ + 0.07€ level: 1 - HandId: #4672327151305883649-1-1774946012 - Holdem no limit (10/20) - 2026/03/31 08:33:32 UTC
Table: 'Expresso Nitro(1087860938)#0' 3-max (real money) Seat #3 is the button
Seat 1: MathisKcr (300)
Seat 2: FaKzEwww (300)
Seat 3: ThibaudWS (300)
*** ANTE/BLINDS ***
MathisKcr posts small blind 10
FaKzEwww posts big blind 20
Dealt to MathisKcr [7h 8s]
*** PRE-FLOP *** 
ThibaudWS folds
MathisKcr folds
FaKzEwww collected 30 from pot
*** SUMMARY ***
Total pot 30 | No rake
Seat 2: FaKzEwww (big blind) won 30


Winamax Poker - Tournament "Expresso Nitro" buyIn: 0.93€ + 0.07€ level: 1 - HandId: #4672327151305883649-2-1774946019 - Holdem no limit (10/20) - 2026/03/31 08:33:39 UTC
Table: 'Expresso Nitro(1087860938)#0' 3-max (real money) Seat #1 is the button
Seat 1: MathisKcr (290)
Seat 2: FaKzEwww (310)
Seat 3: ThibaudWS (300)
*** ANTE/BLINDS ***
FaKzEwww posts small blind 10
ThibaudWS posts big blind 20
Dealt to MathisKcr [Kc 3h]
*** PRE-FLOP *** 
MathisKcr raises 20 to 40
FaKzEwww folds
ThibaudWS folds
MathisKcr collected 70 from pot
*** SUMMARY ***
Total pot 70 | No rake
Seat 1: MathisKcr (button) won 70


Winamax Poker - Tournament "Expresso Nitro" buyIn: 0.93€ + 0.07€ level: 1 - HandId: #4672327151305883649-3-1774946027 - Holdem no limit (10/20) - 2026/03/31 08:33:47 UTC
Table: 'Expresso Nitro(1087860938)#0' 3-max (real money) Seat #2 is the button
Seat 1: MathisKcr (320)
Seat 2: FaKzEwww (300)
Seat 3: ThibaudWS (280)
*** ANTE/BLINDS ***
ThibaudWS posts small blind 10
MathisKcr posts big blind 20
Dealt to MathisKcr [9d 3c]
*** PRE-FLOP *** 
FaKzEwww folds
ThibaudWS calls 10
MathisKcr checks
*** FLOP *** [9c Qc 7h]
ThibaudWS checks
MathisKcr bets 26
ThibaudWS calls 26
*** TURN *** [9c Qc 7h][6d]
ThibaudWS checks
MathisKcr checks
*** RIVER *** [9c Qc 7h 6d][7c]
ThibaudWS checks
MathisKcr checks
*** SHOW DOWN ***
ThibaudWS shows [Td 2h] (One pair : 7)
MathisKcr shows [9d 3c] (Two pairs : 9 and 7)
MathisKcr collected 92 from pot
*** SUMMARY ***
Total pot 92 | No rake
Board: [9c Qc 7h 6d 7c]
Seat 1: MathisKcr (big blind) showed [9d 3c] and won 92 with Two pairs : 9 and 7
Seat 3: ThibaudWS (small blind) showed [Td 2h] and lost with One pair : 7


Winamax Poker - Tournament "Expresso Nitro" buyIn: 0.93€ + 0.07€ level: 1 - HandId: #4672327151305883649-4-1774946055 - Holdem no limit (10/20) - 2026/03/31 08:34:15 UTC
Table: 'Expresso Nitro(1087860938)#0' 3-max (real money) Seat #3 is the button
Seat 1: MathisKcr (366)
Seat 2: FaKzEwww (300)
Seat 3: ThibaudWS (234)
*** ANTE/BLINDS ***
MathisKcr posts small blind 10
FaKzEwww posts big blind 20
Dealt to MathisKcr [3c 9d]
*** PRE-FLOP *** 
ThibaudWS calls 20
MathisKcr folds
FaKzEwww checks
*** FLOP *** [Td 9s 4h]
FaKzEwww checks
ThibaudWS bets 214 and is all-in
FaKzEwww folds
ThibaudWS collected 264 from pot
*** SUMMARY ***
Total pot 264 | No rake
Board: [Td 9s 4h]
Seat 3: ThibaudWS (button) won 264


Winamax Poker - Tournament "Expresso Nitro" buyIn: 0.93€ + 0.07€ level: 2 - HandId: #4672327151305883649-5-1774946075 - Holdem no limit (15/30) - 2026/03/31 08:34:35 UTC
Table: 'Expresso Nitro(1087860938)#0' 3-max (real money) Seat #1 is the button
Seat 1: MathisKcr (356)
Seat 2: FaKzEwww (280)
Seat 3: ThibaudWS (264)
*** ANTE/BLINDS ***
FaKzEwww posts small blind 15
ThibaudWS posts big blind 30
Dealt to MathisKcr [4d Ah]
*** PRE-FLOP *** 
MathisKcr raises 30 to 60
FaKzEwww calls 45
ThibaudWS calls 30
*** FLOP *** [9h Kd 8d]
FaKzEwww bets 45
ThibaudWS calls 45
MathisKcr folds
*** TURN *** [9h Kd 8d][2h]
FaKzEwww bets 175 and is all-in
ThibaudWS calls 159 and is all-in
*** RIVER *** [9h Kd 8d 2h][4h]
*** SHOW DOWN ***
ThibaudWS shows [9s Jc] (One pair : 9)
FaKzEwww shows [Kc Ts] (One pair : Kings)
FaKzEwww collected 604 from pot
*** SUMMARY ***
Total pot 604 | No rake
Board: [9h Kd 8d 2h 4h]
Seat 2: FaKzEwww (small blind) showed [Kc Ts] and won 604 with One pair : Kings
Seat 3: ThibaudWS (big blind) showed [9s Jc] and lost with One pair : 9


Winamax Poker - Tournament "Expresso Nitro" buyIn: 0.93€ + 0.07€ level: 3 - HandId: #4672327151305883649-6-1774946132 - Holdem no limit (20/40) - 2026/03/31 08:35:32 UTC
Table: 'Expresso Nitro(1087860938)#0' 3-max (real money) Seat #1 is the button
Seat 1: MathisKcr (296)
Seat 2: FaKzEwww (604)
*** ANTE/BLINDS ***
MathisKcr posts small blind 20
FaKzEwww posts big blind 40
Dealt to MathisKcr [5c 2h]
*** PRE-FLOP *** 
MathisKcr folds
FaKzEwww collected 60 from pot
*** SUMMARY ***
Total pot 60 | No rake
Seat 2: FaKzEwww (big blind) won 60


Winamax Poker - Tournament "Expresso Nitro" buyIn: 0.93€ + 0.07€ level: 3 - HandId: #4672327151305883649-7-1774946138 - Holdem no limit (20/40) - 2026/03/31 08:35:38 UTC
Table: 'Expresso Nitro(1087860938)#0' 3-max (real money) Seat #2 is the button
Seat 1: MathisKcr (276)
Seat 2: FaKzEwww (624)
*** ANTE/BLINDS ***
FaKzEwww posts small blind 20
MathisKcr posts big blind 40
Dealt to MathisKcr [Ts 5h]
*** PRE-FLOP *** 
FaKzEwww raises 584 to 624 and is all-in
MathisKcr folds
FaKzEwww collected 664 from pot
*** SUMMARY ***
Total pot 664 | No rake
Seat 2: FaKzEwww (small blind) (button) won 664


Winamax Poker - Tournament "Expresso Nitro" buyIn: 0.93€ + 0.07€ level: 3 - HandId: #4672327151305883649-8-1774946143 - Holdem no limit (20/40) - 2026/03/31 08:35:43 UTC
Table: 'Expresso Nitro(1087860938)#0' 3-max (real money) Seat #1 is the button
Seat 1: MathisKcr (236)
Seat 2: FaKzEwww (664)
*** ANTE/BLINDS ***
MathisKcr posts small blind 20
FaKzEwww posts big blind 40
Dealt to MathisKcr [7d 5d]
*** PRE-FLOP *** 
MathisKcr folds
FaKzEwww collected 60 from pot
*** SUMMARY ***
Total pot 60 | No rake
Seat 2: FaKzEwww (big blind) won 60


Winamax Poker - Tournament "Expresso Nitro" buyIn: 0.93€ + 0.07€ level: 3 - HandId: #4672327151305883649-9-1774946148 - Holdem no limit (20/40) - 2026/03/31 08:35:48 UTC
Table: 'Expresso Nitro(1087860938)#0' 3-max (real money) Seat #2 is the button
Seat 1: MathisKcr (216)
Seat 2: FaKzEwww (684)
*** ANTE/BLINDS ***
FaKzEwww posts small blind 20
MathisKcr posts big blind 40
Dealt to MathisKcr [5d 8d]
*** PRE-FLOP *** 
FaKzEwww raises 644 to 684 and is all-in
MathisKcr folds
FaKzEwww collected 724 from pot
*** SUMMARY ***
Total pot 724 | No rake
Seat 2: FaKzEwww (small blind) (button) won 724


Winamax Poker - Tournament "Expresso Nitro" buyIn: 0.93€ + 0.07€ level: 3 - HandId: #4672327151305883649-10-1774946154 - Holdem no limit (20/40) - 2026/03/31 08:35:54 UTC
Table: 'Expresso Nitro(1087860938)#0' 3-max (real money) Seat #1 is the button
Seat 1: MathisKcr (176)
Seat 2: FaKzEwww (724)
*** ANTE/BLINDS ***
MathisKcr posts small blind 20
FaKzEwww posts big blind 40
Dealt to MathisKcr [3h 5d]
*** PRE-FLOP *** 
MathisKcr folds
FaKzEwww collected 60 from pot
*** SUMMARY ***
Total pot 60 | No rake
Seat 2: FaKzEwww (big blind) won 60


Winamax Poker - Tournament "Expresso Nitro" buyIn: 0.93€ + 0.07€ level: 3 - HandId: #4672327151305883649-11-1774946158 - Holdem no limit (20/40) - 2026/03/31 08:35:58 UTC
Table: 'Expresso Nitro(1087860938)#0' 3-max (real money) Seat #2 is the button
Seat 1: MathisKcr (156)
Seat 2: FaKzEwww (744)
*** ANTE/BLINDS ***
FaKzEwww posts small blind 20
MathisKcr posts big blind 40
Dealt to MathisKcr [5s 8h]
*** PRE-FLOP *** 
FaKzEwww raises 704 to 744 and is all-in
MathisKcr folds
FaKzEwww collected 784 from pot
*** SUMMARY ***
Total pot 784 | No rake
Seat 2: FaKzEwww (small blind) (button) won 784


Winamax Poker - Tournament "Expresso Nitro" buyIn: 0.93€ + 0.07€ level: 3 - HandId: #4672327151305883649-12-1774946165 - Holdem no limit (20/40) - 2026/03/31 08:36:05 UTC
Table: 'Expresso Nitro(1087860938)#0' 3-max (real money) Seat #1 is the button
Seat 1: MathisKcr (116)
Seat 2: FaKzEwww (784)
*** ANTE/BLINDS ***
MathisKcr posts small blind 20
FaKzEwww posts big blind 40
Dealt to MathisKcr [Jd Qs]
*** PRE-FLOP *** 
MathisKcr raises 76 to 116 and is all-in
FaKzEwww raises 668 to 784 and is all-in
*** FLOP *** [9s 3d 8c]
*** TURN *** [9s 3d 8c][2c]
*** RIVER *** [9s 3d 8c 2c][4c]
*** SHOW DOWN ***
MathisKcr shows [Jd Qs] (High card : Queen)
FaKzEwww shows [4h Ad] (One pair : 4)
FaKzEwww collected 900 from pot
*** SUMMARY ***
Total pot 900 | No rake
Board: [9s 3d 8c 2c 4c]
Seat 1: MathisKcr (small blind) (button) showed [Jd Qs] and lost with High card : Queen
Seat 2: FaKzEwww (big blind) showed [4h Ad] and won 900 with One pair : 4


