Winamax Poker - Tournament "Expresso Nitro" buyIn: 0.93€ + 0.07€ level: 1 - HandId: #4675188140690898945-1-1775054073 - Holdem no limit (10/20) - 2026/04/01 14:34:33 UTC
Table: 'Expresso Nitro(1088527064)#0' 3-max (real money) Seat #3 is the button
Seat 1: MathisKcr (300)
Seat 2: gobishbcn13 (300)
Seat 3: El_Fumier (300)
*** ANTE/BLINDS ***
MathisKcr posts small blind 10
gobishbcn13 posts big blind 20
Dealt to MathisKcr [Kd As]
*** PRE-FLOP *** 
El_Fumier raises 280 to 300 and is all-in
MathisKcr calls 290 and is all-in
gobishbcn13 calls 280 and is all-in
*** FLOP *** [7h 2d 4d]
*** TURN *** [7h 2d 4d][Tc]
*** RIVER *** [7h 2d 4d Tc][9c]
*** SHOW DOWN ***
MathisKcr shows [Kd As] (High card : Ace)
gobishbcn13 shows [Qs Kh] (High card : King)
El_Fumier shows [8s 8d] (One pair : 8)
El_Fumier collected 900 from pot
*** SUMMARY ***
Total pot 900 | No rake
Board: [7h 2d 4d Tc 9c]
Seat 1: MathisKcr (small blind) showed [Kd As] and lost with High card : Ace
Seat 2: gobishbcn13 (big blind) showed [Qs Kh] and lost with High card : King
Seat 3: El_Fumier (button) showed [8s 8d] and won 900 with One pair : 8


