Winamax Poker - Tournament "Expresso Nitro" buyIn: 0.93€ + 0.07€ level: 1 - HandId: #4684010390063939585-1-1775384342 - Holdem no limit (10/20) - 2026/04/05 10:19:02 UTC
Table: 'Expresso Nitro(1090581154)#0' 3-max (real money) Seat #3 is the button
Seat 1: MathisKcr (300)
Seat 2: Pti_Filou (300)
Seat 3: Hisoka78440 (300)
*** ANTE/BLINDS ***
MathisKcr posts small blind 10
Pti_Filou posts big blind 20
Dealt to MathisKcr [8d Tc]
*** PRE-FLOP *** 
Hisoka78440 folds
MathisKcr folds
Pti_Filou collected 30 from pot
*** SUMMARY ***
Total pot 30 | No rake
Seat 2: Pti_Filou (big blind) won 30


Winamax Poker - Tournament "Expresso Nitro" buyIn: 0.93€ + 0.07€ level: 1 - HandId: #4684010390063939585-2-1775384352 - Holdem no limit (10/20) - 2026/04/05 10:19:12 UTC
Table: 'Expresso Nitro(1090581154)#0' 3-max (real money) Seat #1 is the button
Seat 1: MathisKcr (290)
Seat 2: Pti_Filou (310)
Seat 3: Hisoka78440 (300)
*** ANTE/BLINDS ***
Pti_Filou posts small blind 10
Hisoka78440 posts big blind 20
Dealt to MathisKcr [Ad Ts]
*** PRE-FLOP *** 
MathisKcr raises 20 to 40
Pti_Filou folds
Hisoka78440 raises 260 to 300 and is all-in
MathisKcr calls 250 and is all-in
*** FLOP *** [5s 6s 8c]
*** TURN *** [5s 6s 8c][2h]
*** RIVER *** [5s 6s 8c 2h][Kd]
*** SHOW DOWN ***
MathisKcr shows [Ad Ts] (High card : Ace)
Hisoka78440 shows [Ac Th] (High card : Ace)
Hisoka78440 collected 305 from side pot 1
MathisKcr collected 295 from main pot
*** SUMMARY ***
Total pot 600 | No rake
Board: [5s 6s 8c 2h Kd]
Seat 1: MathisKcr (button) showed [Ad Ts] and won 295 with High card : Ace
Seat 3: Hisoka78440 (big blind) showed [Ac Th] and won 305 with High card : Ace


Winamax Poker - Tournament "Expresso Nitro" buyIn: 0.93€ + 0.07€ level: 1 - HandId: #4684010390063939585-3-1775384378 - Holdem no limit (10/20) - 2026/04/05 10:19:38 UTC
Table: 'Expresso Nitro(1090581154)#0' 3-max (real money) Seat #2 is the button
Seat 1: MathisKcr (295)
Seat 2: Pti_Filou (300)
Seat 3: Hisoka78440 (305)
*** ANTE/BLINDS ***
Hisoka78440 posts small blind 10
MathisKcr posts big blind 20
Dealt to MathisKcr [7c 4h]
*** PRE-FLOP *** 
Pti_Filou folds
Hisoka78440 folds
MathisKcr collected 30 from pot
*** SUMMARY ***
Total pot 30 | No rake
Seat 1: MathisKcr (big blind) won 30


Winamax Poker - Tournament "Expresso Nitro" buyIn: 0.93€ + 0.07€ level: 1 - HandId: #4684010390063939585-4-1775384391 - Holdem no limit (10/20) - 2026/04/05 10:19:51 UTC
Table: 'Expresso Nitro(1090581154)#0' 3-max (real money) Seat #3 is the button
Seat 1: MathisKcr (305)
Seat 2: Pti_Filou (300)
Seat 3: Hisoka78440 (295)
*** ANTE/BLINDS ***
MathisKcr posts small blind 10
Pti_Filou posts big blind 20
Dealt to MathisKcr [7d Jc]
*** PRE-FLOP *** 
Hisoka78440 folds
MathisKcr folds
Pti_Filou collected 30 from pot
*** SUMMARY ***
Total pot 30 | No rake
Seat 2: Pti_Filou (big blind) won 30


Winamax Poker - Tournament "Expresso Nitro" buyIn: 0.93€ + 0.07€ level: 2 - HandId: #4684010390063939585-5-1775384418 - Holdem no limit (15/30) - 2026/04/05 10:20:18 UTC
Table: 'Expresso Nitro(1090581154)#0' 3-max (real money) Seat #1 is the button
Seat 1: MathisKcr (295)
Seat 2: Pti_Filou (310)
Seat 3: Hisoka78440 (295)
*** ANTE/BLINDS ***
Pti_Filou posts small blind 15
Hisoka78440 posts big blind 30
Dealt to MathisKcr [As 2c]
*** PRE-FLOP *** 
MathisKcr raises 265 to 295 and is all-in
Pti_Filou folds
Hisoka78440 calls 265 and is all-in
*** FLOP *** [Jc Jd 4s]
*** TURN *** [Jc Jd 4s][Kd]
*** RIVER *** [Jc Jd 4s Kd][6s]
*** SHOW DOWN ***
MathisKcr shows [As 2c] (One pair : Jacks)
Hisoka78440 shows [Kc Th] (Two pairs : Kings and Jacks)
Hisoka78440 collected 605 from pot
*** SUMMARY ***
Total pot 605 | No rake
Board: [Jc Jd 4s Kd 6s]
Seat 1: MathisKcr (button) showed [As 2c] and lost with One pair : Jacks
Seat 3: Hisoka78440 (big blind) showed [Kc Th] and won 605 with Two pairs : Kings and Jacks


