Winamax Poker - Tournament "MYSTERY KO" buyIn: 0.45€ + 0.05€ level: 1 - HandId: #4543341187393650695-1-1772829910 - Holdem no limit (25/100/200) - 2026/03/06 20:45:10 UTC
Table: 'MYSTERY KO(1057829053)#006' 6-max (real money) Seat #1 is the button
Seat 1: Zulveirn62 (20000)
Seat 2: RED_BAD_RUN (20000)
Seat 3: jessf98 (20000)
Seat 4: R.P.L (20000)
Seat 5: Rock-Bear (20000)
Seat 6: MathisKcr (20000)
*** ANTE/BLINDS ***
RED_BAD_RUN posts ante 25
jessf98 posts ante 25
Zulveirn62 posts ante 25
R.P.L posts ante 25
Rock-Bear posts ante 25
MathisKcr posts ante 25
RED_BAD_RUN posts small blind 100
jessf98 posts big blind 200
Dealt to MathisKcr [7h 9d]
*** PRE-FLOP *** 
R.P.L folds
Rock-Bear folds
MathisKcr folds
Zulveirn62 folds
RED_BAD_RUN calls 100
jessf98 checks
*** FLOP *** [9c Ah 2h]
RED_BAD_RUN checks
jessf98 checks
*** TURN *** [9c Ah 2h][Kd]
RED_BAD_RUN checks
jessf98 bets 200
RED_BAD_RUN folds
jessf98 collected 750 from pot
*** SUMMARY ***
Total pot 750 | No rake
Board: [9c Ah 2h Kd]
Seat 3: jessf98 (big blind) won 750


Winamax Poker - Tournament "MYSTERY KO" buyIn: 0.45€ + 0.05€ level: 1 - HandId: #4543341187393650695-2-1772829961 - Holdem no limit (25/100/200) - 2026/03/06 20:46:01 UTC
Table: 'MYSTERY KO(1057829053)#006' 6-max (real money) Seat #2 is the button
Seat 1: Zulveirn62 (19975)
Seat 2: RED_BAD_RUN (19775)
Seat 3: jessf98 (20325)
Seat 4: R.P.L (19975)
Seat 5: Rock-Bear (19975)
Seat 6: MathisKcr (19975)
*** ANTE/BLINDS ***
jessf98 posts ante 25
R.P.L posts ante 25
Zulveirn62 posts ante 25
RED_BAD_RUN posts ante 25
Rock-Bear posts ante 25
MathisKcr posts ante 25
jessf98 posts small blind 100
R.P.L posts big blind 200
Dealt to MathisKcr [8d 5h]
*** PRE-FLOP *** 
Rock-Bear folds
MathisKcr folds
Zulveirn62 raises 200 to 400
RED_BAD_RUN folds
jessf98 folds
R.P.L folds
Zulveirn62 collected 850 from pot
*** SUMMARY ***
Total pot 850 | No rake
Seat 1: Zulveirn62 won 850


Winamax Poker - Tournament "MYSTERY KO" buyIn: 0.45€ + 0.05€ level: 1 - HandId: #4543341187393650704-1-1772830012 - Holdem no limit (25/100/200) - 2026/03/06 20:46:52 UTC
Table: 'MYSTERY KO(1057829053)#015' 6-max (real money) Seat #4 is the button
Seat 1: rorobill59 (20400)
Seat 2: MathisKcr (19950)
Seat 4: Moumen1957 (20000)
Seat 5: Just2win4liv (19925)
Seat 6: CheckJammer (19500)
*** ANTE/BLINDS ***
rorobill59 posts ante 25
MathisKcr posts ante 25
Moumen1957 posts ante 25
rorobill59 posts small blind 100
MathisKcr posts big blind 200
Dealt to MathisKcr [7d Ah]
*** PRE-FLOP *** 
Moumen1957 calls 200
rorobill59 folds
MathisKcr raises 400 to 600
Moumen1957 calls 400
*** FLOP *** [3c Qs 3h]
MathisKcr bets 344
Moumen1957 folds
MathisKcr collected 1719 from pot
*** SUMMARY ***
Total pot 1719 | No rake
Board: [3c Qs 3h]
Seat 2: MathisKcr (big blind) won 1719


Winamax Poker - Tournament "MYSTERY KO" buyIn: 0.45€ + 0.05€ level: 1 - HandId: #4543341187393650704-2-1772830031 - Holdem no limit (25/100/200) - 2026/03/06 20:47:11 UTC
Table: 'MYSTERY KO(1057829053)#015' 6-max (real money) Seat #1 is the button
Seat 1: rorobill59 (20275)
Seat 2: MathisKcr (20700)
Seat 3: jeyjey03PPT (20000)
Seat 4: Moumen1957 (19375)
Seat 5: Just2win4liv (19925)
Seat 6: CheckJammer (19500)
*** ANTE/BLINDS ***
MathisKcr posts ante 25
jeyjey03PPT posts ante 25
rorobill59 posts ante 25
Moumen1957 posts ante 25
Just2win4liv posts ante 25
CheckJammer posts ante 25
MathisKcr posts small blind 100
jeyjey03PPT posts big blind 200
Dealt to MathisKcr [9c Qh]
*** PRE-FLOP *** 
Moumen1957 calls 200
Just2win4liv calls 200
CheckJammer folds
rorobill59 calls 200
MathisKcr raises 200 to 400
jeyjey03PPT folds
Moumen1957 calls 200
Just2win4liv calls 200
rorobill59 calls 200
*** FLOP *** [4d 8h 2c]
MathisKcr checks
Moumen1957 checks
Just2win4liv checks
rorobill59 checks
*** TURN *** [4d 8h 2c][Ah]
MathisKcr checks
Moumen1957 checks
Just2win4liv checks
rorobill59 bets 975
MathisKcr folds
Moumen1957 calls 975
Just2win4liv folds
*** RIVER *** [4d 8h 2c Ah][8d]
Moumen1957 checks
rorobill59 bets 3120
Moumen1957 folds
rorobill59 collected 7020 from pot
*** SUMMARY ***
Total pot 7020 | No rake
Board: [4d 8h 2c Ah 8d]
Seat 1: rorobill59 (button) won 7020


Winamax Poker - Tournament "MYSTERY KO" buyIn: 0.45€ + 0.05€ level: 1 - HandId: #4543341187393650704-3-1772830144 - Holdem no limit (25/100/200) - 2026/03/06 20:49:04 UTC
Table: 'MYSTERY KO(1057829053)#015' 6-max (real money) Seat #2 is the button
Seat 1: rorobill59 (22775)
Seat 2: MathisKcr (20275)
Seat 3: jeyjey03PPT (19775)
Seat 4: Moumen1957 (17975)
Seat 6: CheckJammer (19475)
*** ANTE/BLINDS ***
jeyjey03PPT posts ante 25
Moumen1957 posts ante 25
rorobill59 posts ante 25
MathisKcr posts ante 25
CheckJammer posts ante 25
jeyjey03PPT posts small blind 100
Moumen1957 posts big blind 200
Dealt to MathisKcr [4s Ts]
*** PRE-FLOP *** 
CheckJammer folds
rorobill59 raises 250 to 450
MathisKcr folds
jeyjey03PPT calls 350
Moumen1957 calls 250
*** FLOP *** [Kh Th 9c]
jeyjey03PPT checks
Moumen1957 bets 959
rorobill59 folds
jeyjey03PPT folds
Moumen1957 collected 2434 from pot
*** SUMMARY ***
Total pot 2434 | No rake
Board: [Kh Th 9c]
Seat 4: Moumen1957 (big blind) won 2434


Winamax Poker - Tournament "MYSTERY KO" buyIn: 0.45€ + 0.05€ level: 1 - HandId: #4543341187393650704-4-1772830172 - Holdem no limit (25/100/200) - 2026/03/06 20:49:32 UTC
Table: 'MYSTERY KO(1057829053)#015' 6-max (real money) Seat #3 is the button
Seat 1: rorobill59 (22300)
Seat 2: MathisKcr (20250)
Seat 3: jeyjey03PPT (19300)
Seat 4: Moumen1957 (18975)
Seat 6: CheckJammer (19450)
*** ANTE/BLINDS ***
Moumen1957 posts ante 25
CheckJammer posts ante 25
rorobill59 posts ante 25
MathisKcr posts ante 25
jeyjey03PPT posts ante 25
Moumen1957 posts small blind 100
CheckJammer posts big blind 200
Dealt to MathisKcr [Js 5s]
*** PRE-FLOP *** 
rorobill59 folds
MathisKcr raises 200 to 400
jeyjey03PPT folds
Moumen1957 calls 300
CheckJammer calls 200
*** FLOP *** [Kc 6h Ks]
Moumen1957 checks
CheckJammer checks
MathisKcr bets 663
Moumen1957 folds
CheckJammer folds
MathisKcr collected 1988 from pot
*** SUMMARY ***
Total pot 1988 | No rake
Board: [Kc 6h Ks]
Seat 2: MathisKcr won 1988


Winamax Poker - Tournament "MYSTERY KO" buyIn: 0.45€ + 0.05€ level: 1 - HandId: #4543341187393650704-5-1772830215 - Holdem no limit (25/100/200) - 2026/03/06 20:50:15 UTC
Table: 'MYSTERY KO(1057829053)#015' 6-max (real money) Seat #4 is the button
Seat 1: rorobill59 (22275)
Seat 2: MathisKcr (21150)
Seat 3: jeyjey03PPT (19275)
Seat 4: Moumen1957 (18550)
Seat 5: tomcer (20000)
Seat 6: CheckJammer (19025)
*** ANTE/BLINDS ***
CheckJammer posts ante 25
rorobill59 posts ante 25
MathisKcr posts ante 25
jeyjey03PPT posts ante 25
Moumen1957 posts ante 25
CheckJammer posts small blind 100
rorobill59 posts big blind 200
Dealt to MathisKcr [3c Jd]
*** PRE-FLOP *** 
MathisKcr folds
jeyjey03PPT folds
Moumen1957 calls 200
CheckJammer folds
rorobill59 checks
*** FLOP *** [Qd 7c Qc]
rorobill59 checks
Moumen1957 checks
*** TURN *** [Qd 7c Qc][5s]
rorobill59 checks
Moumen1957 checks
*** RIVER *** [Qd 7c Qc 5s][Tc]
rorobill59 checks
Moumen1957 bets 625
rorobill59 folds
Moumen1957 collected 1250 from pot
*** SUMMARY ***
Total pot 1250 | No rake
Board: [Qd 7c Qc 5s Tc]
Seat 4: Moumen1957 (button) won 1250


Winamax Poker - Tournament "MYSTERY KO" buyIn: 0.45€ + 0.05€ level: 1 - HandId: #4543341187393650707-2-1772830272 - Holdem no limit (25/100/200) - 2026/03/06 20:51:12 UTC
Table: 'MYSTERY KO(1057829053)#018' 6-max (real money) Seat #2 is the button
Seat 1: MathisKcr (21125)
Seat 2: KrxKz (23933)
Seat 3: CallmekArmA (19250)
Seat 5: nejo001 (19975)
Seat 6: Ricoulas1602 (20000)
*** ANTE/BLINDS ***
CallmekArmA posts ante 25
nejo001 posts ante 25
MathisKcr posts ante 25
KrxKz posts ante 25
Ricoulas1602 posts ante 25
CallmekArmA posts small blind 100
nejo001 posts big blind 200
Dealt to MathisKcr [Ks Tc]
*** PRE-FLOP *** 
Ricoulas1602 folds
MathisKcr raises 400 to 600
KrxKz folds
CallmekArmA raises 1200 to 1800
nejo001 folds
MathisKcr calls 1200
*** FLOP *** [4c 5d 9s]
CallmekArmA checks
MathisKcr checks
*** TURN *** [4c 5d 9s][3c]
CallmekArmA checks
MathisKcr checks
*** RIVER *** [4c 5d 9s 3c][5c]
CallmekArmA checks
MathisKcr bets 1374
CallmekArmA calls 1374
*** SHOW DOWN ***
MathisKcr shows [Ks Tc] (One pair : 5)
CallmekArmA shows [Ac Kd] (One pair : 5)
CallmekArmA collected 6673 from pot
*** SUMMARY ***
Total pot 6673 | No rake
Board: [4c 5d 9s 3c 5c]
Seat 1: MathisKcr showed [Ks Tc] and lost with One pair : 5
Seat 3: CallmekArmA (small blind) showed [Ac Kd] and won 6673 with One pair : 5


Winamax Poker - Tournament "MYSTERY KO" buyIn: 0.45€ + 0.05€ level: 1 - HandId: #4543341187393650707-3-1772830313 - Holdem no limit (25/100/200) - 2026/03/06 20:51:53 UTC
Table: 'MYSTERY KO(1057829053)#018' 6-max (real money) Seat #3 is the button
Seat 1: MathisKcr (17926)
Seat 2: KrxKz (23908)
Seat 3: CallmekArmA (22724)
Seat 4: Frog  Eater (20000)
Seat 5: nejo001 (19750)
Seat 6: Ricoulas1602 (19975)
*** ANTE/BLINDS ***
nejo001 posts ante 25
Ricoulas1602 posts ante 25
MathisKcr posts ante 25
KrxKz posts ante 25
CallmekArmA posts ante 25
nejo001 posts small blind 100
Ricoulas1602 posts big blind 200
Dealt to MathisKcr [5c 3h]
*** PRE-FLOP *** 
MathisKcr folds
KrxKz folds
CallmekArmA folds
nejo001 folds
Ricoulas1602 collected 425 from pot
*** SUMMARY ***
Total pot 425 | No rake
Seat 6: Ricoulas1602 (big blind) won 425


Winamax Poker - Tournament "MYSTERY KO" buyIn: 0.45€ + 0.05€ level: 1 - HandId: #4543341187393650707-4-1772830326 - Holdem no limit (25/100/200) - 2026/03/06 20:52:06 UTC
Table: 'MYSTERY KO(1057829053)#018' 6-max (real money) Seat #5 is the button
Seat 1: MathisKcr (17901)
Seat 2: KrxKz (23883)
Seat 3: CallmekArmA (22699)
Seat 4: Frog  Eater (20000)
Seat 5: nejo001 (19625)
Seat 6: Ricoulas1602 (20175)
*** ANTE/BLINDS ***
Ricoulas1602 posts ante 25
MathisKcr posts ante 25
KrxKz posts ante 25
CallmekArmA posts ante 25
Frog  Eater posts ante 25
nejo001 posts ante 25
Ricoulas1602 posts small blind 100
MathisKcr posts big blind 200
Dealt to MathisKcr [Ts 5s]
*** PRE-FLOP *** 
KrxKz folds
CallmekArmA folds
Frog  Eater folds
nejo001 calls 200
Ricoulas1602 calls 100
MathisKcr checks
*** FLOP *** [Kd 8c 4h]
Ricoulas1602 checks
MathisKcr checks
nejo001 checks
*** TURN *** [Kd 8c 4h][3c]
Ricoulas1602 checks
MathisKcr checks
nejo001 checks
*** RIVER *** [Kd 8c 4h 3c][Qd]
Ricoulas1602 checks
MathisKcr checks
nejo001 bets 750
Ricoulas1602 folds
MathisKcr folds
nejo001 collected 1500 from pot
*** SUMMARY ***
Total pot 1500 | No rake
Board: [Kd 8c 4h 3c Qd]
Seat 5: nejo001 (button) won 1500


Winamax Poker - Tournament "MYSTERY KO" buyIn: 0.45€ + 0.05€ level: 1 - HandId: #4543341187393650707-5-1772830409 - Holdem no limit (25/100/200) - 2026/03/06 20:53:29 UTC
Table: 'MYSTERY KO(1057829053)#018' 6-max (real money) Seat #6 is the button
Seat 1: MathisKcr (17676)
Seat 2: KrxKz (23858)
Seat 3: CallmekArmA (22674)
Seat 4: Frog  Eater (19975)
Seat 5: nejo001 (20150)
Seat 6: Ricoulas1602 (19950)
*** ANTE/BLINDS ***
MathisKcr posts ante 25
KrxKz posts ante 25
CallmekArmA posts ante 25
Frog  Eater posts ante 25
nejo001 posts ante 25
Ricoulas1602 posts ante 25
MathisKcr posts small blind 100
KrxKz posts big blind 200
Dealt to MathisKcr [Jd Qd]
*** PRE-FLOP *** 
CallmekArmA folds
Frog  Eater folds
nejo001 folds
Ricoulas1602 raises 300 to 500
MathisKcr calls 400
KrxKz calls 300
*** FLOP *** [3h As Ks]
MathisKcr checks
KrxKz bets 413
Ricoulas1602 calls 413
MathisKcr calls 413
*** TURN *** [3h As Ks][7c]
MathisKcr checks
KrxKz checks
Ricoulas1602 checks
*** RIVER *** [3h As Ks 7c][5d]
MathisKcr checks
KrxKz checks
Ricoulas1602 checks
*** SHOW DOWN ***
MathisKcr shows [Jd Qd] (High card : Ace)
KrxKz shows [Jh 8d] (High card : Ace)
Ricoulas1602 shows [Tc Kh] (One pair : Kings)
Ricoulas1602 collected 2889 from pot
*** SUMMARY ***
Total pot 2889 | No rake
Board: [3h As Ks 7c 5d]
Seat 1: MathisKcr (small blind) showed [Jd Qd] and lost with High card : Ace
Seat 2: KrxKz (big blind) showed [Jh 8d] and lost with High card : Ace
Seat 6: Ricoulas1602 (button) showed [Tc Kh] and won 2889 with One pair : Kings


Winamax Poker - Tournament "MYSTERY KO" buyIn: 0.45€ + 0.05€ level: 1 - HandId: #4543341187393650707-6-1772830498 - Holdem no limit (25/100/200) - 2026/03/06 20:54:58 UTC
Table: 'MYSTERY KO(1057829053)#018' 6-max (real money) Seat #1 is the button
Seat 1: MathisKcr (16738)
Seat 2: KrxKz (22920)
Seat 3: CallmekArmA (22649)
Seat 4: Frog  Eater (19950)
Seat 5: nejo001 (20125)
Seat 6: Ricoulas1602 (21901)
*** ANTE/BLINDS ***
KrxKz posts ante 25
CallmekArmA posts ante 25
MathisKcr posts ante 25
Frog  Eater posts ante 25
nejo001 posts ante 25
Ricoulas1602 posts ante 25
KrxKz posts small blind 100
CallmekArmA posts big blind 200
Dealt to MathisKcr [6c Ah]
*** PRE-FLOP *** 
Frog  Eater folds
nejo001 folds
Ricoulas1602 folds
MathisKcr raises 400 to 600
KrxKz raises 1500 to 2100
CallmekArmA folds
MathisKcr calls 1500
*** FLOP *** [9d 8s Ac]
KrxKz bets 4550
MathisKcr calls 4550
*** TURN *** [9d 8s Ac][Th]
KrxKz bets 16245 and is all-in
MathisKcr calls 10063 and is all-in
*** RIVER *** [9d 8s Ac Th][Jc]
*** SHOW DOWN ***
MathisKcr shows [6c Ah] (One pair : Aces)
KrxKz shows [Ad 2s] (One pair : Aces)
KrxKz collected 23070 from side pot 1
MathisKcr collected 16888 from main pot
*** SUMMARY ***
Total pot 39958 | No rake
Board: [9d 8s Ac Th Jc]
Seat 1: MathisKcr (button) showed [6c Ah] and won 16888 with One pair : Aces
Seat 2: KrxKz (small blind) showed [Ad 2s] and won 23070 with One pair : Aces


Winamax Poker - Tournament "MYSTERY KO" buyIn: 0.45€ + 0.05€ level: 1 - HandId: #4543341187393650707-7-1772830861 - Holdem no limit (25/100/200) - 2026/03/06 21:01:01 UTC
Table: 'MYSTERY KO(1057829053)#018' 6-max (real money) Seat #2 is the button
Seat 1: MathisKcr (16888)
Seat 2: KrxKz (23070)
Seat 3: CallmekArmA (22424)
Seat 4: Frog  Eater (19925)
Seat 5: nejo001 (20100)
Seat 6: Ricoulas1602 (21876)
*** ANTE/BLINDS ***
CallmekArmA posts ante 25
Frog  Eater posts ante 25
MathisKcr posts ante 25
KrxKz posts ante 25
nejo001 posts ante 25
Ricoulas1602 posts ante 25
CallmekArmA posts small blind 100
Frog  Eater posts big blind 200
Dealt to MathisKcr [Qd Ah]
*** PRE-FLOP *** 
nejo001 folds
Ricoulas1602 calls 200
MathisKcr raises 400 to 600
KrxKz folds
CallmekArmA folds
Frog  Eater folds
Ricoulas1602 calls 400
*** FLOP *** [4s 7d 7s]
Ricoulas1602 checks
MathisKcr bets 578
Ricoulas1602 raises 1622 to 2200
MathisKcr folds
Ricoulas1602 collected 4428 from pot
*** SUMMARY ***
Total pot 4428 | No rake
Board: [4s 7d 7s]
Seat 6: Ricoulas1602 won 4428


Winamax Poker - Tournament "MYSTERY KO" buyIn: 0.45€ + 0.05€ level: 1 - HandId: #4543341187393650707-8-1772830998 - Holdem no limit (25/100/200) - 2026/03/06 21:03:18 UTC
Table: 'MYSTERY KO(1057829053)#018' 6-max (real money) Seat #3 is the button
Seat 1: MathisKcr (15685)
Seat 2: KrxKz (23045)
Seat 3: CallmekArmA (22299)
Seat 4: Frog  Eater (19700)
Seat 5: nejo001 (20075)
*** ANTE/BLINDS ***
Frog  Eater posts ante 25
nejo001 posts ante 25
MathisKcr posts ante 25
KrxKz posts ante 25
CallmekArmA posts ante 25
Frog  Eater posts small blind 100
nejo001 posts big blind 200
Dealt to MathisKcr [8c 5d]
*** PRE-FLOP *** 
MathisKcr folds
KrxKz folds
CallmekArmA raises 250 to 450
Frog  Eater folds
nejo001 folds
CallmekArmA collected 875 from pot
*** SUMMARY ***
Total pot 875 | No rake
Seat 3: CallmekArmA (button) won 875


Winamax Poker - Tournament "MYSTERY KO" buyIn: 0.45€ + 0.05€ level: 1 - HandId: #4543341187393650707-9-1772831015 - Holdem no limit (25/100/200) - 2026/03/06 21:03:35 UTC
Table: 'MYSTERY KO(1057829053)#018' 6-max (real money) Seat #4 is the button
Seat 1: MathisKcr (15660)
Seat 2: KrxKz (23020)
Seat 3: CallmekArmA (22699)
Seat 4: Frog  Eater (19575)
Seat 5: nejo001 (19850)
*** ANTE/BLINDS ***
nejo001 posts ante 25
MathisKcr posts ante 25
KrxKz posts ante 25
CallmekArmA posts ante 25
Frog  Eater posts ante 25
nejo001 posts small blind 100
MathisKcr posts big blind 200
Dealt to MathisKcr [Js 3c]
*** PRE-FLOP *** 
KrxKz folds
CallmekArmA folds
Frog  Eater folds
nejo001 calls 100
MathisKcr checks
*** FLOP *** [9s As 2c]
nejo001 checks
MathisKcr checks
*** TURN *** [9s As 2c][2s]
nejo001 checks
MathisKcr checks
*** RIVER *** [9s As 2c 2s][9d]
nejo001 checks
MathisKcr checks
*** SHOW DOWN ***
MathisKcr shows [Js 3c] (Two pairs : 9 and 2)
nejo001 shows [Qh 8c] (Two pairs : 9 and 2)
nejo001 collected 263 from pot
MathisKcr collected 262 from pot
*** SUMMARY ***
Total pot 525 | No rake
Board: [9s As 2c 2s 9d]
Seat 1: MathisKcr (big blind) showed [Js 3c] and won 262 with Two pairs : 9 and 2
Seat 5: nejo001 (small blind) showed [Qh 8c] and won 263 with Two pairs : 9 and 2


Winamax Poker - Tournament "MYSTERY KO" buyIn: 0.45€ + 0.05€ level: 1 - HandId: #4543341187393650707-10-1772831058 - Holdem no limit (25/100/200) - 2026/03/06 21:04:18 UTC
Table: 'MYSTERY KO(1057829053)#018' 6-max (real money) Seat #5 is the button
Seat 1: MathisKcr (15697)
Seat 2: KrxKz (22995)
Seat 3: CallmekArmA (22674)
Seat 4: Frog  Eater (19550)
Seat 5: nejo001 (19888)
*** ANTE/BLINDS ***
MathisKcr posts ante 25
KrxKz posts ante 25
CallmekArmA posts ante 25
Frog  Eater posts ante 25
nejo001 posts ante 25
MathisKcr posts small blind 100
KrxKz posts big blind 200
Dealt to MathisKcr [7h Ah]
*** PRE-FLOP *** 
CallmekArmA raises 250 to 450
Frog  Eater folds
nejo001 folds
MathisKcr raises 950 to 1400
KrxKz raises 21570 to 22970 and is all-in
CallmekArmA folds
MathisKcr calls 14272 and is all-in
*** FLOP *** [6c 5d 4s]
*** TURN *** [6c 5d 4s][2s]
*** RIVER *** [6c 5d 4s 2s][2c]
*** SHOW DOWN ***
MathisKcr shows [7h Ah] (One pair : 2)
KrxKz shows [Ks Ad] (One pair : 2)
KrxKz collected 39217 from pot
*** SUMMARY ***
Total pot 39217 | No rake
Board: [6c 5d 4s 2s 2c]
Seat 1: MathisKcr (small blind) showed [7h Ah] and lost with One pair : 2
Seat 2: KrxKz (big blind) showed [Ks Ad] and won 39217 with One pair : 2


