Winamax Poker - Tournament "Expresso Nitro" buyIn: 0.93€ + 0.07€ level: 1 - HandId: #4667986227859816449-1-1774775632 - Holdem no limit (10/20) - 2026/03/29 09:13:52 UTC
Table: 'Expresso Nitro(1086850238)#0' 3-max (real money) Seat #3 is the button
Seat 1: MoutardeMiel (300)
Seat 2: MathisKcr (300)
Seat 3: fefe628 (300)
*** ANTE/BLINDS ***
MoutardeMiel posts small blind 10
MathisKcr posts big blind 20
Dealt to MathisKcr [2s 9d]
*** PRE-FLOP *** 
fefe628 calls 20
MoutardeMiel calls 10
MathisKcr checks
*** FLOP *** [4c 5c 5s]
MoutardeMiel bets 21
MathisKcr folds
fefe628 folds
MoutardeMiel collected 81 from pot
*** SUMMARY ***
Total pot 81 | No rake
Board: [4c 5c 5s]
Seat 1: MoutardeMiel (small blind) won 81


Winamax Poker - Tournament "Expresso Nitro" buyIn: 0.93€ + 0.07€ level: 1 - HandId: #4667986227859816449-2-1774775653 - Holdem no limit (10/20) - 2026/03/29 09:14:13 UTC
Table: 'Expresso Nitro(1086850238)#0' 3-max (real money) Seat #1 is the button
Seat 1: MoutardeMiel (340)
Seat 2: MathisKcr (280)
Seat 3: fefe628 (280)
*** ANTE/BLINDS ***
MathisKcr posts small blind 10
fefe628 posts big blind 20
Dealt to MathisKcr [8c 8h]
*** PRE-FLOP *** 
MoutardeMiel folds
MathisKcr raises 260 to 280 and is all-in
fefe628 calls 260 and is all-in
*** FLOP *** [7h 5d 4h]
*** TURN *** [7h 5d 4h][Tc]
*** RIVER *** [7h 5d 4h Tc][2d]
*** SHOW DOWN ***
fefe628 shows [4d Qh] (One pair : 4)
MathisKcr shows [8c 8h] (One pair : 8)
MathisKcr collected 560 from pot
*** SUMMARY ***
Total pot 560 | No rake
Board: [7h 5d 4h Tc 2d]
Seat 2: MathisKcr (small blind) showed [8c 8h] and won 560 with One pair : 8
Seat 3: fefe628 (big blind) showed [4d Qh] and lost with One pair : 4


Winamax Poker - Tournament "Expresso Nitro" buyIn: 0.93€ + 0.07€ level: 1 - HandId: #4667986227859816449-3-1774775667 - Holdem no limit (10/20) - 2026/03/29 09:14:27 UTC
Table: 'Expresso Nitro(1086850238)#0' 3-max (real money) Seat #1 is the button
Seat 1: MoutardeMiel (340)
Seat 2: MathisKcr (560)
*** ANTE/BLINDS ***
MoutardeMiel posts small blind 10
MathisKcr posts big blind 20
Dealt to MathisKcr [Qs 3s]
*** PRE-FLOP *** 
MoutardeMiel raises 320 to 340 and is all-in
MathisKcr folds
MoutardeMiel collected 360 from pot
*** SUMMARY ***
Total pot 360 | No rake
Seat 1: MoutardeMiel (small blind) (button) won 360


Winamax Poker - Tournament "Expresso Nitro" buyIn: 0.93€ + 0.07€ level: 1 - HandId: #4667986227859816449-4-1774775674 - Holdem no limit (10/20) - 2026/03/29 09:14:34 UTC
Table: 'Expresso Nitro(1086850238)#0' 3-max (real money) Seat #2 is the button
Seat 1: MoutardeMiel (360)
Seat 2: MathisKcr (540)
*** ANTE/BLINDS ***
MathisKcr posts small blind 10
MoutardeMiel posts big blind 20
Dealt to MathisKcr [Jd 5d]
*** PRE-FLOP *** 
MathisKcr raises 520 to 540 and is all-in
MoutardeMiel folds
MathisKcr collected 560 from pot
*** SUMMARY ***
Total pot 560 | No rake
Seat 2: MathisKcr (small blind) (button) won 560


Winamax Poker - Tournament "Expresso Nitro" buyIn: 0.93€ + 0.07€ level: 1 - HandId: #4667986227859816449-5-1774775682 - Holdem no limit (10/20) - 2026/03/29 09:14:42 UTC
Table: 'Expresso Nitro(1086850238)#0' 3-max (real money) Seat #1 is the button
Seat 1: MoutardeMiel (340)
Seat 2: MathisKcr (560)
*** ANTE/BLINDS ***
MoutardeMiel posts small blind 10
MathisKcr posts big blind 20
Dealt to MathisKcr [Tc 7h]
*** PRE-FLOP *** 
MoutardeMiel raises 320 to 340 and is all-in
MathisKcr folds
MoutardeMiel collected 360 from pot
*** SUMMARY ***
Total pot 360 | No rake
Seat 1: MoutardeMiel (small blind) (button) won 360


Winamax Poker - Tournament "Expresso Nitro" buyIn: 0.93€ + 0.07€ level: 2 - HandId: #4667986227859816449-6-1774775707 - Holdem no limit (15/30) - 2026/03/29 09:15:07 UTC
Table: 'Expresso Nitro(1086850238)#0' 3-max (real money) Seat #2 is the button
Seat 1: MoutardeMiel (360)
Seat 2: MathisKcr (540)
*** ANTE/BLINDS ***
MathisKcr posts small blind 15
MoutardeMiel posts big blind 30
Dealt to MathisKcr [7h 2s]
*** PRE-FLOP *** 
MathisKcr folds
MoutardeMiel collected 45 from pot
*** SUMMARY ***
Total pot 45 | No rake
Seat 1: MoutardeMiel (big blind) won 45


Winamax Poker - Tournament "Expresso Nitro" buyIn: 0.93€ + 0.07€ level: 2 - HandId: #4667986227859816449-7-1774775712 - Holdem no limit (15/30) - 2026/03/29 09:15:12 UTC
Table: 'Expresso Nitro(1086850238)#0' 3-max (real money) Seat #1 is the button
Seat 1: MoutardeMiel (375)
Seat 2: MathisKcr (525)
*** ANTE/BLINDS ***
MoutardeMiel posts small blind 15
MathisKcr posts big blind 30
Dealt to MathisKcr [8s As]
*** PRE-FLOP *** 
MoutardeMiel raises 345 to 375 and is all-in
MathisKcr calls 345
*** FLOP *** [9h 6s 4s]
*** TURN *** [9h 6s 4s][6h]
*** RIVER *** [9h 6s 4s 6h][8c]
*** SHOW DOWN ***
MoutardeMiel shows [Kc Qc] (One pair : 6)
MathisKcr shows [8s As] (Two pairs : 8 and 6)
MathisKcr collected 750 from pot
*** SUMMARY ***
Total pot 750 | No rake
Board: [9h 6s 4s 6h 8c]
Seat 1: MoutardeMiel (small blind) (button) showed [Kc Qc] and lost with One pair : 6
Seat 2: MathisKcr (big blind) showed [8s As] and won 750 with Two pairs : 8 and 6


