Winamax Poker - Tournament "Expresso Nitro" buyIn: 0.93€ + 0.07€ level: 1 - HandId: #4637402882436497409-1-1773674228 - Holdem no limit (10/20) - 2026/03/16 15:17:08 UTC
Table: 'Expresso Nitro(1079729498)#0' 3-max (real money) Seat #1 is the button
Seat 1: MathisKcr (300)
Seat 2: citron14000 (300)
Seat 3: Ezio6j (300)
*** ANTE/BLINDS ***
citron14000 posts small blind 10
Ezio6j posts big blind 20
Dealt to MathisKcr [Tc 3h]
*** PRE-FLOP *** 
MathisKcr folds
citron14000 raises 280 to 300 and is all-in
Ezio6j folds
citron14000 collected 320 from pot
*** SUMMARY ***
Total pot 320 | No rake
Seat 2: citron14000 (small blind) won 320


Winamax Poker - Tournament "Expresso Nitro" buyIn: 0.93€ + 0.07€ level: 1 - HandId: #4637402882436497409-2-1773674237 - Holdem no limit (10/20) - 2026/03/16 15:17:17 UTC
Table: 'Expresso Nitro(1079729498)#0' 3-max (real money) Seat #2 is the button
Seat 1: MathisKcr (300)
Seat 2: citron14000 (320)
Seat 3: Ezio6j (280)
*** ANTE/BLINDS ***
Ezio6j posts small blind 10
MathisKcr posts big blind 20
Dealt to MathisKcr [6h 5h]
*** PRE-FLOP *** 
citron14000 folds
Ezio6j folds
MathisKcr collected 30 from pot
*** SUMMARY ***
Total pot 30 | No rake
Seat 1: MathisKcr (big blind) won 30


Winamax Poker - Tournament "Expresso Nitro" buyIn: 0.93€ + 0.07€ level: 1 - HandId: #4637402882436497409-3-1773674247 - Holdem no limit (10/20) - 2026/03/16 15:17:27 UTC
Table: 'Expresso Nitro(1079729498)#0' 3-max (real money) Seat #3 is the button
Seat 1: MathisKcr (310)
Seat 2: citron14000 (320)
Seat 3: Ezio6j (270)
*** ANTE/BLINDS ***
MathisKcr posts small blind 10
citron14000 posts big blind 20
Dealt to MathisKcr [9s 2d]
*** PRE-FLOP *** 
Ezio6j folds
MathisKcr folds
citron14000 collected 30 from pot
*** SUMMARY ***
Total pot 30 | No rake
Seat 2: citron14000 (big blind) won 30


Winamax Poker - Tournament "Expresso Nitro" buyIn: 0.93€ + 0.07€ level: 1 - HandId: #4637402882436497409-4-1773674255 - Holdem no limit (10/20) - 2026/03/16 15:17:35 UTC
Table: 'Expresso Nitro(1079729498)#0' 3-max (real money) Seat #1 is the button
Seat 1: MathisKcr (300)
Seat 2: citron14000 (330)
Seat 3: Ezio6j (270)
*** ANTE/BLINDS ***
citron14000 posts small blind 10
Ezio6j posts big blind 20
Dealt to MathisKcr [5c 2d]
*** PRE-FLOP *** 
MathisKcr folds
citron14000 raises 310 to 330 and is all-in
Ezio6j folds
citron14000 collected 350 from pot
*** SUMMARY ***
Total pot 350 | No rake
Seat 2: citron14000 (small blind) won 350


Winamax Poker - Tournament "Expresso Nitro" buyIn: 0.93€ + 0.07€ level: 1 - HandId: #4637402882436497409-5-1773674265 - Holdem no limit (10/20) - 2026/03/16 15:17:45 UTC
Table: 'Expresso Nitro(1079729498)#0' 3-max (real money) Seat #2 is the button
Seat 1: MathisKcr (300)
Seat 2: citron14000 (350)
Seat 3: Ezio6j (250)
*** ANTE/BLINDS ***
Ezio6j posts small blind 10
MathisKcr posts big blind 20
Dealt to MathisKcr [Qc 2d]
*** PRE-FLOP *** 
citron14000 raises 330 to 350 and is all-in
Ezio6j folds
MathisKcr folds
citron14000 collected 380 from pot
*** SUMMARY ***
Total pot 380 | No rake
Seat 2: citron14000 (button) won 380


Winamax Poker - Tournament "Expresso Nitro" buyIn: 0.93€ + 0.07€ level: 1 - HandId: #4637402882436497409-6-1773674277 - Holdem no limit (10/20) - 2026/03/16 15:17:57 UTC
Table: 'Expresso Nitro(1079729498)#0' 3-max (real money) Seat #3 is the button
Seat 1: MathisKcr (280)
Seat 2: citron14000 (380)
Seat 3: Ezio6j (240)
*** ANTE/BLINDS ***
MathisKcr posts small blind 10
citron14000 posts big blind 20
Dealt to MathisKcr [7d As]
*** PRE-FLOP *** 
Ezio6j raises 20 to 40
MathisKcr raises 40 to 80
citron14000 folds
Ezio6j calls 40
*** FLOP *** [Qs 7s Ad]
MathisKcr checks
Ezio6j checks
*** TURN *** [Qs 7s Ad][8c]
MathisKcr bets 40
Ezio6j folds
MathisKcr collected 220 from pot
*** SUMMARY ***
Total pot 220 | No rake
Board: [Qs 7s Ad 8c]
Seat 1: MathisKcr (small blind) won 220


Winamax Poker - Tournament "Expresso Nitro" buyIn: 0.93€ + 0.07€ level: 2 - HandId: #4637402882436497409-7-1773674318 - Holdem no limit (15/30) - 2026/03/16 15:18:38 UTC
Table: 'Expresso Nitro(1079729498)#0' 3-max (real money) Seat #1 is the button
Seat 1: MathisKcr (380)
Seat 2: citron14000 (360)
Seat 3: Ezio6j (160)
*** ANTE/BLINDS ***
citron14000 posts small blind 15
Ezio6j posts big blind 30
Dealt to MathisKcr [3c Qd]
*** PRE-FLOP *** 
MathisKcr folds
citron14000 folds
Ezio6j collected 45 from pot
*** SUMMARY ***
Total pot 45 | No rake
Seat 3: Ezio6j (big blind) won 45


Winamax Poker - Tournament "Expresso Nitro" buyIn: 0.93€ + 0.07€ level: 2 - HandId: #4637402882436497409-8-1773674329 - Holdem no limit (15/30) - 2026/03/16 15:18:49 UTC
Table: 'Expresso Nitro(1079729498)#0' 3-max (real money) Seat #2 is the button
Seat 1: MathisKcr (380)
Seat 2: citron14000 (345)
Seat 3: Ezio6j (175)
*** ANTE/BLINDS ***
Ezio6j posts small blind 15
MathisKcr posts big blind 30
Dealt to MathisKcr [Ks Jh]
*** PRE-FLOP *** 
citron14000 folds
Ezio6j raises 45 to 75
MathisKcr raises 305 to 380 and is all-in
Ezio6j calls 100 and is all-in
*** FLOP *** [9s 8c 3s]
*** TURN *** [9s 8c 3s][Jc]
*** RIVER *** [9s 8c 3s Jc][Ah]
*** SHOW DOWN ***
Ezio6j shows [6d 9d] (One pair : 9)
MathisKcr shows [Ks Jh] (One pair : Jacks)
MathisKcr collected 555 from pot
*** SUMMARY ***
Total pot 555 | No rake
Board: [9s 8c 3s Jc Ah]
Seat 1: MathisKcr (big blind) showed [Ks Jh] and won 555 with One pair : Jacks
Seat 3: Ezio6j (small blind) showed [6d 9d] and lost with One pair : 9


Winamax Poker - Tournament "Expresso Nitro" buyIn: 0.93€ + 0.07€ level: 3 - HandId: #4637402882436497409-9-1773674360 - Holdem no limit (20/40) - 2026/03/16 15:19:20 UTC
Table: 'Expresso Nitro(1079729498)#0' 3-max (real money) Seat #1 is the button
Seat 1: MathisKcr (555)
Seat 2: citron14000 (345)
*** ANTE/BLINDS ***
MathisKcr posts small blind 20
citron14000 posts big blind 40
Dealt to MathisKcr [8h Ks]
*** PRE-FLOP *** 
MathisKcr raises 515 to 555 and is all-in
citron14000 folds
MathisKcr collected 595 from pot
*** SUMMARY ***
Total pot 595 | No rake
Seat 1: MathisKcr (small blind) (button) won 595


Winamax Poker - Tournament "Expresso Nitro" buyIn: 0.93€ + 0.07€ level: 3 - HandId: #4637402882436497409-10-1773674379 - Holdem no limit (20/40) - 2026/03/16 15:19:39 UTC
Table: 'Expresso Nitro(1079729498)#0' 3-max (real money) Seat #2 is the button
Seat 1: MathisKcr (595)
Seat 2: citron14000 (305)
*** ANTE/BLINDS ***
citron14000 posts small blind 20
MathisKcr posts big blind 40
Dealt to MathisKcr [4c 5s]
*** PRE-FLOP *** 
citron14000 raises 265 to 305 and is all-in
MathisKcr folds
citron14000 collected 345 from pot
*** SUMMARY ***
Total pot 345 | No rake
Seat 2: citron14000 (small blind) (button) won 345


Winamax Poker - Tournament "Expresso Nitro" buyIn: 0.93€ + 0.07€ level: 3 - HandId: #4637402882436497409-11-1773674386 - Holdem no limit (20/40) - 2026/03/16 15:19:46 UTC
Table: 'Expresso Nitro(1079729498)#0' 3-max (real money) Seat #1 is the button
Seat 1: MathisKcr (555)
Seat 2: citron14000 (345)
*** ANTE/BLINDS ***
MathisKcr posts small blind 20
citron14000 posts big blind 40
Dealt to MathisKcr [Ks 2d]
*** PRE-FLOP *** 
MathisKcr raises 515 to 555 and is all-in
citron14000 calls 305 and is all-in
*** FLOP *** [Ad 7d Th]
*** TURN *** [Ad 7d Th][Jd]
*** RIVER *** [Ad 7d Th Jd][3d]
*** SHOW DOWN ***
citron14000 shows [6h As] (One pair : Aces)
MathisKcr shows [Ks 2d] (Flush Ace high)
MathisKcr collected 900 from pot
*** SUMMARY ***
Total pot 900 | No rake
Board: [Ad 7d Th Jd 3d]
Seat 1: MathisKcr (small blind) (button) showed [Ks 2d] and won 900 with Flush Ace high
Seat 2: citron14000 (big blind) showed [6h As] and lost with One pair : Aces


