Winamax Poker - Tournament "Expresso Nitro" buyIn: 0.93€ + 0.07€ level: 1 - HandId: #4617568976866639873-1-1773043581 - Holdem no limit (10/20) - 2026/03/09 08:06:21 UTC
Table: 'Expresso Nitro(1075111557)#0' 3-max (real money) Seat #3 is the button
Seat 1: MathisKcr (300)
Seat 2: EL Rey 13 (300)
Seat 3: 2815 (300)
*** ANTE/BLINDS ***
MathisKcr posts small blind 10
EL Rey 13 posts big blind 20
Dealt to MathisKcr [7s Kc]
*** PRE-FLOP *** 
2815 raises 20 to 40
MathisKcr calls 30
EL Rey 13 calls 20
*** FLOP *** [9h 4s 7c]
MathisKcr bets 78
EL Rey 13 calls 78
2815 folds
*** TURN *** [9h 4s 7c][Ac]
MathisKcr checks
EL Rey 13 checks
*** RIVER *** [9h 4s 7c Ac][7h]
MathisKcr bets 97
EL Rey 13 folds
MathisKcr collected 373 from pot
*** SUMMARY ***
Total pot 373 | No rake
Board: [9h 4s 7c Ac 7h]
Seat 1: MathisKcr (small blind) won 373


Winamax Poker - Tournament "Expresso Nitro" buyIn: 0.93€ + 0.07€ level: 2 - HandId: #4617568976866639873-2-1773043644 - Holdem no limit (15/30) - 2026/03/09 08:07:24 UTC
Table: 'Expresso Nitro(1075111557)#0' 3-max (real money) Seat #1 is the button
Seat 1: MathisKcr (458)
Seat 2: EL Rey 13 (182)
Seat 3: 2815 (260)
*** ANTE/BLINDS ***
EL Rey 13 posts small blind 15
2815 posts big blind 30
Dealt to MathisKcr [4h 5h]
*** PRE-FLOP *** 
MathisKcr raises 428 to 458 and is all-in
EL Rey 13 calls 167 and is all-in
2815 folds
*** FLOP *** [4c 6c 3h]
*** TURN *** [4c 6c 3h][Qd]
*** RIVER *** [4c 6c 3h Qd][9d]
*** SHOW DOWN ***
MathisKcr shows [4h 5h] (One pair : 4)
EL Rey 13 shows [Td Tc] (One pair : Tens)
EL Rey 13 collected 394 from main pot
MathisKcr collected 276 from side pot 1
*** SUMMARY ***
Total pot 670 | No rake
Board: [4c 6c 3h Qd 9d]
Seat 1: MathisKcr (button) showed [4h 5h] and won 276 with One pair : 4
Seat 2: EL Rey 13 (small blind) showed [Td Tc] and won 394 with One pair : Tens


Winamax Poker - Tournament "Expresso Nitro" buyIn: 0.93€ + 0.07€ level: 2 - HandId: #4617568976866639873-3-1773043666 - Holdem no limit (15/30) - 2026/03/09 08:07:46 UTC
Table: 'Expresso Nitro(1075111557)#0' 3-max (real money) Seat #2 is the button
Seat 1: MathisKcr (276)
Seat 2: EL Rey 13 (394)
Seat 3: 2815 (230)
*** ANTE/BLINDS ***
2815 posts small blind 15
MathisKcr posts big blind 30
Dealt to MathisKcr [Th 6c]
*** PRE-FLOP *** 
EL Rey 13 folds
2815 raises 45 to 75
MathisKcr folds
2815 collected 105 from pot
*** SUMMARY ***
Total pot 105 | No rake
Seat 3: 2815 (small blind) won 105


Winamax Poker - Tournament "Expresso Nitro" buyIn: 0.93€ + 0.07€ level: 2 - HandId: #4617568976866639873-4-1773043677 - Holdem no limit (15/30) - 2026/03/09 08:07:57 UTC
Table: 'Expresso Nitro(1075111557)#0' 3-max (real money) Seat #3 is the button
Seat 1: MathisKcr (246)
Seat 2: EL Rey 13 (394)
Seat 3: 2815 (260)
*** ANTE/BLINDS ***
MathisKcr posts small blind 15
EL Rey 13 posts big blind 30
Dealt to MathisKcr [8s Kh]
*** PRE-FLOP *** 
2815 raises 230 to 260 and is all-in
MathisKcr folds
EL Rey 13 calls 230
*** FLOP *** [6c 2d 9d]
*** TURN *** [6c 2d 9d][6s]
*** RIVER *** [6c 2d 9d 6s][Tc]
*** SHOW DOWN ***
EL Rey 13 shows [Ac Th] (Two pairs : Tens and 6)
2815 shows [2s 2c] (Full of 2 and 6)
2815 collected 535 from pot
*** SUMMARY ***
Total pot 535 | No rake
Board: [6c 2d 9d 6s Tc]
Seat 2: EL Rey 13 (big blind) showed [Ac Th] and lost with Two pairs : Tens and 6
Seat 3: 2815 (button) showed [2s 2c] and won 535 with Full of 2 and 6


Winamax Poker - Tournament "Expresso Nitro" buyIn: 0.93€ + 0.07€ level: 2 - HandId: #4617568976866639873-5-1773043691 - Holdem no limit (15/30) - 2026/03/09 08:08:11 UTC
Table: 'Expresso Nitro(1075111557)#0' 3-max (real money) Seat #1 is the button
Seat 1: MathisKcr (231)
Seat 2: EL Rey 13 (134)
Seat 3: 2815 (535)
*** ANTE/BLINDS ***
EL Rey 13 posts small blind 15
2815 posts big blind 30
Dealt to MathisKcr [Ac Qd]
*** PRE-FLOP *** 
MathisKcr raises 201 to 231 and is all-in
EL Rey 13 folds
2815 calls 201
*** FLOP *** [9d 4c Qc]
*** TURN *** [9d 4c Qc][8c]
*** RIVER *** [9d 4c Qc 8c][5c]
*** SHOW DOWN ***
2815 shows [Qs 8h] (Two pairs : Queens and 8)
MathisKcr shows [Ac Qd] (Flush Ace high)
MathisKcr collected 477 from pot
*** SUMMARY ***
Total pot 477 | No rake
Board: [9d 4c Qc 8c 5c]
Seat 1: MathisKcr (button) showed [Ac Qd] and won 477 with Flush Ace high
Seat 3: 2815 (big blind) showed [Qs 8h] and lost with Two pairs : Queens and 8


Winamax Poker - Tournament "Expresso Nitro" buyIn: 0.93€ + 0.07€ level: 3 - HandId: #4617568976866639873-6-1773043709 - Holdem no limit (20/40) - 2026/03/09 08:08:29 UTC
Table: 'Expresso Nitro(1075111557)#0' 3-max (real money) Seat #2 is the button
Seat 1: MathisKcr (477)
Seat 2: EL Rey 13 (119)
Seat 3: 2815 (304)
*** ANTE/BLINDS ***
2815 posts small blind 20
MathisKcr posts big blind 40
Dealt to MathisKcr [Kh 9h]
*** PRE-FLOP *** 
EL Rey 13 raises 79 to 119 and is all-in
2815 folds
MathisKcr calls 79
*** FLOP *** [As Jh 2d]
*** TURN *** [As Jh 2d][9c]
*** RIVER *** [As Jh 2d 9c][4s]
*** SHOW DOWN ***
EL Rey 13 shows [3s Qc] (High card : Ace)
MathisKcr shows [Kh 9h] (One pair : 9)
MathisKcr collected 258 from pot
*** SUMMARY ***
Total pot 258 | No rake
Board: [As Jh 2d 9c 4s]
Seat 1: MathisKcr (big blind) showed [Kh 9h] and won 258 with One pair : 9
Seat 2: EL Rey 13 (button) showed [3s Qc] and lost with High card : Ace


Winamax Poker - Tournament "Expresso Nitro" buyIn: 0.93€ + 0.07€ level: 3 - HandId: #4617568976866639873-7-1773043727 - Holdem no limit (20/40) - 2026/03/09 08:08:47 UTC
Table: 'Expresso Nitro(1075111557)#0' 3-max (real money) Seat #1 is the button
Seat 1: MathisKcr (616)
Seat 3: 2815 (284)
*** ANTE/BLINDS ***
MathisKcr posts small blind 20
2815 posts big blind 40
Dealt to MathisKcr [Ks 8d]
*** PRE-FLOP *** 
MathisKcr raises 576 to 616 and is all-in
2815 calls 244 and is all-in
*** FLOP *** [As 5h 3h]
*** TURN *** [As 5h 3h][Jh]
*** RIVER *** [As 5h 3h Jh][Js]
*** SHOW DOWN ***
MathisKcr shows [Ks 8d] (One pair : Jacks)
2815 shows [2h Qh] (Flush Queen high)
2815 collected 568 from main pot
MathisKcr collected 332 from side pot 1
*** SUMMARY ***
Total pot 900 | No rake
Board: [As 5h 3h Jh Js]
Seat 1: MathisKcr (small blind) (button) showed [Ks 8d] and won 332 with One pair : Jacks
Seat 3: 2815 (big blind) showed [2h Qh] and won 568 with Flush Queen high


Winamax Poker - Tournament "Expresso Nitro" buyIn: 0.93€ + 0.07€ level: 3 - HandId: #4617568976866639873-8-1773043745 - Holdem no limit (20/40) - 2026/03/09 08:09:05 UTC
Table: 'Expresso Nitro(1075111557)#0' 3-max (real money) Seat #3 is the button
Seat 1: MathisKcr (332)
Seat 3: 2815 (568)
*** ANTE/BLINDS ***
2815 posts small blind 20
MathisKcr posts big blind 40
Dealt to MathisKcr [4d 8h]
*** PRE-FLOP *** 
2815 calls 20
MathisKcr checks
*** FLOP *** [9h Kh Th]
MathisKcr checks
2815 checks
*** TURN *** [9h Kh Th][Kd]
MathisKcr bets 52
2815 folds
MathisKcr collected 132 from pot
*** SUMMARY ***
Total pot 132 | No rake
Board: [9h Kh Th Kd]
Seat 1: MathisKcr (big blind) won 132


Winamax Poker - Tournament "Expresso Nitro" buyIn: 0.93€ + 0.07€ level: 4 - HandId: #4617568976866639873-9-1773043761 - Holdem no limit (30/60) - 2026/03/09 08:09:21 UTC
Table: 'Expresso Nitro(1075111557)#0' 3-max (real money) Seat #1 is the button
Seat 1: MathisKcr (372)
Seat 3: 2815 (528)
*** ANTE/BLINDS ***
MathisKcr posts small blind 30
2815 posts big blind 60
Dealt to MathisKcr [8s 2h]
*** PRE-FLOP *** 
MathisKcr folds
2815 collected 90 from pot
*** SUMMARY ***
Total pot 90 | No rake
Seat 3: 2815 (big blind) won 90


Winamax Poker - Tournament "Expresso Nitro" buyIn: 0.93€ + 0.07€ level: 4 - HandId: #4617568976866639873-10-1773043766 - Holdem no limit (30/60) - 2026/03/09 08:09:26 UTC
Table: 'Expresso Nitro(1075111557)#0' 3-max (real money) Seat #3 is the button
Seat 1: MathisKcr (342)
Seat 3: 2815 (558)
*** ANTE/BLINDS ***
2815 posts small blind 30
MathisKcr posts big blind 60
Dealt to MathisKcr [4s 6h]
*** PRE-FLOP *** 
2815 calls 30
MathisKcr checks
*** FLOP *** [Ts Jd Jh]
MathisKcr checks
2815 checks
*** TURN *** [Ts Jd Jh][7c]
MathisKcr checks
2815 bets 120
MathisKcr folds
2815 collected 240 from pot
*** SUMMARY ***
Total pot 240 | No rake
Board: [Ts Jd Jh 7c]
Seat 3: 2815 (small blind) (button) won 240


Winamax Poker - Tournament "Expresso Nitro" buyIn: 0.93€ + 0.07€ level: 4 - HandId: #4617568976866639873-11-1773043779 - Holdem no limit (30/60) - 2026/03/09 08:09:39 UTC
Table: 'Expresso Nitro(1075111557)#0' 3-max (real money) Seat #1 is the button
Seat 1: MathisKcr (282)
Seat 3: 2815 (618)
*** ANTE/BLINDS ***
MathisKcr posts small blind 30
2815 posts big blind 60
Dealt to MathisKcr [Jh 3d]
*** PRE-FLOP *** 
MathisKcr calls 30
2815 checks
*** FLOP *** [2s 6s 4h]
2815 checks
MathisKcr bets 120
2815 folds
MathisKcr collected 240 from pot
*** SUMMARY ***
Total pot 240 | No rake
Board: [2s 6s 4h]
Seat 1: MathisKcr (small blind) (button) won 240


Winamax Poker - Tournament "Expresso Nitro" buyIn: 0.93€ + 0.07€ level: 4 - HandId: #4617568976866639873-12-1773043791 - Holdem no limit (30/60) - 2026/03/09 08:09:51 UTC
Table: 'Expresso Nitro(1075111557)#0' 3-max (real money) Seat #3 is the button
Seat 1: MathisKcr (342)
Seat 3: 2815 (558)
*** ANTE/BLINDS ***
2815 posts small blind 30
MathisKcr posts big blind 60
Dealt to MathisKcr [Js 9s]
*** PRE-FLOP *** 
2815 calls 30
MathisKcr raises 282 to 342 and is all-in
2815 folds
MathisKcr collected 402 from pot
*** SUMMARY ***
Total pot 402 | No rake
Seat 1: MathisKcr (big blind) won 402


Winamax Poker - Tournament "Expresso Nitro" buyIn: 0.93€ + 0.07€ level: 4 - HandId: #4617568976866639873-13-1773043799 - Holdem no limit (30/60) - 2026/03/09 08:09:59 UTC
Table: 'Expresso Nitro(1075111557)#0' 3-max (real money) Seat #1 is the button
Seat 1: MathisKcr (402)
Seat 3: 2815 (498)
*** ANTE/BLINDS ***
MathisKcr posts small blind 30
2815 posts big blind 60
Dealt to MathisKcr [Kd 6c]
*** PRE-FLOP *** 
MathisKcr raises 342 to 402 and is all-in
2815 folds
MathisKcr collected 462 from pot
*** SUMMARY ***
Total pot 462 | No rake
Seat 1: MathisKcr (small blind) (button) won 462


Winamax Poker - Tournament "Expresso Nitro" buyIn: 0.93€ + 0.07€ level: 4 - HandId: #4617568976866639873-14-1773043807 - Holdem no limit (30/60) - 2026/03/09 08:10:07 UTC
Table: 'Expresso Nitro(1075111557)#0' 3-max (real money) Seat #3 is the button
Seat 1: MathisKcr (462)
Seat 3: 2815 (438)
*** ANTE/BLINDS ***
2815 posts small blind 30
MathisKcr posts big blind 60
Dealt to MathisKcr [2h 8c]
*** PRE-FLOP *** 
2815 folds
MathisKcr collected 90 from pot
*** SUMMARY ***
Total pot 90 | No rake
Seat 1: MathisKcr (big blind) won 90


Winamax Poker - Tournament "Expresso Nitro" buyIn: 0.93€ + 0.07€ level: 4 - HandId: #4617568976866639873-15-1773043812 - Holdem no limit (30/60) - 2026/03/09 08:10:12 UTC
Table: 'Expresso Nitro(1075111557)#0' 3-max (real money) Seat #1 is the button
Seat 1: MathisKcr (492)
Seat 3: 2815 (408)
*** ANTE/BLINDS ***
MathisKcr posts small blind 30
2815 posts big blind 60
Dealt to MathisKcr [6s Jd]
*** PRE-FLOP *** 
MathisKcr calls 30
2815 checks
*** FLOP *** [3c Tc 9h]
2815 checks
MathisKcr checks
*** TURN *** [3c Tc 9h][9s]
2815 checks
MathisKcr checks
*** RIVER *** [3c Tc 9h 9s][7c]
2815 bets 78
MathisKcr folds
2815 collected 198 from pot
*** SUMMARY ***
Total pot 198 | No rake
Board: [3c Tc 9h 9s 7c]
Seat 3: 2815 (big blind) won 198


Winamax Poker - Tournament "Expresso Nitro" buyIn: 0.93€ + 0.07€ level: 5 - HandId: #4617568976866639873-16-1773043827 - Holdem no limit (40/80) - 2026/03/09 08:10:27 UTC
Table: 'Expresso Nitro(1075111557)#0' 3-max (real money) Seat #3 is the button
Seat 1: MathisKcr (432)
Seat 3: 2815 (468)
*** ANTE/BLINDS ***
2815 posts small blind 40
MathisKcr posts big blind 80
Dealt to MathisKcr [4h As]
*** PRE-FLOP *** 
2815 calls 40
MathisKcr raises 352 to 432 and is all-in
2815 folds
MathisKcr collected 512 from pot
*** SUMMARY ***
Total pot 512 | No rake
Seat 1: MathisKcr (big blind) won 512


Winamax Poker - Tournament "Expresso Nitro" buyIn: 0.93€ + 0.07€ level: 5 - HandId: #4617568976866639873-17-1773043835 - Holdem no limit (40/80) - 2026/03/09 08:10:35 UTC
Table: 'Expresso Nitro(1075111557)#0' 3-max (real money) Seat #1 is the button
Seat 1: MathisKcr (512)
Seat 3: 2815 (388)
*** ANTE/BLINDS ***
MathisKcr posts small blind 40
2815 posts big blind 80
Dealt to MathisKcr [Ac 8c]
*** PRE-FLOP *** 
MathisKcr raises 432 to 512 and is all-in
2815 calls 308 and is all-in
*** FLOP *** [Td Jc 3d]
*** TURN *** [Td Jc 3d][7d]
*** RIVER *** [Td Jc 3d 7d][Kc]
*** SHOW DOWN ***
2815 shows [4s Ah] (High card : Ace)
MathisKcr shows [Ac 8c] (High card : Ace)
MathisKcr collected 900 from pot
*** SUMMARY ***
Total pot 900 | No rake
Board: [Td Jc 3d 7d Kc]
Seat 1: MathisKcr (small blind) (button) showed [Ac 8c] and won 900 with High card : Ace
Seat 3: 2815 (big blind) showed [4s Ah] and lost with High card : Ace


