Winamax Poker - Tournament "Expresso Nitro" buyIn: 0.93€ + 0.07€ level: 1 - HandId: #4603566863790637057-1-1772472940 - Holdem no limit (10/20) - 2026/03/02 17:35:40 UTC
Table: 'Expresso Nitro(1071851436)#0' 3-max (real money) Seat #2 is the button
Seat 1: 2YNOTHNA9 (300)
Seat 2: MathisKcr (300)
Seat 3: Balistik2.0 (300)
*** ANTE/BLINDS ***
Balistik2.0 posts small blind 10
2YNOTHNA9 posts big blind 20
Dealt to MathisKcr [6h 4c]
*** PRE-FLOP *** 
MathisKcr folds
Balistik2.0 calls 10
2YNOTHNA9 raises 40 to 60
Balistik2.0 calls 40
*** FLOP *** [2c 6s Kh]
Balistik2.0 bets 240 and is all-in
2YNOTHNA9 calls 240 and is all-in
*** TURN *** [2c 6s Kh][3d]
*** RIVER *** [2c 6s Kh 3d][5s]
*** SHOW DOWN ***
Balistik2.0 shows [2s Ac] (One pair : 2)
2YNOTHNA9 shows [As 6d] (One pair : 6)
2YNOTHNA9 collected 600 from pot
*** SUMMARY ***
Total pot 600 | No rake
Board: [2c 6s Kh 3d 5s]
Seat 1: 2YNOTHNA9 (big blind) showed [As 6d] and won 600 with One pair : 6
Seat 3: Balistik2.0 (small blind) showed [2s Ac] and lost with One pair : 2


Winamax Poker - Tournament "Expresso Nitro" buyIn: 0.93€ + 0.07€ level: 1 - HandId: #4603566863790637057-2-1772472965 - Holdem no limit (10/20) - 2026/03/02 17:36:05 UTC
Table: 'Expresso Nitro(1071851436)#0' 3-max (real money) Seat #1 is the button
Seat 1: 2YNOTHNA9 (600)
Seat 2: MathisKcr (300)
*** ANTE/BLINDS ***
2YNOTHNA9 posts small blind 10
MathisKcr posts big blind 20
Dealt to MathisKcr [3h Kd]
*** PRE-FLOP *** 
2YNOTHNA9 calls 10
MathisKcr checks
*** FLOP *** [8d 6c As]
MathisKcr checks
2YNOTHNA9 bets 40
MathisKcr folds
2YNOTHNA9 collected 80 from pot
*** SUMMARY ***
Total pot 80 | No rake
Board: [8d 6c As]
Seat 1: 2YNOTHNA9 (small blind) (button) won 80


Winamax Poker - Tournament "Expresso Nitro" buyIn: 0.93€ + 0.07€ level: 1 - HandId: #4603566863790637057-3-1772472979 - Holdem no limit (10/20) - 2026/03/02 17:36:19 UTC
Table: 'Expresso Nitro(1071851436)#0' 3-max (real money) Seat #2 is the button
Seat 1: 2YNOTHNA9 (620)
Seat 2: MathisKcr (280)
*** ANTE/BLINDS ***
MathisKcr posts small blind 10
2YNOTHNA9 posts big blind 20
Dealt to MathisKcr [9s Jd]
*** PRE-FLOP *** 
MathisKcr raises 20 to 40
2YNOTHNA9 calls 20
*** FLOP *** [8h 6c Qh]
2YNOTHNA9 bets 580 and is all-in
MathisKcr folds
2YNOTHNA9 collected 660 from pot
*** SUMMARY ***
Total pot 660 | No rake
Board: [8h 6c Qh]
Seat 1: 2YNOTHNA9 (big blind) won 660


Winamax Poker - Tournament "Expresso Nitro" buyIn: 0.93€ + 0.07€ level: 1 - HandId: #4603566863790637057-4-1772472989 - Holdem no limit (10/20) - 2026/03/02 17:36:29 UTC
Table: 'Expresso Nitro(1071851436)#0' 3-max (real money) Seat #1 is the button
Seat 1: 2YNOTHNA9 (660)
Seat 2: MathisKcr (240)
*** ANTE/BLINDS ***
2YNOTHNA9 posts small blind 10
MathisKcr posts big blind 20
Dealt to MathisKcr [Th 5h]
*** PRE-FLOP *** 
2YNOTHNA9 raises 40 to 60
MathisKcr folds
2YNOTHNA9 collected 80 from pot
*** SUMMARY ***
Total pot 80 | No rake
Seat 1: 2YNOTHNA9 (small blind) (button) won 80


Winamax Poker - Tournament "Expresso Nitro" buyIn: 0.93€ + 0.07€ level: 1 - HandId: #4603566863790637057-5-1772472995 - Holdem no limit (10/20) - 2026/03/02 17:36:35 UTC
Table: 'Expresso Nitro(1071851436)#0' 3-max (real money) Seat #2 is the button
Seat 1: 2YNOTHNA9 (680)
Seat 2: MathisKcr (220)
*** ANTE/BLINDS ***
MathisKcr posts small blind 10
2YNOTHNA9 posts big blind 20
Dealt to MathisKcr [Ah 8c]
*** PRE-FLOP *** 
MathisKcr raises 200 to 220 and is all-in
2YNOTHNA9 raises 460 to 680 and is all-in
*** FLOP *** [Ac 6c 4d]
*** TURN *** [Ac 6c 4d][Tc]
*** RIVER *** [Ac 6c 4d Tc][5h]
*** SHOW DOWN ***
2YNOTHNA9 shows [Qh Kd] (High card : Ace)
MathisKcr shows [Ah 8c] (One pair : Aces)
MathisKcr collected 440 from main pot
2YNOTHNA9 collected 460 from side pot 1
*** SUMMARY ***
Total pot 900 | No rake
Board: [Ac 6c 4d Tc 5h]
Seat 1: 2YNOTHNA9 (big blind) showed [Qh Kd] and won 460 with High card : Ace
Seat 2: MathisKcr (small blind) (button) showed [Ah 8c] and won 440 with One pair : Aces


Winamax Poker - Tournament "Expresso Nitro" buyIn: 0.93€ + 0.07€ level: 2 - HandId: #4603566863790637057-6-1772473009 - Holdem no limit (15/30) - 2026/03/02 17:36:49 UTC
Table: 'Expresso Nitro(1071851436)#0' 3-max (real money) Seat #1 is the button
Seat 1: 2YNOTHNA9 (460)
Seat 2: MathisKcr (440)
*** ANTE/BLINDS ***
2YNOTHNA9 posts small blind 15
MathisKcr posts big blind 30
Dealt to MathisKcr [Ah Jc]
*** PRE-FLOP *** 
2YNOTHNA9 raises 430 to 460 and is all-in
MathisKcr calls 410 and is all-in
*** FLOP *** [Ad 4s Kh]
*** TURN *** [Ad 4s Kh][9d]
*** RIVER *** [Ad 4s Kh 9d][2h]
*** SHOW DOWN ***
2YNOTHNA9 shows [8h As] (One pair : Aces)
MathisKcr shows [Ah Jc] (One pair : Aces)
MathisKcr collected 880 from main pot
2YNOTHNA9 collected 20 from side pot 1
*** SUMMARY ***
Total pot 900 | No rake
Board: [Ad 4s Kh 9d 2h]
Seat 1: 2YNOTHNA9 (small blind) (button) showed [8h As] and won 20 with One pair : Aces
Seat 2: MathisKcr (big blind) showed [Ah Jc] and won 880 with One pair : Aces


Winamax Poker - Tournament "Expresso Nitro" buyIn: 0.93€ + 0.07€ level: 2 - HandId: #4603566863790637057-7-1772473020 - Holdem no limit (15/30) - 2026/03/02 17:37:00 UTC
Table: 'Expresso Nitro(1071851436)#0' 3-max (real money) Seat #2 is the button
Seat 1: 2YNOTHNA9 (20)
Seat 2: MathisKcr (880)
*** ANTE/BLINDS ***
MathisKcr posts small blind 15
2YNOTHNA9 posts big blind 20 and is all-in
Dealt to MathisKcr [Ts Td]
*** PRE-FLOP *** 
MathisKcr calls 15
*** FLOP *** [2h 9d Jh]
*** TURN *** [2h 9d Jh][Js]
*** RIVER *** [2h 9d Jh Js][Qc]
*** SHOW DOWN ***
2YNOTHNA9 shows [7h 8s] (One pair : Jacks)
MathisKcr shows [Ts Td] (Two pairs : Jacks and Tens)
MathisKcr collected 50 from pot
*** SUMMARY ***
Total pot 50 | No rake
Board: [2h 9d Jh Js Qc]
Seat 1: 2YNOTHNA9 (big blind) showed [7h 8s] and lost with One pair : Jacks
Seat 2: MathisKcr (small blind) (button) showed [Ts Td] and won 50 with Two pairs : Jacks and Tens


