Winamax Poker - Tournament "Expresso Nitro" buyIn: 0.46€ + 0.04€ level: 1 - HandId: #4541531910945374209-1-1770211563 - Holdem no limit (10/20) - 2026/02/04 13:26:03 UTC
Table: 'Expresso Nitro(1057407798)#0' 3-max (real money) Seat #1 is the button
Seat 1: MathisKcr (300)
Seat 2: whiskycheli7 (300)
Seat 3: Anticipation (300)
*** ANTE/BLINDS ***
whiskycheli7 posts small blind 10
Anticipation posts big blind 20
Dealt to MathisKcr [Qc 9d]
*** PRE-FLOP *** 
MathisKcr raises 20 to 40
whiskycheli7 calls 30
Anticipation raises 260 to 300 and is all-in
MathisKcr calls 260 and is all-in
whiskycheli7 folds
*** FLOP *** [As 2d Th]
*** TURN *** [As 2d Th][3d]
*** RIVER *** [As 2d Th 3d][4s]
*** SHOW DOWN ***
MathisKcr shows [Qc 9d] (High card : Ace)
Anticipation shows [5s 5c] (Straight 5 high)
Anticipation collected 640 from pot
*** SUMMARY ***
Total pot 640 | No rake
Board: [As 2d Th 3d 4s]
Seat 1: MathisKcr (button) showed [Qc 9d] and lost with High card : Ace
Seat 3: Anticipation (big blind) showed [5s 5c] and won 640 with Straight 5 high


