Winamax Poker - Tournament "Expresso Nitro" buyIn: 0.93€ + 0.07€ level: 1 - HandId: #4593455007537299457-1-1772050947 - Holdem no limit (10/20) - 2026/02/25 20:22:27 UTC
Table: 'Expresso Nitro(1069497086)#0' 3-max (real money) Seat #2 is the button
Seat 1: RednighT56 (300)
Seat 2: MathisKcr (300)
Seat 3: Poka Pakuva (300)
*** ANTE/BLINDS ***
Poka Pakuva posts small blind 10
RednighT56 posts big blind 20
Dealt to MathisKcr [8d Kc]
*** PRE-FLOP *** 
MathisKcr raises 20 to 40
Poka Pakuva calls 30
RednighT56 calls 20
*** FLOP *** [Td Qh Qs]
Poka Pakuva checks
RednighT56 checks
MathisKcr checks
*** TURN *** [Td Qh Qs][9h]
Poka Pakuva checks
RednighT56 checks
MathisKcr checks
*** RIVER *** [Td Qh Qs 9h][5d]
Poka Pakuva checks
RednighT56 checks
MathisKcr checks
*** SHOW DOWN ***
RednighT56 shows [6c 2c] (One pair : Queens)
MathisKcr shows [8d Kc] (One pair : Queens)
Poka Pakuva shows [3d As] (One pair : Queens)
Poka Pakuva collected 120 from pot
*** SUMMARY ***
Total pot 120 | No rake
Board: [Td Qh Qs 9h 5d]
Seat 1: RednighT56 (big blind) showed [6c 2c] and lost with One pair : Queens
Seat 2: MathisKcr (button) showed [8d Kc] and lost with One pair : Queens
Seat 3: Poka Pakuva (small blind) showed [3d As] and won 120 with One pair : Queens


Winamax Poker - Tournament "Expresso Nitro" buyIn: 0.93€ + 0.07€ level: 1 - HandId: #4593455007537299457-2-1772050979 - Holdem no limit (10/20) - 2026/02/25 20:22:59 UTC
Table: 'Expresso Nitro(1069497086)#0' 3-max (real money) Seat #3 is the button
Seat 1: RednighT56 (260)
Seat 2: MathisKcr (260)
Seat 3: Poka Pakuva (380)
*** ANTE/BLINDS ***
RednighT56 posts small blind 10
MathisKcr posts big blind 20
Dealt to MathisKcr [3h 7h]
*** PRE-FLOP *** 
Poka Pakuva calls 20
RednighT56 calls 10
MathisKcr checks
*** FLOP *** [Ac 9s 2h]
RednighT56 bets 39
MathisKcr folds
Poka Pakuva calls 39
*** TURN *** [Ac 9s 2h][6s]
RednighT56 bets 90
Poka Pakuva raises 90 to 180
RednighT56 calls 90
*** RIVER *** [Ac 9s 2h 6s][4s]
RednighT56 checks
Poka Pakuva bets 20
RednighT56 calls 20
*** SHOW DOWN ***
RednighT56 shows [Qh Jd] (High card : Ace)
Poka Pakuva shows [2d Ah] (Two pairs : Aces and 2)
Poka Pakuva collected 538 from pot
*** SUMMARY ***
Total pot 538 | No rake
Board: [Ac 9s 2h 6s 4s]
Seat 1: RednighT56 (small blind) showed [Qh Jd] and lost with High card : Ace
Seat 3: Poka Pakuva (button) showed [2d Ah] and won 538 with Two pairs : Aces and 2


Winamax Poker - Tournament "Expresso Nitro" buyIn: 0.93€ + 0.07€ level: 2 - HandId: #4593455007537299457-3-1772051008 - Holdem no limit (15/30) - 2026/02/25 20:23:28 UTC
Table: 'Expresso Nitro(1069497086)#0' 3-max (real money) Seat #1 is the button
Seat 1: RednighT56 (1)
Seat 2: MathisKcr (240)
Seat 3: Poka Pakuva (659)
*** ANTE/BLINDS ***
MathisKcr posts small blind 15
Poka Pakuva posts big blind 30
Dealt to MathisKcr [4c 9c]
*** PRE-FLOP *** 
RednighT56 calls 1 and is all-in
MathisKcr raises 30 to 60
Poka Pakuva calls 30
*** FLOP *** [Ts 7c Qs]
MathisKcr checks
Poka Pakuva bets 42
MathisKcr folds
*** TURN *** [Ts 7c Qs][Kd]
*** RIVER *** [Ts 7c Qs Kd][2h]
*** SHOW DOWN ***
RednighT56 shows [As 9h] (High card : Ace)
Poka Pakuva shows [9s Td] (One pair : Tens)
Poka Pakuva collected 163 from pot
*** SUMMARY ***
Total pot 163 | No rake
Board: [Ts 7c Qs Kd 2h]
Seat 1: RednighT56 (button) showed [As 9h] and lost with High card : Ace
Seat 3: Poka Pakuva (big blind) showed [9s Td] and won 163 with One pair : Tens


Winamax Poker - Tournament "Expresso Nitro" buyIn: 0.93€ + 0.07€ level: 2 - HandId: #4593455007537299457-4-1772051031 - Holdem no limit (15/30) - 2026/02/25 20:23:51 UTC
Table: 'Expresso Nitro(1069497086)#0' 3-max (real money) Seat #3 is the button
Seat 2: MathisKcr (180)
Seat 3: Poka Pakuva (720)
*** ANTE/BLINDS ***
Poka Pakuva posts small blind 15
MathisKcr posts big blind 30
Dealt to MathisKcr [5d Jc]
*** PRE-FLOP *** 
Poka Pakuva calls 15
MathisKcr raises 30 to 60
Poka Pakuva calls 30
*** FLOP *** [4s 2s 3d]
MathisKcr bets 120 and is all-in
Poka Pakuva calls 120
*** TURN *** [4s 2s 3d][9s]
*** RIVER *** [4s 2s 3d 9s][8d]
*** SHOW DOWN ***
MathisKcr shows [5d Jc] (High card : Jack)
Poka Pakuva shows [Qs 5c] (High card : Queen)
Poka Pakuva collected 360 from pot
*** SUMMARY ***
Total pot 360 | No rake
Board: [4s 2s 3d 9s 8d]
Seat 2: MathisKcr (big blind) showed [5d Jc] and lost with High card : Jack
Seat 3: Poka Pakuva (small blind) (button) showed [Qs 5c] and won 360 with High card : Queen


