Winamax Poker - Tournament "Expresso Nitro" buyIn: 0.93€ + 0.07€ level: 1 - HandId: #4653412875543511041-1-1774201134 - Holdem no limit (10/20) - 2026/03/22 17:38:54 UTC
Table: 'Expresso Nitro(1083457115)#0' 3-max (real money) Seat #1 is the button
Seat 1: PlayOrFun80 (300)
Seat 2: MathisKcr (300)
Seat 3: Wesnake (300)
*** ANTE/BLINDS ***
MathisKcr posts small blind 10
Wesnake posts big blind 20
Dealt to MathisKcr [6d Qs]
*** PRE-FLOP *** 
PlayOrFun80 raises 280 to 300 and is all-in
MathisKcr folds
Wesnake calls 280 and is all-in
*** FLOP *** [Qc 8s 8h]
*** TURN *** [Qc 8s 8h][4h]
*** RIVER *** [Qc 8s 8h 4h][Ks]
*** SHOW DOWN ***
Wesnake shows [Td Ac] (One pair : 8)
PlayOrFun80 shows [5d 5h] (Two pairs : 8 and 5)
PlayOrFun80 collected 610 from pot
*** SUMMARY ***
Total pot 610 | No rake
Board: [Qc 8s 8h 4h Ks]
Seat 1: PlayOrFun80 (button) showed [5d 5h] and won 610 with Two pairs : 8 and 5
Seat 3: Wesnake (big blind) showed [Td Ac] and lost with One pair : 8


Winamax Poker - Tournament "Expresso Nitro" buyIn: 0.93€ + 0.07€ level: 1 - HandId: #4653412875543511041-2-1774201158 - Holdem no limit (10/20) - 2026/03/22 17:39:18 UTC
Table: 'Expresso Nitro(1083457115)#0' 3-max (real money) Seat #1 is the button
Seat 1: PlayOrFun80 (610)
Seat 2: MathisKcr (290)
*** ANTE/BLINDS ***
PlayOrFun80 posts small blind 10
MathisKcr posts big blind 20
Dealt to MathisKcr [7s 2d]
*** PRE-FLOP *** 
PlayOrFun80 raises 20 to 40
MathisKcr folds
PlayOrFun80 collected 60 from pot
*** SUMMARY ***
Total pot 60 | No rake
Seat 1: PlayOrFun80 (small blind) (button) won 60


Winamax Poker - Tournament "Expresso Nitro" buyIn: 0.93€ + 0.07€ level: 1 - HandId: #4653412875543511041-3-1774201165 - Holdem no limit (10/20) - 2026/03/22 17:39:25 UTC
Table: 'Expresso Nitro(1083457115)#0' 3-max (real money) Seat #2 is the button
Seat 1: PlayOrFun80 (630)
Seat 2: MathisKcr (270)
*** ANTE/BLINDS ***
MathisKcr posts small blind 10
PlayOrFun80 posts big blind 20
Dealt to MathisKcr [Ad 5c]
*** PRE-FLOP *** 
MathisKcr raises 20 to 40
PlayOrFun80 calls 20
*** FLOP *** [5s Qh Th]
PlayOrFun80 checks
MathisKcr bets 28
PlayOrFun80 folds
MathisKcr collected 108 from pot
*** SUMMARY ***
Total pot 108 | No rake
Board: [5s Qh Th]
Seat 2: MathisKcr (small blind) (button) won 108


Winamax Poker - Tournament "Expresso Nitro" buyIn: 0.93€ + 0.07€ level: 1 - HandId: #4653412875543511041-4-1774201178 - Holdem no limit (10/20) - 2026/03/22 17:39:38 UTC
Table: 'Expresso Nitro(1083457115)#0' 3-max (real money) Seat #1 is the button
Seat 1: PlayOrFun80 (590)
Seat 2: MathisKcr (310)
*** ANTE/BLINDS ***
PlayOrFun80 posts small blind 10
MathisKcr posts big blind 20
Dealt to MathisKcr [2s 7d]
*** PRE-FLOP *** 
PlayOrFun80 raises 30 to 50
MathisKcr folds
PlayOrFun80 collected 70 from pot
*** SUMMARY ***
Total pot 70 | No rake
Seat 1: PlayOrFun80 (small blind) (button) won 70


Winamax Poker - Tournament "Expresso Nitro" buyIn: 0.93€ + 0.07€ level: 1 - HandId: #4653412875543511041-5-1774201185 - Holdem no limit (10/20) - 2026/03/22 17:39:45 UTC
Table: 'Expresso Nitro(1083457115)#0' 3-max (real money) Seat #2 is the button
Seat 1: PlayOrFun80 (610)
Seat 2: MathisKcr (290)
*** ANTE/BLINDS ***
MathisKcr posts small blind 10
PlayOrFun80 posts big blind 20
Dealt to MathisKcr [5c Ts]
*** PRE-FLOP *** 
MathisKcr raises 20 to 40
PlayOrFun80 raises 30 to 70
MathisKcr calls 30
*** FLOP *** [Kh 2c 7c]
PlayOrFun80 checks
MathisKcr bets 70
PlayOrFun80 raises 70 to 140
MathisKcr folds
PlayOrFun80 collected 350 from pot
*** SUMMARY ***
Total pot 350 | No rake
Board: [Kh 2c 7c]
Seat 1: PlayOrFun80 (big blind) won 350


Winamax Poker - Tournament "Expresso Nitro" buyIn: 0.93€ + 0.07€ level: 2 - HandId: #4653412875543511041-6-1774201200 - Holdem no limit (15/30) - 2026/03/22 17:40:00 UTC
Table: 'Expresso Nitro(1083457115)#0' 3-max (real money) Seat #1 is the button
Seat 1: PlayOrFun80 (750)
Seat 2: MathisKcr (150)
*** ANTE/BLINDS ***
PlayOrFun80 posts small blind 15
MathisKcr posts big blind 30
Dealt to MathisKcr [Kc 8c]
*** PRE-FLOP *** 
PlayOrFun80 folds
MathisKcr collected 45 from pot
*** SUMMARY ***
Total pot 45 | No rake
Seat 2: MathisKcr (big blind) won 45


Winamax Poker - Tournament "Expresso Nitro" buyIn: 0.93€ + 0.07€ level: 2 - HandId: #4653412875543511041-7-1774201204 - Holdem no limit (15/30) - 2026/03/22 17:40:04 UTC
Table: 'Expresso Nitro(1083457115)#0' 3-max (real money) Seat #2 is the button
Seat 1: PlayOrFun80 (735)
Seat 2: MathisKcr (165)
*** ANTE/BLINDS ***
MathisKcr posts small blind 15
PlayOrFun80 posts big blind 30
Dealt to MathisKcr [3c 8c]
*** PRE-FLOP *** 
MathisKcr calls 15
PlayOrFun80 checks
*** FLOP *** [8s 3h 2c]
PlayOrFun80 checks
MathisKcr bets 60
PlayOrFun80 folds
MathisKcr collected 120 from pot
*** SUMMARY ***
Total pot 120 | No rake
Board: [8s 3h 2c]
Seat 2: MathisKcr (small blind) (button) won 120


Winamax Poker - Tournament "Expresso Nitro" buyIn: 0.93€ + 0.07€ level: 2 - HandId: #4653412875543511041-8-1774201218 - Holdem no limit (15/30) - 2026/03/22 17:40:18 UTC
Table: 'Expresso Nitro(1083457115)#0' 3-max (real money) Seat #1 is the button
Seat 1: PlayOrFun80 (705)
Seat 2: MathisKcr (195)
*** ANTE/BLINDS ***
PlayOrFun80 posts small blind 15
MathisKcr posts big blind 30
Dealt to MathisKcr [3h 7s]
*** PRE-FLOP *** 
PlayOrFun80 raises 30 to 60
MathisKcr folds
PlayOrFun80 collected 90 from pot
*** SUMMARY ***
Total pot 90 | No rake
Seat 1: PlayOrFun80 (small blind) (button) won 90


Winamax Poker - Tournament "Expresso Nitro" buyIn: 0.93€ + 0.07€ level: 2 - HandId: #4653412875543511041-9-1774201224 - Holdem no limit (15/30) - 2026/03/22 17:40:24 UTC
Table: 'Expresso Nitro(1083457115)#0' 3-max (real money) Seat #2 is the button
Seat 1: PlayOrFun80 (735)
Seat 2: MathisKcr (165)
*** ANTE/BLINDS ***
MathisKcr posts small blind 15
PlayOrFun80 posts big blind 30
Dealt to MathisKcr [Ac 5s]
*** PRE-FLOP *** 
MathisKcr raises 135 to 165 and is all-in
PlayOrFun80 folds
MathisKcr collected 195 from pot
*** SUMMARY ***
Total pot 195 | No rake
Seat 2: MathisKcr (small blind) (button) won 195


Winamax Poker - Tournament "Expresso Nitro" buyIn: 0.93€ + 0.07€ level: 2 - HandId: #4653412875543511041-10-1774201230 - Holdem no limit (15/30) - 2026/03/22 17:40:30 UTC
Table: 'Expresso Nitro(1083457115)#0' 3-max (real money) Seat #1 is the button
Seat 1: PlayOrFun80 (705)
Seat 2: MathisKcr (195)
*** ANTE/BLINDS ***
PlayOrFun80 posts small blind 15
MathisKcr posts big blind 30
Dealt to MathisKcr [4c 2s]
*** PRE-FLOP *** 
PlayOrFun80 raises 45 to 75
MathisKcr folds
PlayOrFun80 collected 105 from pot
*** SUMMARY ***
Total pot 105 | No rake
Seat 1: PlayOrFun80 (small blind) (button) won 105


Winamax Poker - Tournament "Expresso Nitro" buyIn: 0.93€ + 0.07€ level: 2 - HandId: #4653412875543511041-11-1774201236 - Holdem no limit (15/30) - 2026/03/22 17:40:36 UTC
Table: 'Expresso Nitro(1083457115)#0' 3-max (real money) Seat #2 is the button
Seat 1: PlayOrFun80 (735)
Seat 2: MathisKcr (165)
*** ANTE/BLINDS ***
MathisKcr posts small blind 15
PlayOrFun80 posts big blind 30
Dealt to MathisKcr [Js Qs]
*** PRE-FLOP *** 
MathisKcr raises 135 to 165 and is all-in
PlayOrFun80 folds
MathisKcr collected 195 from pot
*** SUMMARY ***
Total pot 195 | No rake
Seat 2: MathisKcr (small blind) (button) won 195


Winamax Poker - Tournament "Expresso Nitro" buyIn: 0.93€ + 0.07€ level: 2 - HandId: #4653412875543511041-12-1774201242 - Holdem no limit (15/30) - 2026/03/22 17:40:42 UTC
Table: 'Expresso Nitro(1083457115)#0' 3-max (real money) Seat #1 is the button
Seat 1: PlayOrFun80 (705)
Seat 2: MathisKcr (195)
*** ANTE/BLINDS ***
PlayOrFun80 posts small blind 15
MathisKcr posts big blind 30
Dealt to MathisKcr [5d 6h]
*** PRE-FLOP *** 
PlayOrFun80 raises 45 to 75
MathisKcr raises 120 to 195 and is all-in
PlayOrFun80 calls 120
*** FLOP *** [Jh Jd Ad]
*** TURN *** [Jh Jd Ad][2c]
*** RIVER *** [Jh Jd Ad 2c][8h]
*** SHOW DOWN ***
MathisKcr shows [5d 6h] (One pair : Jacks)
PlayOrFun80 shows [9d 7d] (One pair : Jacks)
PlayOrFun80 collected 390 from pot
*** SUMMARY ***
Total pot 390 | No rake
Board: [Jh Jd Ad 2c 8h]
Seat 1: PlayOrFun80 (small blind) (button) showed [9d 7d] and won 390 with One pair : Jacks
Seat 2: MathisKcr (big blind) showed [5d 6h] and lost with One pair : Jacks


