Winamax Poker - Tournament "Expresso Nitro" buyIn: 0.93€ + 0.07€ level: 1 - HandId: #4666326076971024385-1-1774706676 - Holdem no limit (10/20) - 2026/03/28 14:04:36 UTC
Table: 'Expresso Nitro(1086463704)#0' 3-max (real money) Seat #3 is the button
Seat 1: John340606 (300)
Seat 2: MathisKcr (300)
Seat 3: MoutardeMiel (300)
*** ANTE/BLINDS ***
John340606 posts small blind 10
MathisKcr posts big blind 20
Dealt to MathisKcr [Jc 9d]
*** PRE-FLOP *** 
MoutardeMiel raises 30 to 50
John340606 calls 40
MathisKcr calls 30
*** FLOP *** [2h 3s 3d]
John340606 checks
MathisKcr checks
MoutardeMiel checks
*** TURN *** [2h 3s 3d][2s]
John340606 checks
MathisKcr checks
MoutardeMiel bets 53
John340606 folds
MathisKcr folds
MoutardeMiel collected 203 from pot
*** SUMMARY ***
Total pot 203 | No rake
Board: [2h 3s 3d 2s]
Seat 3: MoutardeMiel (button) won 203


Winamax Poker - Tournament "Expresso Nitro" buyIn: 0.93€ + 0.07€ level: 1 - HandId: #4666326076971024385-2-1774706712 - Holdem no limit (10/20) - 2026/03/28 14:05:12 UTC
Table: 'Expresso Nitro(1086463704)#0' 3-max (real money) Seat #1 is the button
Seat 1: John340606 (250)
Seat 2: MathisKcr (250)
Seat 3: MoutardeMiel (400)
*** ANTE/BLINDS ***
MathisKcr posts small blind 10
MoutardeMiel posts big blind 20
Dealt to MathisKcr [Tc Jc]
*** PRE-FLOP *** 
John340606 calls 20
MathisKcr raises 230 to 250 and is all-in
MoutardeMiel folds
John340606 folds
MathisKcr collected 290 from pot
*** SUMMARY ***
Total pot 290 | No rake
Seat 2: MathisKcr (small blind) won 290


Winamax Poker - Tournament "Expresso Nitro" buyIn: 0.93€ + 0.07€ level: 1 - HandId: #4666326076971024385-3-1774706723 - Holdem no limit (10/20) - 2026/03/28 14:05:23 UTC
Table: 'Expresso Nitro(1086463704)#0' 3-max (real money) Seat #2 is the button
Seat 1: John340606 (230)
Seat 2: MathisKcr (290)
Seat 3: MoutardeMiel (380)
*** ANTE/BLINDS ***
MoutardeMiel posts small blind 10
John340606 posts big blind 20
Dealt to MathisKcr [Qc Kd]
*** PRE-FLOP *** 
MathisKcr raises 20 to 40
MoutardeMiel folds
John340606 folds
MathisKcr collected 70 from pot
*** SUMMARY ***
Total pot 70 | No rake
Seat 2: MathisKcr (button) won 70


Winamax Poker - Tournament "Expresso Nitro" buyIn: 0.93€ + 0.07€ level: 2 - HandId: #4666326076971024385-4-1774706735 - Holdem no limit (15/30) - 2026/03/28 14:05:35 UTC
Table: 'Expresso Nitro(1086463704)#0' 3-max (real money) Seat #3 is the button
Seat 1: John340606 (210)
Seat 2: MathisKcr (320)
Seat 3: MoutardeMiel (370)
*** ANTE/BLINDS ***
John340606 posts small blind 15
MathisKcr posts big blind 30
Dealt to MathisKcr [Th 3d]
*** PRE-FLOP *** 
MoutardeMiel folds
John340606 raises 180 to 210 and is all-in
MathisKcr folds
John340606 collected 240 from pot
*** SUMMARY ***
Total pot 240 | No rake
Seat 1: John340606 (small blind) won 240


Winamax Poker - Tournament "Expresso Nitro" buyIn: 0.93€ + 0.07€ level: 2 - HandId: #4666326076971024385-5-1774706749 - Holdem no limit (15/30) - 2026/03/28 14:05:49 UTC
Table: 'Expresso Nitro(1086463704)#0' 3-max (real money) Seat #1 is the button
Seat 1: John340606 (240)
Seat 2: MathisKcr (290)
Seat 3: MoutardeMiel (370)
*** ANTE/BLINDS ***
MathisKcr posts small blind 15
MoutardeMiel posts big blind 30
Dealt to MathisKcr [6c Ad]
*** PRE-FLOP *** 
John340606 raises 75 to 105
MathisKcr raises 185 to 290 and is all-in
MoutardeMiel folds
John340606 calls 135 and is all-in
*** FLOP *** [Kc 7s Js]
*** TURN *** [Kc 7s Js][6s]
*** RIVER *** [Kc 7s Js 6s][5h]
*** SHOW DOWN ***
John340606 shows [Kh Ah] (One pair : Kings)
MathisKcr shows [6c Ad] (One pair : 6)
MathisKcr collected 50 from side pot 1
John340606 collected 510 from main pot
*** SUMMARY ***
Total pot 560 | No rake
Board: [Kc 7s Js 6s 5h]
Seat 1: John340606 (button) showed [Kh Ah] and won 510 with One pair : Kings
Seat 2: MathisKcr (small blind) showed [6c Ad] and won 50 with One pair : 6


Winamax Poker - Tournament "Expresso Nitro" buyIn: 0.93€ + 0.07€ level: 2 - HandId: #4666326076971024385-6-1774706771 - Holdem no limit (15/30) - 2026/03/28 14:06:11 UTC
Table: 'Expresso Nitro(1086463704)#0' 3-max (real money) Seat #2 is the button
Seat 1: John340606 (510)
Seat 2: MathisKcr (50)
Seat 3: MoutardeMiel (340)
*** ANTE/BLINDS ***
MoutardeMiel posts small blind 15
John340606 posts big blind 30
Dealt to MathisKcr [9d Td]
*** PRE-FLOP *** 
MathisKcr raises 20 to 50 and is all-in
MoutardeMiel folds
John340606 folds
MathisKcr collected 95 from pot
*** SUMMARY ***
Total pot 95 | No rake
Seat 2: MathisKcr (button) won 95


Winamax Poker - Tournament "Expresso Nitro" buyIn: 0.93€ + 0.07€ level: 2 - HandId: #4666326076971024385-7-1774706789 - Holdem no limit (15/30) - 2026/03/28 14:06:29 UTC
Table: 'Expresso Nitro(1086463704)#0' 3-max (real money) Seat #3 is the button
Seat 1: John340606 (480)
Seat 2: MathisKcr (95)
Seat 3: MoutardeMiel (325)
*** ANTE/BLINDS ***
John340606 posts small blind 15
MathisKcr posts big blind 30
Dealt to MathisKcr [Ac 3d]
*** PRE-FLOP *** 
MoutardeMiel calls 30
John340606 raises 450 to 480 and is all-in
MathisKcr calls 65 and is all-in
MoutardeMiel calls 295 and is all-in
*** FLOP *** [Qs 6c Td]
*** TURN *** [Qs 6c Td][7d]
*** RIVER *** [Qs 6c Td 7d][Qc]
*** SHOW DOWN ***
MathisKcr shows [Ac 3d] (One pair : Queens)
MoutardeMiel shows [3h 6h] (Two pairs : Queens and 6)
John340606 shows [9c 9s] (Two pairs : Queens and 9)
John340606 collected 900 from pot
*** SUMMARY ***
Total pot 900 | No rake
Board: [Qs 6c Td 7d Qc]
Seat 1: John340606 (small blind) showed [9c 9s] and won 900 with Two pairs : Queens and 9
Seat 2: MathisKcr (big blind) showed [Ac 3d] and lost with One pair : Queens
Seat 3: MoutardeMiel (button) showed [3h 6h] and lost with Two pairs : Queens and 6


