Winamax Poker - Tournament "Expresso Nitro" buyIn: 0.93€ + 0.07€ level: 1 - HandId: #4675938918154108929-1-1775073762 - Holdem no limit (10/20) - 2026/04/01 20:02:42 UTC
Table: 'Expresso Nitro(1088701868)#0' 3-max (real money) Seat #1 is the button
Seat 1: MathisKcr (300)
Seat 2: kool-chienne (300)
Seat 3: As-des-As69 (300)
*** ANTE/BLINDS ***
kool-chienne posts small blind 10
As-des-As69 posts big blind 20
Dealt to MathisKcr [Ts 9c]
*** PRE-FLOP *** 
MathisKcr folds
kool-chienne folds
As-des-As69 collected 30 from pot
*** SUMMARY ***
Total pot 30 | No rake
Seat 3: As-des-As69 (big blind) won 30


Winamax Poker - Tournament "Expresso Nitro" buyIn: 0.93€ + 0.07€ level: 1 - HandId: #4675938918154108929-2-1775073770 - Holdem no limit (10/20) - 2026/04/01 20:02:50 UTC
Table: 'Expresso Nitro(1088701868)#0' 3-max (real money) Seat #2 is the button
Seat 1: MathisKcr (300)
Seat 2: kool-chienne (290)
Seat 3: As-des-As69 (310)
*** ANTE/BLINDS ***
As-des-As69 posts small blind 10
MathisKcr posts big blind 20
Dealt to MathisKcr [6c Kh]
*** PRE-FLOP *** 
kool-chienne raises 20 to 40
As-des-As69 calls 30
MathisKcr calls 20
*** FLOP *** [Qc Ks Tc]
As-des-As69 bets 120
MathisKcr raises 140 to 260 and is all-in
kool-chienne folds
As-des-As69 calls 140
*** TURN *** [Qc Ks Tc][2h]
*** RIVER *** [Qc Ks Tc 2h][6h]
*** SHOW DOWN ***
As-des-As69 shows [Js Ts] (One pair : Tens)
MathisKcr shows [6c Kh] (Two pairs : Kings and 6)
MathisKcr collected 640 from pot
*** SUMMARY ***
Total pot 640 | No rake
Board: [Qc Ks Tc 2h 6h]
Seat 1: MathisKcr (big blind) showed [6c Kh] and won 640 with Two pairs : Kings and 6
Seat 3: As-des-As69 (small blind) showed [Js Ts] and lost with One pair : Tens


Winamax Poker - Tournament "Expresso Nitro" buyIn: 0.93€ + 0.07€ level: 1 - HandId: #4675938918154108929-3-1775073803 - Holdem no limit (10/20) - 2026/04/01 20:03:23 UTC
Table: 'Expresso Nitro(1088701868)#0' 3-max (real money) Seat #3 is the button
Seat 1: MathisKcr (640)
Seat 2: kool-chienne (250)
Seat 3: As-des-As69 (10)
*** ANTE/BLINDS ***
MathisKcr posts small blind 10
kool-chienne posts big blind 20
Dealt to MathisKcr [Jh 8d]
*** PRE-FLOP *** 
As-des-As69 calls 10 and is all-in
MathisKcr raises 620 to 640 and is all-in
kool-chienne calls 230 and is all-in
*** FLOP *** [4h 3c 8s]
*** TURN *** [4h 3c 8s][3h]
*** RIVER *** [4h 3c 8s 3h][7s]
*** SHOW DOWN ***
kool-chienne shows [As 9c] (One pair : 3)
MathisKcr shows [Jh 8d] (Two pairs : 8 and 3)
As-des-As69 shows [Qd 8c] (Two pairs : 8 and 3)
As-des-As69 collected 30 from main pot
MathisKcr collected 870 from side pot 1
*** SUMMARY ***
Total pot 900 | No rake
Board: [4h 3c 8s 3h 7s]
Seat 1: MathisKcr (small blind) showed [Jh 8d] and won 870 with Two pairs : 8 and 3
Seat 2: kool-chienne (big blind) showed [As 9c] and lost with One pair : 3
Seat 3: As-des-As69 (button) showed [Qd 8c] and won 30 with Two pairs : 8 and 3


Winamax Poker - Tournament "Expresso Nitro" buyIn: 0.93€ + 0.07€ level: 2 - HandId: #4675938918154108929-4-1775073820 - Holdem no limit (15/30) - 2026/04/01 20:03:40 UTC
Table: 'Expresso Nitro(1088701868)#0' 3-max (real money) Seat #3 is the button
Seat 1: MathisKcr (870)
Seat 3: As-des-As69 (30)
*** ANTE/BLINDS ***
As-des-As69 posts small blind 15
MathisKcr posts big blind 30
Dealt to MathisKcr [6s 7h]
*** PRE-FLOP *** 
As-des-As69 calls 15 and is all-in
*** FLOP *** [Kc 5h 3c]
*** TURN *** [Kc 5h 3c][Jc]
*** RIVER *** [Kc 5h 3c Jc][Ac]
*** SHOW DOWN ***
MathisKcr shows [6s 7h] (High card : Ace)
As-des-As69 shows [9d 2h] (High card : Ace)
As-des-As69 collected 60 from pot
*** SUMMARY ***
Total pot 60 | No rake
Board: [Kc 5h 3c Jc Ac]
Seat 1: MathisKcr (big blind) showed [6s 7h] and lost with High card : Ace
Seat 3: As-des-As69 (small blind) (button) showed [9d 2h] and won 60 with High card : Ace


Winamax Poker - Tournament "Expresso Nitro" buyIn: 0.93€ + 0.07€ level: 2 - HandId: #4675938918154108929-5-1775073830 - Holdem no limit (15/30) - 2026/04/01 20:03:50 UTC
Table: 'Expresso Nitro(1088701868)#0' 3-max (real money) Seat #1 is the button
Seat 1: MathisKcr (840)
Seat 3: As-des-As69 (60)
*** ANTE/BLINDS ***
MathisKcr posts small blind 15
As-des-As69 posts big blind 30
Dealt to MathisKcr [Kd 2c]
*** PRE-FLOP *** 
MathisKcr raises 810 to 840 and is all-in
As-des-As69 calls 30 and is all-in
*** FLOP *** [Ac 3d Jc]
*** TURN *** [Ac 3d Jc][8c]
*** RIVER *** [Ac 3d Jc 8c][Js]
*** SHOW DOWN ***
MathisKcr shows [Kd 2c] (One pair : Jacks)
As-des-As69 shows [2s 8h] (Two pairs : Jacks and 8)
As-des-As69 collected 120 from main pot
MathisKcr collected 780 from side pot 1
*** SUMMARY ***
Total pot 900 | No rake
Board: [Ac 3d Jc 8c Js]
Seat 1: MathisKcr (small blind) (button) showed [Kd 2c] and won 780 with One pair : Jacks
Seat 3: As-des-As69 (big blind) showed [2s 8h] and won 120 with Two pairs : Jacks and 8


Winamax Poker - Tournament "Expresso Nitro" buyIn: 0.93€ + 0.07€ level: 2 - HandId: #4675938918154108929-6-1775073842 - Holdem no limit (15/30) - 2026/04/01 20:04:02 UTC
Table: 'Expresso Nitro(1088701868)#0' 3-max (real money) Seat #3 is the button
Seat 1: MathisKcr (780)
Seat 3: As-des-As69 (120)
*** ANTE/BLINDS ***
As-des-As69 posts small blind 15
MathisKcr posts big blind 30
Dealt to MathisKcr [Kh Kd]
*** PRE-FLOP *** 
As-des-As69 raises 90 to 120 and is all-in
MathisKcr calls 90
*** FLOP *** [9h 6c 4c]
*** TURN *** [9h 6c 4c][9s]
*** RIVER *** [9h 6c 4c 9s][2d]
*** SHOW DOWN ***
As-des-As69 shows [6h Ah] (Two pairs : 9 and 6)
MathisKcr shows [Kh Kd] (Two pairs : Kings and 9)
MathisKcr collected 240 from pot
*** SUMMARY ***
Total pot 240 | No rake
Board: [9h 6c 4c 9s 2d]
Seat 1: MathisKcr (big blind) showed [Kh Kd] and won 240 with Two pairs : Kings and 9
Seat 3: As-des-As69 (small blind) (button) showed [6h Ah] and lost with Two pairs : 9 and 6


