Winamax Poker - Tournament "Expresso Nitro" buyIn: 0.46€ + 0.04€ level: 1 - HandId: #4541556727266410497-1-1770212115 - Holdem no limit (10/20) - 2026/02/04 13:35:15 UTC
Table: 'Expresso Nitro(1057413576)#0' 3-max (real money) Seat #1 is the button
Seat 1: fgt du13 (300)
Seat 2: remthebosss (300)
Seat 3: MathisKcr (300)
*** ANTE/BLINDS ***
remthebosss posts small blind 10
MathisKcr posts big blind 20
Dealt to MathisKcr [Th 8c]
*** PRE-FLOP *** 
fgt du13 raises 20 to 40
remthebosss calls 30
MathisKcr calls 20
*** FLOP *** [2s Ac Kd]
remthebosss checks
MathisKcr checks
fgt du13 checks
*** TURN *** [2s Ac Kd][4d]
remthebosss checks
MathisKcr checks
fgt du13 bets 20
remthebosss calls 20
MathisKcr folds
*** RIVER *** [2s Ac Kd 4d][5d]
remthebosss checks
fgt du13 bets 240 and is all-in
remthebosss folds
fgt du13 collected 400 from pot
*** SUMMARY ***
Total pot 400 | No rake
Board: [2s Ac Kd 4d 5d]
Seat 1: fgt du13 (button) won 400


Winamax Poker - Tournament "Expresso Nitro" buyIn: 0.46€ + 0.04€ level: 2 - HandId: #4541556727266410497-2-1770212177 - Holdem no limit (15/30) - 2026/02/04 13:36:17 UTC
Table: 'Expresso Nitro(1057413576)#0' 3-max (real money) Seat #2 is the button
Seat 1: fgt du13 (400)
Seat 2: remthebosss (240)
Seat 3: MathisKcr (260)
*** ANTE/BLINDS ***
MathisKcr posts small blind 15
fgt du13 posts big blind 30
Dealt to MathisKcr [8d 9c]
*** PRE-FLOP *** 
remthebosss folds
MathisKcr raises 230 to 260 and is all-in
fgt du13 folds
MathisKcr collected 290 from pot
*** SUMMARY ***
Total pot 290 | No rake
Seat 3: MathisKcr (small blind) won 290


Winamax Poker - Tournament "Expresso Nitro" buyIn: 0.46€ + 0.04€ level: 2 - HandId: #4541556727266410497-3-1770212187 - Holdem no limit (15/30) - 2026/02/04 13:36:27 UTC
Table: 'Expresso Nitro(1057413576)#0' 3-max (real money) Seat #3 is the button
Seat 1: fgt du13 (370)
Seat 2: remthebosss (240)
Seat 3: MathisKcr (290)
*** ANTE/BLINDS ***
fgt du13 posts small blind 15
remthebosss posts big blind 30
Dealt to MathisKcr [3d 9s]
*** PRE-FLOP *** 
MathisKcr folds
fgt du13 folds
remthebosss collected 45 from pot
*** SUMMARY ***
Total pot 45 | No rake
Seat 2: remthebosss (big blind) won 45


Winamax Poker - Tournament "Expresso Nitro" buyIn: 0.46€ + 0.04€ level: 2 - HandId: #4541556727266410497-4-1770212193 - Holdem no limit (15/30) - 2026/02/04 13:36:33 UTC
Table: 'Expresso Nitro(1057413576)#0' 3-max (real money) Seat #1 is the button
Seat 1: fgt du13 (355)
Seat 2: remthebosss (255)
Seat 3: MathisKcr (290)
*** ANTE/BLINDS ***
remthebosss posts small blind 15
MathisKcr posts big blind 30
Dealt to MathisKcr [5h 9d]
*** PRE-FLOP *** 
fgt du13 folds
remthebosss folds
MathisKcr collected 45 from pot
*** SUMMARY ***
Total pot 45 | No rake
Seat 3: MathisKcr (big blind) won 45


Winamax Poker - Tournament "Expresso Nitro" buyIn: 0.46€ + 0.04€ level: 2 - HandId: #4541556727266410497-5-1770212202 - Holdem no limit (15/30) - 2026/02/04 13:36:42 UTC
Table: 'Expresso Nitro(1057413576)#0' 3-max (real money) Seat #2 is the button
Seat 1: fgt du13 (355)
Seat 2: remthebosss (240)
Seat 3: MathisKcr (305)
*** ANTE/BLINDS ***
MathisKcr posts small blind 15
fgt du13 posts big blind 30
Dealt to MathisKcr [Jc 9s]
*** PRE-FLOP *** 
remthebosss calls 30
MathisKcr raises 30 to 60
fgt du13 calls 30
remthebosss calls 30
*** FLOP *** [As 4c Th]
MathisKcr bets 75
fgt du13 folds
remthebosss folds
MathisKcr collected 255 from pot
*** SUMMARY ***
Total pot 255 | No rake
Board: [As 4c Th]
Seat 3: MathisKcr (small blind) won 255


Winamax Poker - Tournament "Expresso Nitro" buyIn: 0.46€ + 0.04€ level: 2 - HandId: #4541556727266410497-6-1770212217 - Holdem no limit (15/30) - 2026/02/04 13:36:57 UTC
Table: 'Expresso Nitro(1057413576)#0' 3-max (real money) Seat #3 is the button
Seat 1: fgt du13 (295)
Seat 2: remthebosss (180)
Seat 3: MathisKcr (425)
*** ANTE/BLINDS ***
fgt du13 posts small blind 15
remthebosss posts big blind 30
Dealt to MathisKcr [7d Ac]
*** PRE-FLOP *** 
MathisKcr raises 30 to 60
fgt du13 folds
remthebosss raises 120 to 180 and is all-in
MathisKcr calls 120
*** FLOP *** [9s Qd 8s]
*** TURN *** [9s Qd 8s][5s]
*** RIVER *** [9s Qd 8s 5s][6h]
*** SHOW DOWN ***
remthebosss shows [Ad 5c] (One pair : 5)
MathisKcr shows [7d Ac] (Straight 9 high)
MathisKcr collected 375 from pot
*** SUMMARY ***
Total pot 375 | No rake
Board: [9s Qd 8s 5s 6h]
Seat 2: remthebosss (big blind) showed [Ad 5c] and lost with One pair : 5
Seat 3: MathisKcr (button) showed [7d Ac] and won 375 with Straight 9 high


Winamax Poker - Tournament "Expresso Nitro" buyIn: 0.46€ + 0.04€ level: 2 - HandId: #4541556727266410497-7-1770212232 - Holdem no limit (15/30) - 2026/02/04 13:37:12 UTC
Table: 'Expresso Nitro(1057413576)#0' 3-max (real money) Seat #3 is the button
Seat 1: fgt du13 (280)
Seat 3: MathisKcr (620)
*** ANTE/BLINDS ***
MathisKcr posts small blind 15
fgt du13 posts big blind 30
Dealt to MathisKcr [Tc Qd]
*** PRE-FLOP *** 
MathisKcr raises 590 to 620 and is all-in
fgt du13 calls 250 and is all-in
*** FLOP *** [Kd 4s Ks]
*** TURN *** [Kd 4s Ks][6s]
*** RIVER *** [Kd 4s Ks 6s][9c]
*** SHOW DOWN ***
fgt du13 shows [Jc 2c] (One pair : Kings)
MathisKcr shows [Tc Qd] (One pair : Kings)
MathisKcr collected 900 from pot
*** SUMMARY ***
Total pot 900 | No rake
Board: [Kd 4s Ks 6s 9c]
Seat 1: fgt du13 (big blind) showed [Jc 2c] and lost with One pair : Kings
Seat 3: MathisKcr (small blind) (button) showed [Tc Qd] and won 900 with One pair : Kings


