Winamax Poker - Tournament "Expresso Nitro" buyIn: 0.93€ + 0.07€ level: 1 - HandId: #4668784915683213313-1-1774805354 - Holdem no limit (10/20) - 2026/03/29 17:29:14 UTC
Table: 'Expresso Nitro(1087036197)#0' 3-max (real money) Seat #2 is the button
Seat 1: MathisKcr (300)
Seat 2: Alvaro_Arran (300)
Seat 3: Chtifranck77 (300)
*** ANTE/BLINDS ***
Chtifranck77 posts small blind 10
MathisKcr posts big blind 20
Dealt to MathisKcr [Kh Td]
*** PRE-FLOP *** 
Alvaro_Arran folds
Chtifranck77 calls 10
MathisKcr checks
*** FLOP *** [Ah Ks 7d]
Chtifranck77 bets 26
MathisKcr calls 26
*** TURN *** [Ah Ks 7d][Ts]
Chtifranck77 bets 60
MathisKcr raises 194 to 254 and is all-in
Chtifranck77 folds
MathisKcr collected 406 from pot
*** SUMMARY ***
Total pot 406 | No rake
Board: [Ah Ks 7d Ts]
Seat 1: MathisKcr (big blind) won 406


Winamax Poker - Tournament "Expresso Nitro" buyIn: 0.93€ + 0.07€ level: 1 - HandId: #4668784915683213313-2-1774805394 - Holdem no limit (10/20) - 2026/03/29 17:29:54 UTC
Table: 'Expresso Nitro(1087036197)#0' 3-max (real money) Seat #3 is the button
Seat 1: MathisKcr (406)
Seat 2: Alvaro_Arran (300)
Seat 3: Chtifranck77 (194)
*** ANTE/BLINDS ***
MathisKcr posts small blind 10
Alvaro_Arran posts big blind 20
Dealt to MathisKcr [Ac Td]
*** PRE-FLOP *** 
Chtifranck77 calls 20
MathisKcr raises 386 to 406 and is all-in
Alvaro_Arran folds
Chtifranck77 folds
MathisKcr collected 446 from pot
*** SUMMARY ***
Total pot 446 | No rake
Seat 1: MathisKcr (small blind) won 446


Winamax Poker - Tournament "Expresso Nitro" buyIn: 0.93€ + 0.07€ level: 1 - HandId: #4668784915683213313-3-1774805405 - Holdem no limit (10/20) - 2026/03/29 17:30:05 UTC
Table: 'Expresso Nitro(1087036197)#0' 3-max (real money) Seat #1 is the button
Seat 1: MathisKcr (446)
Seat 2: Alvaro_Arran (280)
Seat 3: Chtifranck77 (174)
*** ANTE/BLINDS ***
Alvaro_Arran posts small blind 10
Chtifranck77 posts big blind 20
Dealt to MathisKcr [Js 5s]
*** PRE-FLOP *** 
MathisKcr raises 20 to 40
Alvaro_Arran folds
Chtifranck77 calls 20
*** FLOP *** [Ad Tc Qs]
Chtifranck77 bets 90
MathisKcr folds
Chtifranck77 collected 180 from pot
*** SUMMARY ***
Total pot 180 | No rake
Board: [Ad Tc Qs]
Seat 3: Chtifranck77 (big blind) won 180


Winamax Poker - Tournament "Expresso Nitro" buyIn: 0.93€ + 0.07€ level: 2 - HandId: #4668784915683213313-4-1774805425 - Holdem no limit (15/30) - 2026/03/29 17:30:25 UTC
Table: 'Expresso Nitro(1087036197)#0' 3-max (real money) Seat #2 is the button
Seat 1: MathisKcr (406)
Seat 2: Alvaro_Arran (270)
Seat 3: Chtifranck77 (224)
*** ANTE/BLINDS ***
Chtifranck77 posts small blind 15
MathisKcr posts big blind 30
Dealt to MathisKcr [Qd 5d]
*** PRE-FLOP *** 
Alvaro_Arran folds
Chtifranck77 calls 15
MathisKcr checks
*** FLOP *** [7d 6s Th]
Chtifranck77 bets 39
MathisKcr calls 39
*** TURN *** [7d 6s Th][4d]
Chtifranck77 checks
MathisKcr bets 69
Chtifranck77 folds
MathisKcr collected 207 from pot
*** SUMMARY ***
Total pot 207 | No rake
Board: [7d 6s Th 4d]
Seat 1: MathisKcr (big blind) won 207


Winamax Poker - Tournament "Expresso Nitro" buyIn: 0.93€ + 0.07€ level: 2 - HandId: #4668784915683213313-5-1774805453 - Holdem no limit (15/30) - 2026/03/29 17:30:53 UTC
Table: 'Expresso Nitro(1087036197)#0' 3-max (real money) Seat #3 is the button
Seat 1: MathisKcr (475)
Seat 2: Alvaro_Arran (270)
Seat 3: Chtifranck77 (155)
*** ANTE/BLINDS ***
MathisKcr posts small blind 15
Alvaro_Arran posts big blind 30
Dealt to MathisKcr [3s 8c]
*** PRE-FLOP *** 
Chtifranck77 raises 125 to 155 and is all-in
MathisKcr folds
Alvaro_Arran folds
Chtifranck77 collected 200 from pot
*** SUMMARY ***
Total pot 200 | No rake
Seat 3: Chtifranck77 (button) won 200


Winamax Poker - Tournament "Expresso Nitro" buyIn: 0.93€ + 0.07€ level: 2 - HandId: #4668784915683213313-6-1774805465 - Holdem no limit (15/30) - 2026/03/29 17:31:05 UTC
Table: 'Expresso Nitro(1087036197)#0' 3-max (real money) Seat #1 is the button
Seat 1: MathisKcr (460)
Seat 2: Alvaro_Arran (240)
Seat 3: Chtifranck77 (200)
*** ANTE/BLINDS ***
Alvaro_Arran posts small blind 15
Chtifranck77 posts big blind 30
Dealt to MathisKcr [3s 7s]
*** PRE-FLOP *** 
MathisKcr folds
Alvaro_Arran raises 210 to 240 and is all-in
Chtifranck77 folds
Alvaro_Arran collected 270 from pot
*** SUMMARY ***
Total pot 270 | No rake
Seat 2: Alvaro_Arran (small blind) won 270


Winamax Poker - Tournament "Expresso Nitro" buyIn: 0.93€ + 0.07€ level: 3 - HandId: #4668784915683213313-7-1774805475 - Holdem no limit (20/40) - 2026/03/29 17:31:15 UTC
Table: 'Expresso Nitro(1087036197)#0' 3-max (real money) Seat #2 is the button
Seat 1: MathisKcr (460)
Seat 2: Alvaro_Arran (270)
Seat 3: Chtifranck77 (170)
*** ANTE/BLINDS ***
Chtifranck77 posts small blind 20
MathisKcr posts big blind 40
Dealt to MathisKcr [8h 3d]
*** PRE-FLOP *** 
Alvaro_Arran folds
Chtifranck77 raises 130 to 170 and is all-in
MathisKcr folds
Chtifranck77 collected 210 from pot
*** SUMMARY ***
Total pot 210 | No rake
Seat 3: Chtifranck77 (small blind) won 210


Winamax Poker - Tournament "Expresso Nitro" buyIn: 0.93€ + 0.07€ level: 3 - HandId: #4668784915683213313-8-1774805485 - Holdem no limit (20/40) - 2026/03/29 17:31:25 UTC
Table: 'Expresso Nitro(1087036197)#0' 3-max (real money) Seat #3 is the button
Seat 1: MathisKcr (420)
Seat 2: Alvaro_Arran (270)
Seat 3: Chtifranck77 (210)
*** ANTE/BLINDS ***
MathisKcr posts small blind 20
Alvaro_Arran posts big blind 40
Dealt to MathisKcr [4c 6h]
*** PRE-FLOP *** 
Chtifranck77 raises 170 to 210 and is all-in
MathisKcr folds
Alvaro_Arran folds
Chtifranck77 collected 270 from pot
*** SUMMARY ***
Total pot 270 | No rake
Seat 3: Chtifranck77 (button) won 270


Winamax Poker - Tournament "Expresso Nitro" buyIn: 0.93€ + 0.07€ level: 3 - HandId: #4668784915683213313-9-1774805498 - Holdem no limit (20/40) - 2026/03/29 17:31:38 UTC
Table: 'Expresso Nitro(1087036197)#0' 3-max (real money) Seat #1 is the button
Seat 1: MathisKcr (400)
Seat 2: Alvaro_Arran (230)
Seat 3: Chtifranck77 (270)
*** ANTE/BLINDS ***
Alvaro_Arran posts small blind 20
Chtifranck77 posts big blind 40
Dealt to MathisKcr [4s Ts]
*** PRE-FLOP *** 
MathisKcr folds
Alvaro_Arran calls 20
Chtifranck77 checks
*** FLOP *** [5s Qh Qc]
Alvaro_Arran bets 40
Chtifranck77 calls 40
*** TURN *** [5s Qh Qc][8s]
Alvaro_Arran bets 150 and is all-in
Chtifranck77 folds
Alvaro_Arran collected 310 from pot
*** SUMMARY ***
Total pot 310 | No rake
Board: [5s Qh Qc 8s]
Seat 2: Alvaro_Arran (small blind) won 310


Winamax Poker - Tournament "Expresso Nitro" buyIn: 0.93€ + 0.07€ level: 3 - HandId: #4668784915683213313-10-1774805521 - Holdem no limit (20/40) - 2026/03/29 17:32:01 UTC
Table: 'Expresso Nitro(1087036197)#0' 3-max (real money) Seat #2 is the button
Seat 1: MathisKcr (400)
Seat 2: Alvaro_Arran (310)
Seat 3: Chtifranck77 (190)
*** ANTE/BLINDS ***
Chtifranck77 posts small blind 20
MathisKcr posts big blind 40
Dealt to MathisKcr [4c Td]
*** PRE-FLOP *** 
Alvaro_Arran folds
Chtifranck77 calls 20
MathisKcr checks
*** FLOP *** [Qh Ac 6s]
Chtifranck77 checks
MathisKcr checks
*** TURN *** [Qh Ac 6s][3h]
Chtifranck77 bets 52
MathisKcr folds
Chtifranck77 collected 132 from pot
*** SUMMARY ***
Total pot 132 | No rake
Board: [Qh Ac 6s 3h]
Seat 3: Chtifranck77 (small blind) won 132


Winamax Poker - Tournament "Expresso Nitro" buyIn: 0.93€ + 0.07€ level: 4 - HandId: #4668784915683213313-11-1774805543 - Holdem no limit (30/60) - 2026/03/29 17:32:23 UTC
Table: 'Expresso Nitro(1087036197)#0' 3-max (real money) Seat #3 is the button
Seat 1: MathisKcr (360)
Seat 2: Alvaro_Arran (310)
Seat 3: Chtifranck77 (230)
*** ANTE/BLINDS ***
MathisKcr posts small blind 30
Alvaro_Arran posts big blind 60
Dealt to MathisKcr [Jh 2s]
*** PRE-FLOP *** 
Chtifranck77 raises 170 to 230 and is all-in
MathisKcr folds
Alvaro_Arran folds
Chtifranck77 collected 320 from pot
*** SUMMARY ***
Total pot 320 | No rake
Seat 3: Chtifranck77 (button) won 320


Winamax Poker - Tournament "Expresso Nitro" buyIn: 0.93€ + 0.07€ level: 4 - HandId: #4668784915683213313-12-1774805554 - Holdem no limit (30/60) - 2026/03/29 17:32:34 UTC
Table: 'Expresso Nitro(1087036197)#0' 3-max (real money) Seat #1 is the button
Seat 1: MathisKcr (330)
Seat 2: Alvaro_Arran (250)
Seat 3: Chtifranck77 (320)
*** ANTE/BLINDS ***
Alvaro_Arran posts small blind 30
Chtifranck77 posts big blind 60
Dealt to MathisKcr [3d Qd]
*** PRE-FLOP *** 
MathisKcr raises 60 to 120
Alvaro_Arran raises 130 to 250 and is all-in
Chtifranck77 folds
MathisKcr folds
Alvaro_Arran collected 430 from pot
*** SUMMARY ***
Total pot 430 | No rake
Seat 2: Alvaro_Arran (small blind) won 430


Winamax Poker - Tournament "Expresso Nitro" buyIn: 0.93€ + 0.07€ level: 4 - HandId: #4668784915683213313-13-1774805567 - Holdem no limit (30/60) - 2026/03/29 17:32:47 UTC
Table: 'Expresso Nitro(1087036197)#0' 3-max (real money) Seat #2 is the button
Seat 1: MathisKcr (210)
Seat 2: Alvaro_Arran (430)
Seat 3: Chtifranck77 (260)
*** ANTE/BLINDS ***
Chtifranck77 posts small blind 30
MathisKcr posts big blind 60
Dealt to MathisKcr [7c Kd]
*** PRE-FLOP *** 
Alvaro_Arran folds
Chtifranck77 calls 30
MathisKcr checks
*** FLOP *** [Jc 5c 9h]
Chtifranck77 checks
MathisKcr bets 78
Chtifranck77 folds
MathisKcr collected 198 from pot
*** SUMMARY ***
Total pot 198 | No rake
Board: [Jc 5c 9h]
Seat 1: MathisKcr (big blind) won 198


Winamax Poker - Tournament "Expresso Nitro" buyIn: 0.93€ + 0.07€ level: 4 - HandId: #4668784915683213313-14-1774805586 - Holdem no limit (30/60) - 2026/03/29 17:33:06 UTC
Table: 'Expresso Nitro(1087036197)#0' 3-max (real money) Seat #3 is the button
Seat 1: MathisKcr (270)
Seat 2: Alvaro_Arran (430)
Seat 3: Chtifranck77 (200)
*** ANTE/BLINDS ***
MathisKcr posts small blind 30
Alvaro_Arran posts big blind 60
Dealt to MathisKcr [Jh 9s]
*** PRE-FLOP *** 
Chtifranck77 folds
MathisKcr raises 210 to 270 and is all-in
Alvaro_Arran folds
MathisKcr collected 330 from pot
*** SUMMARY ***
Total pot 330 | No rake
Seat 1: MathisKcr (small blind) won 330


Winamax Poker - Tournament "Expresso Nitro" buyIn: 0.93€ + 0.07€ level: 5 - HandId: #4668784915683213313-15-1774805595 - Holdem no limit (40/80) - 2026/03/29 17:33:15 UTC
Table: 'Expresso Nitro(1087036197)#0' 3-max (real money) Seat #1 is the button
Seat 1: MathisKcr (330)
Seat 2: Alvaro_Arran (370)
Seat 3: Chtifranck77 (200)
*** ANTE/BLINDS ***
Alvaro_Arran posts small blind 40
Chtifranck77 posts big blind 80
Dealt to MathisKcr [Jc Ts]
*** PRE-FLOP *** 
MathisKcr raises 80 to 160
Alvaro_Arran raises 210 to 370 and is all-in
Chtifranck77 folds
MathisKcr calls 170 and is all-in
*** FLOP *** [Js 7s 6s]
*** TURN *** [Js 7s 6s][Tc]
*** RIVER *** [Js 7s 6s Tc][6h]
*** SHOW DOWN ***
MathisKcr shows [Jc Ts] (Two pairs : Jacks and Tens)
Alvaro_Arran shows [Ah As] (Two pairs : Aces and 6)
Alvaro_Arran collected 780 from pot
*** SUMMARY ***
Total pot 780 | No rake
Board: [Js 7s 6s Tc 6h]
Seat 1: MathisKcr (button) showed [Jc Ts] and lost with Two pairs : Jacks and Tens
Seat 2: Alvaro_Arran (small blind) showed [Ah As] and won 780 with Two pairs : Aces and 6


