Winamax Poker - Tournament "Expresso Nitro" buyIn: 0.93€ + 0.07€ level: 1 - HandId: #4591268873478602753-1-1771959846 - Holdem no limit (10/20) - 2026/02/24 19:04:06 UTC
Table: 'Expresso Nitro(1068988087)#0' 3-max (real money) Seat #1 is the button
Seat 1: koukioo (300)
Seat 2: NasseraR (300)
Seat 3: MathisKcr (300)
*** ANTE/BLINDS ***
NasseraR posts small blind 10
MathisKcr posts big blind 20
Dealt to MathisKcr [7d 9c]
*** PRE-FLOP *** 
koukioo folds
NasseraR raises 40 to 60
MathisKcr folds
NasseraR collected 80 from pot
*** SUMMARY ***
Total pot 80 | No rake
Seat 2: NasseraR (small blind) won 80


Winamax Poker - Tournament "Expresso Nitro" buyIn: 0.93€ + 0.07€ level: 1 - HandId: #4591268873478602753-2-1771959855 - Holdem no limit (10/20) - 2026/02/24 19:04:15 UTC
Table: 'Expresso Nitro(1068988087)#0' 3-max (real money) Seat #2 is the button
Seat 1: koukioo (300)
Seat 2: NasseraR (320)
Seat 3: MathisKcr (280)
*** ANTE/BLINDS ***
MathisKcr posts small blind 10
koukioo posts big blind 20
Dealt to MathisKcr [3c 5d]
*** PRE-FLOP *** 
NasseraR folds
MathisKcr folds
koukioo collected 30 from pot
*** SUMMARY ***
Total pot 30 | No rake
Seat 1: koukioo (big blind) won 30


Winamax Poker - Tournament "Expresso Nitro" buyIn: 0.93€ + 0.07€ level: 1 - HandId: #4591268873478602753-3-1771959862 - Holdem no limit (10/20) - 2026/02/24 19:04:22 UTC
Table: 'Expresso Nitro(1068988087)#0' 3-max (real money) Seat #3 is the button
Seat 1: koukioo (310)
Seat 2: NasseraR (320)
Seat 3: MathisKcr (270)
*** ANTE/BLINDS ***
koukioo posts small blind 10
NasseraR posts big blind 20
Dealt to MathisKcr [2s 4c]
*** PRE-FLOP *** 
MathisKcr folds
koukioo calls 10
NasseraR raises 40 to 60
koukioo calls 40
*** FLOP *** [6c 6s Kd]
koukioo checks
NasseraR bets 120
koukioo calls 120
*** TURN *** [6c 6s Kd][3h]
koukioo checks
NasseraR bets 140 and is all-in
koukioo calls 130 and is all-in
*** RIVER *** [6c 6s Kd 3h][8h]
*** SHOW DOWN ***
koukioo shows [9s 9c] (Two pairs : 9 and 6)
NasseraR shows [Ah Kc] (Two pairs : Kings and 6)
NasseraR collected 630 from pot
*** SUMMARY ***
Total pot 630 | No rake
Board: [6c 6s Kd 3h 8h]
Seat 1: koukioo (small blind) showed [9s 9c] and lost with Two pairs : 9 and 6
Seat 2: NasseraR (big blind) showed [Ah Kc] and won 630 with Two pairs : Kings and 6


Winamax Poker - Tournament "Expresso Nitro" buyIn: 0.93€ + 0.07€ level: 1 - HandId: #4591268873478602753-4-1771959897 - Holdem no limit (10/20) - 2026/02/24 19:04:57 UTC
Table: 'Expresso Nitro(1068988087)#0' 3-max (real money) Seat #2 is the button
Seat 2: NasseraR (630)
Seat 3: MathisKcr (270)
*** ANTE/BLINDS ***
NasseraR posts small blind 10
MathisKcr posts big blind 20
Dealt to MathisKcr [Qd 7h]
*** PRE-FLOP *** 
NasseraR calls 10
MathisKcr raises 20 to 40
NasseraR calls 20
*** FLOP *** [9h Kh 5s]
MathisKcr checks
NasseraR bets 28
MathisKcr folds
NasseraR collected 108 from pot
*** SUMMARY ***
Total pot 108 | No rake
Board: [9h Kh 5s]
Seat 2: NasseraR (small blind) (button) won 108


Winamax Poker - Tournament "Expresso Nitro" buyIn: 0.93€ + 0.07€ level: 2 - HandId: #4591268873478602753-5-1771959912 - Holdem no limit (15/30) - 2026/02/24 19:05:12 UTC
Table: 'Expresso Nitro(1068988087)#0' 3-max (real money) Seat #3 is the button
Seat 2: NasseraR (670)
Seat 3: MathisKcr (230)
*** ANTE/BLINDS ***
MathisKcr posts small blind 15
NasseraR posts big blind 30
Dealt to MathisKcr [7s 9c]
*** PRE-FLOP *** 
MathisKcr raises 30 to 60
NasseraR calls 30
*** FLOP *** [2c 6d Ts]
NasseraR checks
MathisKcr bets 60
NasseraR folds
MathisKcr collected 180 from pot
*** SUMMARY ***
Total pot 180 | No rake
Board: [2c 6d Ts]
Seat 3: MathisKcr (small blind) (button) won 180


Winamax Poker - Tournament "Expresso Nitro" buyIn: 0.93€ + 0.07€ level: 2 - HandId: #4591268873478602753-6-1771959930 - Holdem no limit (15/30) - 2026/02/24 19:05:30 UTC
Table: 'Expresso Nitro(1068988087)#0' 3-max (real money) Seat #2 is the button
Seat 2: NasseraR (610)
Seat 3: MathisKcr (290)
*** ANTE/BLINDS ***
NasseraR posts small blind 15
MathisKcr posts big blind 30
Dealt to MathisKcr [Kd Ts]
*** PRE-FLOP *** 
NasseraR folds
MathisKcr collected 45 from pot
*** SUMMARY ***
Total pot 45 | No rake
Seat 3: MathisKcr (big blind) won 45


Winamax Poker - Tournament "Expresso Nitro" buyIn: 0.93€ + 0.07€ level: 2 - HandId: #4591268873478602753-7-1771959936 - Holdem no limit (15/30) - 2026/02/24 19:05:36 UTC
Table: 'Expresso Nitro(1068988087)#0' 3-max (real money) Seat #3 is the button
Seat 2: NasseraR (595)
Seat 3: MathisKcr (305)
*** ANTE/BLINDS ***
MathisKcr posts small blind 15
NasseraR posts big blind 30
Dealt to MathisKcr [3c 7c]
*** PRE-FLOP *** 
MathisKcr folds
NasseraR collected 45 from pot
*** SUMMARY ***
Total pot 45 | No rake
Seat 2: NasseraR (big blind) won 45


Winamax Poker - Tournament "Expresso Nitro" buyIn: 0.93€ + 0.07€ level: 2 - HandId: #4591268873478602753-8-1771959940 - Holdem no limit (15/30) - 2026/02/24 19:05:40 UTC
Table: 'Expresso Nitro(1068988087)#0' 3-max (real money) Seat #2 is the button
Seat 2: NasseraR (610)
Seat 3: MathisKcr (290)
*** ANTE/BLINDS ***
NasseraR posts small blind 15
MathisKcr posts big blind 30
Dealt to MathisKcr [As Qs]
*** PRE-FLOP *** 
NasseraR folds
MathisKcr collected 45 from pot
*** SUMMARY ***
Total pot 45 | No rake
Seat 3: MathisKcr (big blind) won 45


Winamax Poker - Tournament "Expresso Nitro" buyIn: 0.93€ + 0.07€ level: 2 - HandId: #4591268873478602753-9-1771959948 - Holdem no limit (15/30) - 2026/02/24 19:05:48 UTC
Table: 'Expresso Nitro(1068988087)#0' 3-max (real money) Seat #3 is the button
Seat 2: NasseraR (595)
Seat 3: MathisKcr (305)
*** ANTE/BLINDS ***
MathisKcr posts small blind 15
NasseraR posts big blind 30
Dealt to MathisKcr [5c Qc]
*** PRE-FLOP *** 
MathisKcr raises 30 to 60
NasseraR calls 30
*** FLOP *** [7h 8s 4s]
NasseraR checks
MathisKcr bets 60
NasseraR folds
MathisKcr collected 180 from pot
*** SUMMARY ***
Total pot 180 | No rake
Board: [7h 8s 4s]
Seat 3: MathisKcr (small blind) (button) won 180


Winamax Poker - Tournament "Expresso Nitro" buyIn: 0.93€ + 0.07€ level: 2 - HandId: #4591268873478602753-10-1771959962 - Holdem no limit (15/30) - 2026/02/24 19:06:02 UTC
Table: 'Expresso Nitro(1068988087)#0' 3-max (real money) Seat #2 is the button
Seat 2: NasseraR (535)
Seat 3: MathisKcr (365)
*** ANTE/BLINDS ***
NasseraR posts small blind 15
MathisKcr posts big blind 30
Dealt to MathisKcr [5h Ah]
*** PRE-FLOP *** 
NasseraR raises 30 to 60
MathisKcr raises 30 to 90
NasseraR calls 30
*** FLOP *** [Tc 3c 8d]
MathisKcr bets 120
NasseraR folds
MathisKcr collected 300 from pot
*** SUMMARY ***
Total pot 300 | No rake
Board: [Tc 3c 8d]
Seat 3: MathisKcr (big blind) won 300


Winamax Poker - Tournament "Expresso Nitro" buyIn: 0.93€ + 0.07€ level: 3 - HandId: #4591268873478602753-11-1771959979 - Holdem no limit (20/40) - 2026/02/24 19:06:19 UTC
Table: 'Expresso Nitro(1068988087)#0' 3-max (real money) Seat #3 is the button
Seat 2: NasseraR (445)
Seat 3: MathisKcr (455)
*** ANTE/BLINDS ***
MathisKcr posts small blind 20
NasseraR posts big blind 40
Dealt to MathisKcr [Qd 9s]
*** PRE-FLOP *** 
MathisKcr raises 40 to 80
NasseraR calls 40
*** FLOP *** [Td 4c 2d]
NasseraR checks
MathisKcr bets 56
NasseraR folds
MathisKcr collected 216 from pot
*** SUMMARY ***
Total pot 216 | No rake
Board: [Td 4c 2d]
Seat 3: MathisKcr (small blind) (button) won 216


Winamax Poker - Tournament "Expresso Nitro" buyIn: 0.93€ + 0.07€ level: 3 - HandId: #4591268873478602753-12-1771959995 - Holdem no limit (20/40) - 2026/02/24 19:06:35 UTC
Table: 'Expresso Nitro(1068988087)#0' 3-max (real money) Seat #2 is the button
Seat 2: NasseraR (365)
Seat 3: MathisKcr (535)
*** ANTE/BLINDS ***
NasseraR posts small blind 20
MathisKcr posts big blind 40
Dealt to MathisKcr [8d Qs]
*** PRE-FLOP *** 
NasseraR folds
MathisKcr collected 60 from pot
*** SUMMARY ***
Total pot 60 | No rake
Seat 3: MathisKcr (big blind) won 60


Winamax Poker - Tournament "Expresso Nitro" buyIn: 0.93€ + 0.07€ level: 3 - HandId: #4591268873478602753-13-1771960000 - Holdem no limit (20/40) - 2026/02/24 19:06:40 UTC
Table: 'Expresso Nitro(1068988087)#0' 3-max (real money) Seat #3 is the button
Seat 2: NasseraR (345)
Seat 3: MathisKcr (555)
*** ANTE/BLINDS ***
MathisKcr posts small blind 20
NasseraR posts big blind 40
Dealt to MathisKcr [4d 7s]
*** PRE-FLOP *** 
MathisKcr folds
NasseraR collected 60 from pot
*** SUMMARY ***
Total pot 60 | No rake
Seat 2: NasseraR (big blind) won 60


Winamax Poker - Tournament "Expresso Nitro" buyIn: 0.93€ + 0.07€ level: 3 - HandId: #4591268873478602753-14-1771960005 - Holdem no limit (20/40) - 2026/02/24 19:06:45 UTC
Table: 'Expresso Nitro(1068988087)#0' 3-max (real money) Seat #2 is the button
Seat 2: NasseraR (365)
Seat 3: MathisKcr (535)
*** ANTE/BLINDS ***
NasseraR posts small blind 20
MathisKcr posts big blind 40
Dealt to MathisKcr [Ad 2h]
*** PRE-FLOP *** 
NasseraR folds
MathisKcr collected 60 from pot
*** SUMMARY ***
Total pot 60 | No rake
Seat 3: MathisKcr (big blind) won 60


Winamax Poker - Tournament "Expresso Nitro" buyIn: 0.93€ + 0.07€ level: 3 - HandId: #4591268873478602753-15-1771960011 - Holdem no limit (20/40) - 2026/02/24 19:06:51 UTC
Table: 'Expresso Nitro(1068988087)#0' 3-max (real money) Seat #3 is the button
Seat 2: NasseraR (345)
Seat 3: MathisKcr (555)
*** ANTE/BLINDS ***
MathisKcr posts small blind 20
NasseraR posts big blind 40
Dealt to MathisKcr [4h 3h]
*** PRE-FLOP *** 
MathisKcr raises 40 to 80
NasseraR folds
MathisKcr collected 120 from pot
*** SUMMARY ***
Total pot 120 | No rake
Seat 3: MathisKcr (small blind) (button) won 120


Winamax Poker - Tournament "Expresso Nitro" buyIn: 0.93€ + 0.07€ level: 3 - HandId: #4591268873478602753-16-1771960018 - Holdem no limit (20/40) - 2026/02/24 19:06:58 UTC
Table: 'Expresso Nitro(1068988087)#0' 3-max (real money) Seat #2 is the button
Seat 2: NasseraR (305)
Seat 3: MathisKcr (595)
*** ANTE/BLINDS ***
NasseraR posts small blind 20
MathisKcr posts big blind 40
Dealt to MathisKcr [3h Jc]
*** PRE-FLOP *** 
NasseraR raises 80 to 120
MathisKcr calls 80
*** FLOP *** [Th 6d 7s]
MathisKcr checks
NasseraR checks
*** TURN *** [Th 6d 7s][Qd]
MathisKcr checks
NasseraR checks
*** RIVER *** [Th 6d 7s Qd][Ah]
MathisKcr checks
NasseraR bets 156
MathisKcr folds
NasseraR collected 396 from pot
*** SUMMARY ***
Total pot 396 | No rake
Board: [Th 6d 7s Qd Ah]
Seat 2: NasseraR (small blind) (button) won 396


Winamax Poker - Tournament "Expresso Nitro" buyIn: 0.93€ + 0.07€ level: 4 - HandId: #4591268873478602753-17-1771960039 - Holdem no limit (30/60) - 2026/02/24 19:07:19 UTC
Table: 'Expresso Nitro(1068988087)#0' 3-max (real money) Seat #3 is the button
Seat 2: NasseraR (425)
Seat 3: MathisKcr (475)
*** ANTE/BLINDS ***
MathisKcr posts small blind 30
NasseraR posts big blind 60
Dealt to MathisKcr [Qs 9s]
*** PRE-FLOP *** 
MathisKcr raises 60 to 120
NasseraR calls 60
*** FLOP *** [2d 2h Kc]
NasseraR checks
MathisKcr checks
*** TURN *** [2d 2h Kc][Ac]
NasseraR checks
MathisKcr checks
*** RIVER *** [2d 2h Kc Ac][Jc]
NasseraR checks
MathisKcr bets 120
NasseraR folds
MathisKcr collected 360 from pot
*** SUMMARY ***
Total pot 360 | No rake
Board: [2d 2h Kc Ac Jc]
Seat 3: MathisKcr (small blind) (button) won 360


Winamax Poker - Tournament "Expresso Nitro" buyIn: 0.93€ + 0.07€ level: 4 - HandId: #4591268873478602753-18-1771960064 - Holdem no limit (30/60) - 2026/02/24 19:07:44 UTC
Table: 'Expresso Nitro(1068988087)#0' 3-max (real money) Seat #2 is the button
Seat 2: NasseraR (305)
Seat 3: MathisKcr (595)
*** ANTE/BLINDS ***
NasseraR posts small blind 30
MathisKcr posts big blind 60
Dealt to MathisKcr [9s Tc]
*** PRE-FLOP *** 
NasseraR folds
MathisKcr collected 90 from pot
*** SUMMARY ***
Total pot 90 | No rake
Seat 3: MathisKcr (big blind) won 90


Winamax Poker - Tournament "Expresso Nitro" buyIn: 0.93€ + 0.07€ level: 4 - HandId: #4591268873478602753-19-1771960070 - Holdem no limit (30/60) - 2026/02/24 19:07:50 UTC
Table: 'Expresso Nitro(1068988087)#0' 3-max (real money) Seat #3 is the button
Seat 2: NasseraR (275)
Seat 3: MathisKcr (625)
*** ANTE/BLINDS ***
MathisKcr posts small blind 30
NasseraR posts big blind 60
Dealt to MathisKcr [3h 8s]
*** PRE-FLOP *** 
MathisKcr folds
NasseraR collected 90 from pot
*** SUMMARY ***
Total pot 90 | No rake
Seat 2: NasseraR (big blind) won 90


Winamax Poker - Tournament "Expresso Nitro" buyIn: 0.93€ + 0.07€ level: 4 - HandId: #4591268873478602753-20-1771960075 - Holdem no limit (30/60) - 2026/02/24 19:07:55 UTC
Table: 'Expresso Nitro(1068988087)#0' 3-max (real money) Seat #2 is the button
Seat 2: NasseraR (305)
Seat 3: MathisKcr (595)
*** ANTE/BLINDS ***
NasseraR posts small blind 30
MathisKcr posts big blind 60
Dealt to MathisKcr [9h Ad]
*** PRE-FLOP *** 
NasseraR raises 120 to 180
MathisKcr raises 415 to 595 and is all-in
NasseraR calls 125 and is all-in
*** FLOP *** [4s 9d 3c]
*** TURN *** [4s 9d 3c][Td]
*** RIVER *** [4s 9d 3c Td][Ac]
*** SHOW DOWN ***
NasseraR shows [Kd 9c] (One pair : 9)
MathisKcr shows [9h Ad] (Two pairs : Aces and 9)
MathisKcr collected 900 from pot
*** SUMMARY ***
Total pot 900 | No rake
Board: [4s 9d 3c Td Ac]
Seat 2: NasseraR (small blind) (button) showed [Kd 9c] and lost with One pair : 9
Seat 3: MathisKcr (big blind) showed [9h Ad] and won 900 with Two pairs : Aces and 9


