Winamax Poker - Tournament "Expresso Nitro" buyIn: 0.93€ + 0.07€ level: 1 - HandId: #4607354668463423489-1-1772615526 - Holdem no limit (10/20) - 2026/03/04 09:12:06 UTC
Table: 'Expresso Nitro(1072733353)#0' 3-max (real money) Seat #2 is the button
Seat 1: MathisKcr (300)
Seat 2: Gibbon955865 (300)
Seat 3: oxxyz13 (300)
*** ANTE/BLINDS ***
oxxyz13 posts small blind 10
MathisKcr posts big blind 20
Dealt to MathisKcr [Qh 4d]
*** PRE-FLOP *** 
Gibbon955865 calls 20
oxxyz13 calls 10
MathisKcr checks
*** FLOP *** [3d 5c 6h]
oxxyz13 checks
MathisKcr checks
Gibbon955865 checks
*** TURN *** [3d 5c 6h][9s]
oxxyz13 bets 39
MathisKcr calls 39
Gibbon955865 raises 39 to 78
oxxyz13 raises 39 to 117
MathisKcr folds
Gibbon955865 calls 39
*** RIVER *** [3d 5c 6h 9s][6d]
oxxyz13 bets 117
Gibbon955865 folds
oxxyz13 collected 450 from pot
*** SUMMARY ***
Total pot 450 | No rake
Board: [3d 5c 6h 9s 6d]
Seat 3: oxxyz13 (small blind) won 450


Winamax Poker - Tournament "Expresso Nitro" buyIn: 0.93€ + 0.07€ level: 2 - HandId: #4607354668463423489-2-1772615586 - Holdem no limit (15/30) - 2026/03/04 09:13:06 UTC
Table: 'Expresso Nitro(1072733353)#0' 3-max (real money) Seat #3 is the button
Seat 1: MathisKcr (241)
Seat 2: Gibbon955865 (163)
Seat 3: oxxyz13 (496)
*** ANTE/BLINDS ***
MathisKcr posts small blind 15
Gibbon955865 posts big blind 30
Dealt to MathisKcr [9h 8d]
*** PRE-FLOP *** 
oxxyz13 folds
MathisKcr calls 15
Gibbon955865 checks
*** FLOP *** [4d Qd Qs]
MathisKcr checks
Gibbon955865 bets 30
MathisKcr folds
Gibbon955865 collected 90 from pot
*** SUMMARY ***
Total pot 90 | No rake
Board: [4d Qd Qs]
Seat 2: Gibbon955865 (big blind) won 90


Winamax Poker - Tournament "Expresso Nitro" buyIn: 0.93€ + 0.07€ level: 2 - HandId: #4607354668463423489-3-1772615599 - Holdem no limit (15/30) - 2026/03/04 09:13:19 UTC
Table: 'Expresso Nitro(1072733353)#0' 3-max (real money) Seat #1 is the button
Seat 1: MathisKcr (211)
Seat 2: Gibbon955865 (193)
Seat 3: oxxyz13 (496)
*** ANTE/BLINDS ***
Gibbon955865 posts small blind 15
oxxyz13 posts big blind 30
Dealt to MathisKcr [Qh 2s]
*** PRE-FLOP *** 
MathisKcr folds
Gibbon955865 raises 163 to 193 and is all-in
oxxyz13 folds
Gibbon955865 collected 223 from pot
*** SUMMARY ***
Total pot 223 | No rake
Seat 2: Gibbon955865 (small blind) won 223


Winamax Poker - Tournament "Expresso Nitro" buyIn: 0.93€ + 0.07€ level: 2 - HandId: #4607354668463423489-4-1772615612 - Holdem no limit (15/30) - 2026/03/04 09:13:32 UTC
Table: 'Expresso Nitro(1072733353)#0' 3-max (real money) Seat #2 is the button
Seat 1: MathisKcr (211)
Seat 2: Gibbon955865 (223)
Seat 3: oxxyz13 (466)
*** ANTE/BLINDS ***
oxxyz13 posts small blind 15
MathisKcr posts big blind 30
Dealt to MathisKcr [Kh 9c]
*** PRE-FLOP *** 
Gibbon955865 calls 30
oxxyz13 folds
MathisKcr raises 181 to 211 and is all-in
Gibbon955865 calls 181
*** FLOP *** [4d 8h Th]
*** TURN *** [4d 8h Th][3c]
*** RIVER *** [4d 8h Th 3c][Qd]
*** SHOW DOWN ***
MathisKcr shows [Kh 9c] (High card : King)
Gibbon955865 shows [Td 3d] (Two pairs : Tens and 3)
Gibbon955865 collected 437 from pot
*** SUMMARY ***
Total pot 437 | No rake
Board: [4d 8h Th 3c Qd]
Seat 1: MathisKcr (big blind) showed [Kh 9c] and lost with High card : King
Seat 2: Gibbon955865 (button) showed [Td 3d] and won 437 with Two pairs : Tens and 3


