Winamax Poker - Tournament "Expresso Nitro" buyIn: 0.46€ + 0.04€ level: 1 - HandId: #4488194275464445953-1-1768060387 - Holdem no limit (10/20) - 2026/01/10 15:53:07 UTC
Table: 'Expresso Nitro(1044989162)#0' 3-max (real money) Seat #3 is the button
Seat 1: MathisKcr (300)
Seat 2: MMXXVI (300)
Seat 3: Otf_goons (300)
*** ANTE/BLINDS ***
MathisKcr posts small blind 10
MMXXVI posts big blind 20
Dealt to MathisKcr [4s 3c]
*** PRE-FLOP *** 
Otf_goons folds
MathisKcr calls 10
MMXXVI checks
*** FLOP *** [5c Ks 5h]
MathisKcr bets 40
MMXXVI folds
MathisKcr collected 80 from pot
*** SUMMARY ***
Total pot 80 | No rake
Board: [5c Ks 5h]
Seat 1: MathisKcr (small blind) won 80


Winamax Poker - Tournament "Expresso Nitro" buyIn: 0.46€ + 0.04€ level: 1 - HandId: #4488194275464445953-2-1768060401 - Holdem no limit (10/20) - 2026/01/10 15:53:21 UTC
Table: 'Expresso Nitro(1044989162)#0' 3-max (real money) Seat #1 is the button
Seat 1: MathisKcr (320)
Seat 2: MMXXVI (280)
Seat 3: Otf_goons (300)
*** ANTE/BLINDS ***
MMXXVI posts small blind 10
Otf_goons posts big blind 20
Dealt to MathisKcr [6d Ah]
*** PRE-FLOP *** 
MathisKcr raises 300 to 320 and is all-in
MMXXVI folds
Otf_goons folds
MathisKcr collected 350 from pot
*** SUMMARY ***
Total pot 350 | No rake
Seat 1: MathisKcr (button) won 350


Winamax Poker - Tournament "Expresso Nitro" buyIn: 0.46€ + 0.04€ level: 1 - HandId: #4488194275464445953-3-1768060411 - Holdem no limit (10/20) - 2026/01/10 15:53:31 UTC
Table: 'Expresso Nitro(1044989162)#0' 3-max (real money) Seat #2 is the button
Seat 1: MathisKcr (350)
Seat 2: MMXXVI (270)
Seat 3: Otf_goons (280)
*** ANTE/BLINDS ***
Otf_goons posts small blind 10
MathisKcr posts big blind 20
Dealt to MathisKcr [Qh Jh]
*** PRE-FLOP *** 
MMXXVI folds
Otf_goons calls 10
MathisKcr checks
*** FLOP *** [3h 6c Qc]
Otf_goons checks
MathisKcr bets 40
Otf_goons folds
MathisKcr collected 80 from pot
*** SUMMARY ***
Total pot 80 | No rake
Board: [3h 6c Qc]
Seat 1: MathisKcr (big blind) won 80


Winamax Poker - Tournament "Expresso Nitro" buyIn: 0.46€ + 0.04€ level: 1 - HandId: #4488194275464445953-4-1768060431 - Holdem no limit (10/20) - 2026/01/10 15:53:51 UTC
Table: 'Expresso Nitro(1044989162)#0' 3-max (real money) Seat #3 is the button
Seat 1: MathisKcr (370)
Seat 2: MMXXVI (270)
Seat 3: Otf_goons (260)
*** ANTE/BLINDS ***
MathisKcr posts small blind 10
MMXXVI posts big blind 20
Dealt to MathisKcr [3h 6s]
*** PRE-FLOP *** 
Otf_goons folds
MathisKcr raises 20 to 40
MMXXVI folds
MathisKcr collected 60 from pot
*** SUMMARY ***
Total pot 60 | No rake
Seat 1: MathisKcr (small blind) won 60


Winamax Poker - Tournament "Expresso Nitro" buyIn: 0.46€ + 0.04€ level: 1 - HandId: #4488194275464445953-5-1768060440 - Holdem no limit (10/20) - 2026/01/10 15:54:00 UTC
Table: 'Expresso Nitro(1044989162)#0' 3-max (real money) Seat #1 is the button
Seat 1: MathisKcr (390)
Seat 2: MMXXVI (250)
Seat 3: Otf_goons (260)
*** ANTE/BLINDS ***
MMXXVI posts small blind 10
Otf_goons posts big blind 20
Dealt to MathisKcr [5d 7c]
*** PRE-FLOP *** 
MathisKcr folds
MMXXVI folds
Otf_goons collected 30 from pot
*** SUMMARY ***
Total pot 30 | No rake
Seat 3: Otf_goons (big blind) won 30


Winamax Poker - Tournament "Expresso Nitro" buyIn: 0.46€ + 0.04€ level: 2 - HandId: #4488194275464445953-6-1768060448 - Holdem no limit (15/30) - 2026/01/10 15:54:08 UTC
Table: 'Expresso Nitro(1044989162)#0' 3-max (real money) Seat #2 is the button
Seat 1: MathisKcr (390)
Seat 2: MMXXVI (240)
Seat 3: Otf_goons (270)
*** ANTE/BLINDS ***
Otf_goons posts small blind 15
MathisKcr posts big blind 30
Dealt to MathisKcr [Qh As]
*** PRE-FLOP *** 
MMXXVI folds
Otf_goons folds
MathisKcr collected 45 from pot
*** SUMMARY ***
Total pot 45 | No rake
Seat 1: MathisKcr (big blind) won 45


Winamax Poker - Tournament "Expresso Nitro" buyIn: 0.46€ + 0.04€ level: 2 - HandId: #4488194275464445953-7-1768060455 - Holdem no limit (15/30) - 2026/01/10 15:54:15 UTC
Table: 'Expresso Nitro(1044989162)#0' 3-max (real money) Seat #3 is the button
Seat 1: MathisKcr (405)
Seat 2: MMXXVI (240)
Seat 3: Otf_goons (255)
*** ANTE/BLINDS ***
MathisKcr posts small blind 15
MMXXVI posts big blind 30
Dealt to MathisKcr [Ah 5h]
*** PRE-FLOP *** 
Otf_goons raises 225 to 255 and is all-in
MathisKcr calls 240
MMXXVI folds
*** FLOP *** [3d 3s Kd]
*** TURN *** [3d 3s Kd][4c]
*** RIVER *** [3d 3s Kd 4c][9s]
*** SHOW DOWN ***
MathisKcr shows [Ah 5h] (One pair : 3)
Otf_goons shows [8s 9d] (Two pairs : 9 and 3)
Otf_goons collected 540 from pot
*** SUMMARY ***
Total pot 540 | No rake
Board: [3d 3s Kd 4c 9s]
Seat 1: MathisKcr (small blind) showed [Ah 5h] and lost with One pair : 3
Seat 3: Otf_goons (button) showed [8s 9d] and won 540 with Two pairs : 9 and 3


Winamax Poker - Tournament "Expresso Nitro" buyIn: 0.46€ + 0.04€ level: 2 - HandId: #4488194275464445953-8-1768060469 - Holdem no limit (15/30) - 2026/01/10 15:54:29 UTC
Table: 'Expresso Nitro(1044989162)#0' 3-max (real money) Seat #1 is the button
Seat 1: MathisKcr (150)
Seat 2: MMXXVI (210)
Seat 3: Otf_goons (540)
*** ANTE/BLINDS ***
MMXXVI posts small blind 15
Otf_goons posts big blind 30
Dealt to MathisKcr [9h Tc]
*** PRE-FLOP *** 
MathisKcr raises 120 to 150 and is all-in
MMXXVI folds
Otf_goons calls 120
*** FLOP *** [Th 5s 7d]
*** TURN *** [Th 5s 7d][8s]
*** RIVER *** [Th 5s 7d 8s][7h]
*** SHOW DOWN ***
Otf_goons shows [Js Kc] (One pair : 7)
MathisKcr shows [9h Tc] (Two pairs : Tens and 7)
MathisKcr collected 315 from pot
*** SUMMARY ***
Total pot 315 | No rake
Board: [Th 5s 7d 8s 7h]
Seat 1: MathisKcr (button) showed [9h Tc] and won 315 with Two pairs : Tens and 7
Seat 3: Otf_goons (big blind) showed [Js Kc] and lost with One pair : 7


Winamax Poker - Tournament "Expresso Nitro" buyIn: 0.46€ + 0.04€ level: 2 - HandId: #4488194275464445953-9-1768060488 - Holdem no limit (15/30) - 2026/01/10 15:54:48 UTC
Table: 'Expresso Nitro(1044989162)#0' 3-max (real money) Seat #2 is the button
Seat 1: MathisKcr (315)
Seat 2: MMXXVI (195)
Seat 3: Otf_goons (390)
*** ANTE/BLINDS ***
Otf_goons posts small blind 15
MathisKcr posts big blind 30
Dealt to MathisKcr [Ts 4h]
*** PRE-FLOP *** 
MMXXVI raises 165 to 195 and is all-in
Otf_goons folds
MathisKcr folds
MMXXVI collected 240 from pot
*** SUMMARY ***
Total pot 240 | No rake
Seat 2: MMXXVI (button) won 240


Winamax Poker - Tournament "Expresso Nitro" buyIn: 0.46€ + 0.04€ level: 2 - HandId: #4488194275464445953-10-1768060499 - Holdem no limit (15/30) - 2026/01/10 15:54:59 UTC
Table: 'Expresso Nitro(1044989162)#0' 3-max (real money) Seat #3 is the button
Seat 1: MathisKcr (285)
Seat 2: MMXXVI (240)
Seat 3: Otf_goons (375)
*** ANTE/BLINDS ***
MathisKcr posts small blind 15
MMXXVI posts big blind 30
Dealt to MathisKcr [9s Ac]
*** PRE-FLOP *** 
Otf_goons raises 345 to 375 and is all-in
MathisKcr calls 270 and is all-in
MMXXVI calls 210 and is all-in
*** FLOP *** [Td 7d Ad]
*** TURN *** [Td 7d Ad][5c]
*** RIVER *** [Td 7d Ad 5c][Js]
*** SHOW DOWN ***
MMXXVI shows [8s 8c] (One pair : 8)
MathisKcr shows [9s Ac] (One pair : Aces)
Otf_goons shows [As 6c] (One pair : Aces)
Otf_goons collected 90 from side pot 1
MathisKcr collected 810 from main pot
*** SUMMARY ***
Total pot 900 | No rake
Board: [Td 7d Ad 5c Js]
Seat 1: MathisKcr (small blind) showed [9s Ac] and won 810 with One pair : Aces
Seat 2: MMXXVI (big blind) showed [8s 8c] and lost with One pair : 8
Seat 3: Otf_goons (button) showed [As 6c] and won 90 with One pair : Aces


Winamax Poker - Tournament "Expresso Nitro" buyIn: 0.46€ + 0.04€ level: 3 - HandId: #4488194275464445953-11-1768060513 - Holdem no limit (20/40) - 2026/01/10 15:55:13 UTC
Table: 'Expresso Nitro(1044989162)#0' 3-max (real money) Seat #3 is the button
Seat 1: MathisKcr (810)
Seat 3: Otf_goons (90)
*** ANTE/BLINDS ***
Otf_goons posts small blind 20
MathisKcr posts big blind 40
Dealt to MathisKcr [3c 2s]
*** PRE-FLOP *** 
Otf_goons folds
MathisKcr collected 60 from pot
*** SUMMARY ***
Total pot 60 | No rake
Seat 1: MathisKcr (big blind) won 60


Winamax Poker - Tournament "Expresso Nitro" buyIn: 0.46€ + 0.04€ level: 3 - HandId: #4488194275464445953-12-1768060518 - Holdem no limit (20/40) - 2026/01/10 15:55:18 UTC
Table: 'Expresso Nitro(1044989162)#0' 3-max (real money) Seat #1 is the button
Seat 1: MathisKcr (830)
Seat 3: Otf_goons (70)
*** ANTE/BLINDS ***
MathisKcr posts small blind 20
Otf_goons posts big blind 40
Dealt to MathisKcr [9h Qs]
*** PRE-FLOP *** 
MathisKcr raises 40 to 80
Otf_goons calls 30 and is all-in
*** FLOP *** [8d Jh 8c]
*** TURN *** [8d Jh 8c][Ts]
*** RIVER *** [8d Jh 8c Ts][7h]
*** SHOW DOWN ***
Otf_goons shows [2d Js] (Two pairs : Jacks and 8)
MathisKcr shows [9h Qs] (Straight Queen high)
MathisKcr collected 150 from pot
*** SUMMARY ***
Total pot 150 | No rake
Board: [8d Jh 8c Ts 7h]
Seat 1: MathisKcr (small blind) (button) showed [9h Qs] and won 150 with Straight Queen high
Seat 3: Otf_goons (big blind) showed [2d Js] and lost with Two pairs : Jacks and 8


