Winamax Poker - Tournament "Expresso Nitro" buyIn: 0.93€ + 0.07€ level: 1 - HandId: #4668169644438192129-1-1774783192 - Holdem no limit (10/20) - 2026/03/29 11:19:52 UTC
Table: 'Expresso Nitro(1086892943)#0' 3-max (real money) Seat #3 is the button
Seat 1: Sulomania02 (300)
Seat 2: MathisKcr (300)
Seat 3: JCM85 (300)
*** ANTE/BLINDS ***
Sulomania02 posts small blind 10
MathisKcr posts big blind 20
Dealt to MathisKcr [Js 6c]
*** PRE-FLOP *** 
JCM85 folds
Sulomania02 calls 10
MathisKcr checks
*** FLOP *** [5s 2d 8s]
Sulomania02 bets 20
MathisKcr calls 20
*** TURN *** [5s 2d 8s][Ac]
Sulomania02 bets 20
MathisKcr folds
Sulomania02 collected 100 from pot
*** SUMMARY ***
Total pot 100 | No rake
Board: [5s 2d 8s Ac]
Seat 1: Sulomania02 (small blind) won 100


Winamax Poker - Tournament "Expresso Nitro" buyIn: 0.93€ + 0.07€ level: 1 - HandId: #4668169644438192129-2-1774783204 - Holdem no limit (10/20) - 2026/03/29 11:20:04 UTC
Table: 'Expresso Nitro(1086892943)#0' 3-max (real money) Seat #1 is the button
Seat 1: Sulomania02 (340)
Seat 2: MathisKcr (260)
Seat 3: JCM85 (300)
*** ANTE/BLINDS ***
MathisKcr posts small blind 10
JCM85 posts big blind 20
Dealt to MathisKcr [Td 6c]
*** PRE-FLOP *** 
Sulomania02 raises 20 to 40
MathisKcr folds
JCM85 calls 20
*** FLOP *** [4s Qs Th]
JCM85 checks
Sulomania02 checks
*** TURN *** [4s Qs Th][4c]
JCM85 checks
Sulomania02 bets 20
JCM85 calls 20
*** RIVER *** [4s Qs Th 4c][5c]
JCM85 bets 98
Sulomania02 folds
JCM85 collected 228 from pot
*** SUMMARY ***
Total pot 228 | No rake
Board: [4s Qs Th 4c 5c]
Seat 3: JCM85 (big blind) won 228


Winamax Poker - Tournament "Expresso Nitro" buyIn: 0.93€ + 0.07€ level: 1 - HandId: #4668169644438192129-3-1774783220 - Holdem no limit (10/20) - 2026/03/29 11:20:20 UTC
Table: 'Expresso Nitro(1086892943)#0' 3-max (real money) Seat #2 is the button
Seat 1: Sulomania02 (280)
Seat 2: MathisKcr (250)
Seat 3: JCM85 (370)
*** ANTE/BLINDS ***
JCM85 posts small blind 10
Sulomania02 posts big blind 20
Dealt to MathisKcr [3d Ac]
*** PRE-FLOP *** 
MathisKcr raises 20 to 40
JCM85 calls 30
Sulomania02 folds
*** FLOP *** [5c Jd Kd]
JCM85 checks
MathisKcr bets 35
JCM85 calls 35
*** TURN *** [5c Jd Kd][Td]
JCM85 checks
MathisKcr bets 85
JCM85 calls 85
*** RIVER *** [5c Jd Kd Td][2d]
JCM85 checks
MathisKcr bets 90 and is all-in
JCM85 calls 90
*** SHOW DOWN ***
MathisKcr shows [3d Ac] (Flush King high)
JCM85 shows [8d Js] (Flush King high)
JCM85 collected 520 from pot
*** SUMMARY ***
Total pot 520 | No rake
Board: [5c Jd Kd Td 2d]
Seat 2: MathisKcr (button) showed [3d Ac] and lost with Flush King high
Seat 3: JCM85 (small blind) showed [8d Js] and won 520 with Flush King high


