Winamax Poker - Tournament "Expresso Nitro" buyIn: 0.93€ + 0.07€ level: 1 - HandId: #4670117188768628737-1-1774863411 - Holdem no limit (10/20) - 2026/03/30 09:36:51 UTC
Table: 'Expresso Nitro(1087346391)#0' 3-max (real money) Seat #2 is the button
Seat 1: Franklucas76 (300)
Seat 2: MathisKcr (300)
Seat 3: yellowcat (300)
*** ANTE/BLINDS ***
yellowcat posts small blind 10
Franklucas76 posts big blind 20
Dealt to MathisKcr [8s 8h]
*** PRE-FLOP *** 
MathisKcr raises 280 to 300 and is all-in
yellowcat folds
Franklucas76 folds
MathisKcr collected 330 from pot
*** SUMMARY ***
Total pot 330 | No rake
Seat 2: MathisKcr (button) won 330


Winamax Poker - Tournament "Expresso Nitro" buyIn: 0.93€ + 0.07€ level: 1 - HandId: #4670117188768628737-2-1774863420 - Holdem no limit (10/20) - 2026/03/30 09:37:00 UTC
Table: 'Expresso Nitro(1087346391)#0' 3-max (real money) Seat #3 is the button
Seat 1: Franklucas76 (280)
Seat 2: MathisKcr (330)
Seat 3: yellowcat (290)
*** ANTE/BLINDS ***
Franklucas76 posts small blind 10
MathisKcr posts big blind 20
Dealt to MathisKcr [2h 7s]
*** PRE-FLOP *** 
yellowcat raises 270 to 290 and is all-in
Franklucas76 folds
MathisKcr folds
yellowcat collected 320 from pot
*** SUMMARY ***
Total pot 320 | No rake
Seat 3: yellowcat (button) won 320


Winamax Poker - Tournament "Expresso Nitro" buyIn: 0.93€ + 0.07€ level: 1 - HandId: #4670117188768628737-3-1774863427 - Holdem no limit (10/20) - 2026/03/30 09:37:07 UTC
Table: 'Expresso Nitro(1087346391)#0' 3-max (real money) Seat #1 is the button
Seat 1: Franklucas76 (270)
Seat 2: MathisKcr (310)
Seat 3: yellowcat (320)
*** ANTE/BLINDS ***
MathisKcr posts small blind 10
yellowcat posts big blind 20
Dealt to MathisKcr [9s Jc]
*** PRE-FLOP *** 
Franklucas76 raises 20 to 40
MathisKcr raises 270 to 310 and is all-in
yellowcat calls 290
Franklucas76 calls 230 and is all-in
*** FLOP *** [Qs 4c Jd]
*** TURN *** [Qs 4c Jd][8h]
*** RIVER *** [Qs 4c Jd 8h][3c]
*** SHOW DOWN ***
Franklucas76 shows [As 9d] (High card : Ace)
yellowcat shows [Ac 2c] (High card : Ace)
MathisKcr shows [9s Jc] (One pair : Jacks)
MathisKcr collected 890 from pot
*** SUMMARY ***
Total pot 890 | No rake
Board: [Qs 4c Jd 8h 3c]
Seat 1: Franklucas76 (button) showed [As 9d] and lost with High card : Ace
Seat 2: MathisKcr (small blind) showed [9s Jc] and won 890 with One pair : Jacks
Seat 3: yellowcat (big blind) showed [Ac 2c] and lost with High card : Ace


Winamax Poker - Tournament "Expresso Nitro" buyIn: 0.93€ + 0.07€ level: 1 - HandId: #4670117188768628737-4-1774863446 - Holdem no limit (10/20) - 2026/03/30 09:37:26 UTC
Table: 'Expresso Nitro(1087346391)#0' 3-max (real money) Seat #3 is the button
Seat 2: MathisKcr (890)
Seat 3: yellowcat (10)
*** ANTE/BLINDS ***
yellowcat posts small blind 10 and is all-in
MathisKcr posts big blind 20
Dealt to MathisKcr [7d 2h]
*** PRE-FLOP *** 
*** FLOP *** [5d 5c 7s]
*** TURN *** [5d 5c 7s][Ks]
*** RIVER *** [5d 5c 7s Ks][Kh]
*** SHOW DOWN ***
MathisKcr shows [7d 2h] (Two pairs : Kings and 7)
yellowcat shows [7h 6h] (Two pairs : Kings and 7)
yellowcat collected 20 from main pot
MathisKcr collected 10 from side pot 1
*** SUMMARY ***
Total pot 30 | No rake
Board: [5d 5c 7s Ks Kh]
Seat 2: MathisKcr (big blind) showed [7d 2h] and won 10 with Two pairs : Kings and 7
Seat 3: yellowcat (small blind) (button) showed [7h 6h] and won 20 with Two pairs : Kings and 7


Winamax Poker - Tournament "Expresso Nitro" buyIn: 0.93€ + 0.07€ level: 1 - HandId: #4670117188768628737-5-1774863454 - Holdem no limit (10/20) - 2026/03/30 09:37:34 UTC
Table: 'Expresso Nitro(1087346391)#0' 3-max (real money) Seat #2 is the button
Seat 2: MathisKcr (880)
Seat 3: yellowcat (20)
*** ANTE/BLINDS ***
MathisKcr posts small blind 10
yellowcat posts big blind 20 and is all-in
Dealt to MathisKcr [9d Ts]
*** PRE-FLOP *** 
MathisKcr calls 10
*** FLOP *** [2d 3s Ac]
*** TURN *** [2d 3s Ac][Qc]
*** RIVER *** [2d 3s Ac Qc][7c]
*** SHOW DOWN ***
MathisKcr shows [9d Ts] (High card : Ace)
yellowcat shows [7s Qd] (Two pairs : Queens and 7)
yellowcat collected 40 from pot
*** SUMMARY ***
Total pot 40 | No rake
Board: [2d 3s Ac Qc 7c]
Seat 2: MathisKcr (small blind) (button) showed [9d Ts] and lost with High card : Ace
Seat 3: yellowcat (big blind) showed [7s Qd] and won 40 with Two pairs : Queens and 7


Winamax Poker - Tournament "Expresso Nitro" buyIn: 0.93€ + 0.07€ level: 1 - HandId: #4670117188768628737-6-1774863467 - Holdem no limit (10/20) - 2026/03/30 09:37:47 UTC
Table: 'Expresso Nitro(1087346391)#0' 3-max (real money) Seat #3 is the button
Seat 2: MathisKcr (860)
Seat 3: yellowcat (40)
*** ANTE/BLINDS ***
yellowcat posts small blind 10
MathisKcr posts big blind 20
Dealt to MathisKcr [5c 3h]
*** PRE-FLOP *** 
yellowcat raises 20 to 40 and is all-in
MathisKcr folds
yellowcat collected 60 from pot
*** SUMMARY ***
Total pot 60 | No rake
Seat 3: yellowcat (small blind) (button) won 60


Winamax Poker - Tournament "Expresso Nitro" buyIn: 0.93€ + 0.07€ level: 2 - HandId: #4670117188768628737-7-1774863480 - Holdem no limit (15/30) - 2026/03/30 09:38:00 UTC
Table: 'Expresso Nitro(1087346391)#0' 3-max (real money) Seat #2 is the button
Seat 2: MathisKcr (840)
Seat 3: yellowcat (60)
*** ANTE/BLINDS ***
MathisKcr posts small blind 15
yellowcat posts big blind 30
Dealt to MathisKcr [4h 9d]
*** PRE-FLOP *** 
MathisKcr raises 810 to 840 and is all-in
yellowcat calls 30 and is all-in
*** FLOP *** [6d 6h 3d]
*** TURN *** [6d 6h 3d][8d]
*** RIVER *** [6d 6h 3d 8d][3c]
*** SHOW DOWN ***
MathisKcr shows [4h 9d] (Two pairs : 6 and 3)
yellowcat shows [Tc Qs] (Two pairs : 6 and 3)
yellowcat collected 120 from main pot
MathisKcr collected 780 from side pot 1
*** SUMMARY ***
Total pot 900 | No rake
Board: [6d 6h 3d 8d 3c]
Seat 2: MathisKcr (small blind) (button) showed [4h 9d] and won 780 with Two pairs : 6 and 3
Seat 3: yellowcat (big blind) showed [Tc Qs] and won 120 with Two pairs : 6 and 3


Winamax Poker - Tournament "Expresso Nitro" buyIn: 0.93€ + 0.07€ level: 2 - HandId: #4670117188768628737-8-1774863493 - Holdem no limit (15/30) - 2026/03/30 09:38:13 UTC
Table: 'Expresso Nitro(1087346391)#0' 3-max (real money) Seat #3 is the button
Seat 2: MathisKcr (780)
Seat 3: yellowcat (120)
*** ANTE/BLINDS ***
yellowcat posts small blind 15
MathisKcr posts big blind 30
Dealt to MathisKcr [5c As]
*** PRE-FLOP *** 
yellowcat raises 90 to 120 and is all-in
MathisKcr calls 90
*** FLOP *** [Jd 4h Kh]
*** TURN *** [Jd 4h Kh][9d]
*** RIVER *** [Jd 4h Kh 9d][9s]
*** SHOW DOWN ***
MathisKcr shows [5c As] (One pair : 9)
yellowcat shows [8s 8h] (Two pairs : 9 and 8)
yellowcat collected 240 from pot
*** SUMMARY ***
Total pot 240 | No rake
Board: [Jd 4h Kh 9d 9s]
Seat 2: MathisKcr (big blind) showed [5c As] and lost with One pair : 9
Seat 3: yellowcat (small blind) (button) showed [8s 8h] and won 240 with Two pairs : 9 and 8


Winamax Poker - Tournament "Expresso Nitro" buyIn: 0.93€ + 0.07€ level: 2 - HandId: #4670117188768628737-9-1774863509 - Holdem no limit (15/30) - 2026/03/30 09:38:29 UTC
Table: 'Expresso Nitro(1087346391)#0' 3-max (real money) Seat #2 is the button
Seat 2: MathisKcr (660)
Seat 3: yellowcat (240)
*** ANTE/BLINDS ***
MathisKcr posts small blind 15
yellowcat posts big blind 30
Dealt to MathisKcr [Jd Ad]
*** PRE-FLOP *** 
MathisKcr raises 630 to 660 and is all-in
yellowcat calls 210 and is all-in
*** FLOP *** [9c Qh Jc]
*** TURN *** [9c Qh Jc][4h]
*** RIVER *** [9c Qh Jc 4h][Ah]
*** SHOW DOWN ***
yellowcat shows [Tc Ts] (One pair : Tens)
MathisKcr shows [Jd Ad] (Two pairs : Aces and Jacks)
MathisKcr collected 900 from pot
*** SUMMARY ***
Total pot 900 | No rake
Board: [9c Qh Jc 4h Ah]
Seat 2: MathisKcr (small blind) (button) showed [Jd Ad] and won 900 with Two pairs : Aces and Jacks
Seat 3: yellowcat (big blind) showed [Tc Ts] and lost with One pair : Tens


