Winamax Poker - Tournament "Expresso Nitro" buyIn: 0.93€ + 0.07€ level: 1 - HandId: #4558733800426700801-1-1770725421 - Holdem no limit (10/20) - 2026/02/10 12:10:21 UTC
Table: 'Expresso Nitro(1061412925)#0' 3-max (real money) Seat #3 is the button
Seat 1: MaGicMoove (300)
Seat 2: Crapulpok (300)
Seat 3: MathisKcr (300)
*** ANTE/BLINDS ***
MaGicMoove posts small blind 10
Crapulpok posts big blind 20
Dealt to MathisKcr [4c 9c]
*** PRE-FLOP *** 
MathisKcr folds
MaGicMoove raises 20 to 40
Crapulpok folds
MaGicMoove collected 60 from pot
*** SUMMARY ***
Total pot 60 | No rake
Seat 1: MaGicMoove (small blind) won 60


Winamax Poker - Tournament "Expresso Nitro" buyIn: 0.93€ + 0.07€ level: 1 - HandId: #4558733800426700801-2-1770725436 - Holdem no limit (10/20) - 2026/02/10 12:10:36 UTC
Table: 'Expresso Nitro(1061412925)#0' 3-max (real money) Seat #1 is the button
Seat 1: MaGicMoove (320)
Seat 2: Crapulpok (280)
Seat 3: MathisKcr (300)
*** ANTE/BLINDS ***
Crapulpok posts small blind 10
MathisKcr posts big blind 20
Dealt to MathisKcr [7d 3c]
*** PRE-FLOP *** 
MaGicMoove folds
Crapulpok raises 40 to 60
MathisKcr folds
Crapulpok collected 80 from pot
*** SUMMARY ***
Total pot 80 | No rake
Seat 2: Crapulpok (small blind) won 80


Winamax Poker - Tournament "Expresso Nitro" buyIn: 0.93€ + 0.07€ level: 1 - HandId: #4558733800426700801-3-1770725446 - Holdem no limit (10/20) - 2026/02/10 12:10:46 UTC
Table: 'Expresso Nitro(1061412925)#0' 3-max (real money) Seat #2 is the button
Seat 1: MaGicMoove (320)
Seat 2: Crapulpok (300)
Seat 3: MathisKcr (280)
*** ANTE/BLINDS ***
MathisKcr posts small blind 10
MaGicMoove posts big blind 20
Dealt to MathisKcr [6s 6c]
*** PRE-FLOP *** 
Crapulpok calls 20
MathisKcr raises 40 to 60
MaGicMoove raises 260 to 320 and is all-in
Crapulpok calls 280 and is all-in
MathisKcr calls 220 and is all-in
*** FLOP *** [3s Qs 7d]
*** TURN *** [3s Qs 7d][Kd]
*** RIVER *** [3s Qs 7d Kd][Jd]
*** SHOW DOWN ***
Crapulpok shows [Td Ts] (One pair : Tens)
MathisKcr shows [6s 6c] (One pair : 6)
MaGicMoove shows [Ah Jc] (One pair : Jacks)
MaGicMoove collected 900 from pot
*** SUMMARY ***
Total pot 900 | No rake
Board: [3s Qs 7d Kd Jd]
Seat 1: MaGicMoove (big blind) showed [Ah Jc] and won 900 with One pair : Jacks
Seat 2: Crapulpok (button) showed [Td Ts] and lost with One pair : Tens
Seat 3: MathisKcr (small blind) showed [6s 6c] and lost with One pair : 6


