Winamax Poker - Tournament "Expresso Nitro" buyIn: 0.93€ + 0.07€ level: 1 - HandId: #4617594205504536577-1-1773044971 - Holdem no limit (10/20) - 2026/03/09 08:29:31 UTC
Table: 'Expresso Nitro(1075117431)#0' 3-max (real money) Seat #3 is the button
Seat 1: MathisKcr (300)
Seat 2: Berzerk93 (300)
Seat 3: Rabu25 (300)
*** ANTE/BLINDS ***
MathisKcr posts small blind 10
Berzerk93 posts big blind 20
Dealt to MathisKcr [2c 3s]
*** PRE-FLOP *** 
Rabu25 folds
MathisKcr folds
Berzerk93 collected 30 from pot
*** SUMMARY ***
Total pot 30 | No rake
Seat 2: Berzerk93 (big blind) won 30


Winamax Poker - Tournament "Expresso Nitro" buyIn: 0.93€ + 0.07€ level: 1 - HandId: #4617594205504536577-2-1773044978 - Holdem no limit (10/20) - 2026/03/09 08:29:38 UTC
Table: 'Expresso Nitro(1075117431)#0' 3-max (real money) Seat #1 is the button
Seat 1: MathisKcr (290)
Seat 2: Berzerk93 (310)
Seat 3: Rabu25 (300)
*** ANTE/BLINDS ***
Berzerk93 posts small blind 10
Rabu25 posts big blind 20
Dealt to MathisKcr [4d Jh]
*** PRE-FLOP *** 
MathisKcr folds
Berzerk93 raises 40 to 60
Rabu25 raises 240 to 300 and is all-in
Berzerk93 calls 240
*** FLOP *** [8h 6h Ks]
*** TURN *** [8h 6h Ks][7d]
*** RIVER *** [8h 6h Ks 7d][9h]
*** SHOW DOWN ***
Berzerk93 shows [Qd Kc] (One pair : Kings)
Rabu25 shows [5h 5c] (Straight 9 high)
Rabu25 collected 600 from pot
*** SUMMARY ***
Total pot 600 | No rake
Board: [8h 6h Ks 7d 9h]
Seat 2: Berzerk93 (small blind) showed [Qd Kc] and lost with One pair : Kings
Seat 3: Rabu25 (big blind) showed [5h 5c] and won 600 with Straight 9 high


Winamax Poker - Tournament "Expresso Nitro" buyIn: 0.93€ + 0.07€ level: 1 - HandId: #4617594205504536577-3-1773044994 - Holdem no limit (10/20) - 2026/03/09 08:29:54 UTC
Table: 'Expresso Nitro(1075117431)#0' 3-max (real money) Seat #2 is the button
Seat 1: MathisKcr (290)
Seat 2: Berzerk93 (10)
Seat 3: Rabu25 (600)
*** ANTE/BLINDS ***
Rabu25 posts small blind 10
MathisKcr posts big blind 20
Dealt to MathisKcr [3h 7d]
*** PRE-FLOP *** 
Berzerk93 calls 10 and is all-in
Rabu25 raises 50 to 70
MathisKcr folds
*** FLOP *** [6d As 9d]
*** TURN *** [6d As 9d][2h]
*** RIVER *** [6d As 9d 2h][Js]
*** SHOW DOWN ***
Berzerk93 shows [Td Ts] (One pair : Tens)
Rabu25 shows [Qc Jc] (One pair : Jacks)
Rabu25 collected 100 from pot
*** SUMMARY ***
Total pot 100 | No rake
Board: [6d As 9d 2h Js]
Seat 2: Berzerk93 (button) showed [Td Ts] and lost with One pair : Tens
Seat 3: Rabu25 (small blind) showed [Qc Jc] and won 100 with One pair : Jacks


Winamax Poker - Tournament "Expresso Nitro" buyIn: 0.93€ + 0.07€ level: 1 - HandId: #4617594205504536577-4-1773045009 - Holdem no limit (10/20) - 2026/03/09 08:30:09 UTC
Table: 'Expresso Nitro(1075117431)#0' 3-max (real money) Seat #1 is the button
Seat 1: MathisKcr (270)
Seat 3: Rabu25 (630)
*** ANTE/BLINDS ***
MathisKcr posts small blind 10
Rabu25 posts big blind 20
Dealt to MathisKcr [Th 8h]
*** PRE-FLOP *** 
MathisKcr calls 10
Rabu25 checks
*** FLOP *** [6c 8s 7h]
Rabu25 checks
MathisKcr bets 40
Rabu25 folds
MathisKcr collected 80 from pot
*** SUMMARY ***
Total pot 80 | No rake
Board: [6c 8s 7h]
Seat 1: MathisKcr (small blind) (button) won 80


Winamax Poker - Tournament "Expresso Nitro" buyIn: 0.93€ + 0.07€ level: 2 - HandId: #4617594205504536577-5-1773045032 - Holdem no limit (15/30) - 2026/03/09 08:30:32 UTC
Table: 'Expresso Nitro(1075117431)#0' 3-max (real money) Seat #3 is the button
Seat 1: MathisKcr (290)
Seat 3: Rabu25 (610)
*** ANTE/BLINDS ***
Rabu25 posts small blind 15
MathisKcr posts big blind 30
Dealt to MathisKcr [6s 6h]
*** PRE-FLOP *** 
Rabu25 calls 15
MathisKcr raises 260 to 290 and is all-in
Rabu25 folds
MathisKcr collected 320 from pot
*** SUMMARY ***
Total pot 320 | No rake
Seat 1: MathisKcr (big blind) won 320


Winamax Poker - Tournament "Expresso Nitro" buyIn: 0.93€ + 0.07€ level: 2 - HandId: #4617594205504536577-6-1773045041 - Holdem no limit (15/30) - 2026/03/09 08:30:41 UTC
Table: 'Expresso Nitro(1075117431)#0' 3-max (real money) Seat #1 is the button
Seat 1: MathisKcr (320)
Seat 3: Rabu25 (580)
*** ANTE/BLINDS ***
MathisKcr posts small blind 15
Rabu25 posts big blind 30
Dealt to MathisKcr [3h 6s]
*** PRE-FLOP *** 
MathisKcr folds
Rabu25 collected 45 from pot
*** SUMMARY ***
Total pot 45 | No rake
Seat 3: Rabu25 (big blind) won 45


Winamax Poker - Tournament "Expresso Nitro" buyIn: 0.93€ + 0.07€ level: 2 - HandId: #4617594205504536577-7-1773045046 - Holdem no limit (15/30) - 2026/03/09 08:30:46 UTC
Table: 'Expresso Nitro(1075117431)#0' 3-max (real money) Seat #3 is the button
Seat 1: MathisKcr (305)
Seat 3: Rabu25 (595)
*** ANTE/BLINDS ***
Rabu25 posts small blind 15
MathisKcr posts big blind 30
Dealt to MathisKcr [3c 2s]
*** PRE-FLOP *** 
Rabu25 folds
MathisKcr collected 45 from pot
*** SUMMARY ***
Total pot 45 | No rake
Seat 1: MathisKcr (big blind) won 45


Winamax Poker - Tournament "Expresso Nitro" buyIn: 0.93€ + 0.07€ level: 2 - HandId: #4617594205504536577-8-1773045051 - Holdem no limit (15/30) - 2026/03/09 08:30:51 UTC
Table: 'Expresso Nitro(1075117431)#0' 3-max (real money) Seat #1 is the button
Seat 1: MathisKcr (320)
Seat 3: Rabu25 (580)
*** ANTE/BLINDS ***
MathisKcr posts small blind 15
Rabu25 posts big blind 30
Dealt to MathisKcr [6c 5d]
*** PRE-FLOP *** 
MathisKcr calls 15
Rabu25 raises 550 to 580 and is all-in
MathisKcr folds
Rabu25 collected 610 from pot
*** SUMMARY ***
Total pot 610 | No rake
Seat 3: Rabu25 (big blind) won 610


Winamax Poker - Tournament "Expresso Nitro" buyIn: 0.93€ + 0.07€ level: 2 - HandId: #4617594205504536577-9-1773045058 - Holdem no limit (15/30) - 2026/03/09 08:30:58 UTC
Table: 'Expresso Nitro(1075117431)#0' 3-max (real money) Seat #3 is the button
Seat 1: MathisKcr (290)
Seat 3: Rabu25 (610)
*** ANTE/BLINDS ***
Rabu25 posts small blind 15
MathisKcr posts big blind 30
Dealt to MathisKcr [2s Td]
*** PRE-FLOP *** 
Rabu25 calls 15
MathisKcr checks
*** FLOP *** [Ah 7d Kc]
MathisKcr checks
Rabu25 bets 30
MathisKcr folds
Rabu25 collected 90 from pot
*** SUMMARY ***
Total pot 90 | No rake
Board: [Ah 7d Kc]
Seat 3: Rabu25 (small blind) (button) won 90


Winamax Poker - Tournament "Expresso Nitro" buyIn: 0.93€ + 0.07€ level: 2 - HandId: #4617594205504536577-10-1773045068 - Holdem no limit (15/30) - 2026/03/09 08:31:08 UTC
Table: 'Expresso Nitro(1075117431)#0' 3-max (real money) Seat #1 is the button
Seat 1: MathisKcr (260)
Seat 3: Rabu25 (640)
*** ANTE/BLINDS ***
MathisKcr posts small blind 15
Rabu25 posts big blind 30
Dealt to MathisKcr [4d 2d]
*** PRE-FLOP *** 
MathisKcr folds
Rabu25 collected 45 from pot
*** SUMMARY ***
Total pot 45 | No rake
Seat 3: Rabu25 (big blind) won 45


Winamax Poker - Tournament "Expresso Nitro" buyIn: 0.93€ + 0.07€ level: 2 - HandId: #4617594205504536577-11-1773045072 - Holdem no limit (15/30) - 2026/03/09 08:31:12 UTC
Table: 'Expresso Nitro(1075117431)#0' 3-max (real money) Seat #3 is the button
Seat 1: MathisKcr (245)
Seat 3: Rabu25 (655)
*** ANTE/BLINDS ***
Rabu25 posts small blind 15
MathisKcr posts big blind 30
Dealt to MathisKcr [3c Ac]
*** PRE-FLOP *** 
Rabu25 calls 15
MathisKcr raises 215 to 245 and is all-in
Rabu25 folds
MathisKcr collected 275 from pot
*** SUMMARY ***
Total pot 275 | No rake
Seat 1: MathisKcr (big blind) won 275


Winamax Poker - Tournament "Expresso Nitro" buyIn: 0.93€ + 0.07€ level: 2 - HandId: #4617594205504536577-12-1773045084 - Holdem no limit (15/30) - 2026/03/09 08:31:24 UTC
Table: 'Expresso Nitro(1075117431)#0' 3-max (real money) Seat #1 is the button
Seat 1: MathisKcr (275)
Seat 3: Rabu25 (625)
*** ANTE/BLINDS ***
MathisKcr posts small blind 15
Rabu25 posts big blind 30
Dealt to MathisKcr [3c 6s]
*** PRE-FLOP *** 
MathisKcr calls 15
Rabu25 checks
*** FLOP *** [3h Kc Ts]
Rabu25 checks
MathisKcr bets 60
Rabu25 calls 60
*** TURN *** [3h Kc Ts][Jh]
Rabu25 bets 180
MathisKcr folds
Rabu25 collected 360 from pot
*** SUMMARY ***
Total pot 360 | No rake
Board: [3h Kc Ts Jh]
Seat 3: Rabu25 (big blind) won 360


Winamax Poker - Tournament "Expresso Nitro" buyIn: 0.93€ + 0.07€ level: 3 - HandId: #4617594205504536577-13-1773045102 - Holdem no limit (20/40) - 2026/03/09 08:31:42 UTC
Table: 'Expresso Nitro(1075117431)#0' 3-max (real money) Seat #3 is the button
Seat 1: MathisKcr (185)
Seat 3: Rabu25 (715)
*** ANTE/BLINDS ***
Rabu25 posts small blind 20
MathisKcr posts big blind 40
Dealt to MathisKcr [8c Ts]
*** PRE-FLOP *** 
Rabu25 raises 675 to 715 and is all-in
MathisKcr folds
Rabu25 collected 755 from pot
*** SUMMARY ***
Total pot 755 | No rake
Seat 3: Rabu25 (small blind) (button) won 755


Winamax Poker - Tournament "Expresso Nitro" buyIn: 0.93€ + 0.07€ level: 3 - HandId: #4617594205504536577-14-1773045108 - Holdem no limit (20/40) - 2026/03/09 08:31:48 UTC
Table: 'Expresso Nitro(1075117431)#0' 3-max (real money) Seat #1 is the button
Seat 1: MathisKcr (145)
Seat 3: Rabu25 (755)
*** ANTE/BLINDS ***
MathisKcr posts small blind 20
Rabu25 posts big blind 40
Dealt to MathisKcr [Ts Jc]
*** PRE-FLOP *** 
MathisKcr raises 105 to 145 and is all-in
Rabu25 folds
MathisKcr collected 185 from pot
*** SUMMARY ***
Total pot 185 | No rake
Seat 1: MathisKcr (small blind) (button) won 185


Winamax Poker - Tournament "Expresso Nitro" buyIn: 0.93€ + 0.07€ level: 3 - HandId: #4617594205504536577-15-1773045115 - Holdem no limit (20/40) - 2026/03/09 08:31:55 UTC
Table: 'Expresso Nitro(1075117431)#0' 3-max (real money) Seat #3 is the button
Seat 1: MathisKcr (185)
Seat 3: Rabu25 (715)
*** ANTE/BLINDS ***
Rabu25 posts small blind 20
MathisKcr posts big blind 40
Dealt to MathisKcr [3h Qc]
*** PRE-FLOP *** 
Rabu25 folds
MathisKcr collected 60 from pot
*** SUMMARY ***
Total pot 60 | No rake
Seat 1: MathisKcr (big blind) won 60


Winamax Poker - Tournament "Expresso Nitro" buyIn: 0.93€ + 0.07€ level: 3 - HandId: #4617594205504536577-16-1773045120 - Holdem no limit (20/40) - 2026/03/09 08:32:00 UTC
Table: 'Expresso Nitro(1075117431)#0' 3-max (real money) Seat #1 is the button
Seat 1: MathisKcr (205)
Seat 3: Rabu25 (695)
*** ANTE/BLINDS ***
MathisKcr posts small blind 20
Rabu25 posts big blind 40
Dealt to MathisKcr [8s 7c]
*** PRE-FLOP *** 
MathisKcr raises 165 to 205 and is all-in
Rabu25 folds
MathisKcr collected 245 from pot
*** SUMMARY ***
Total pot 245 | No rake
Seat 1: MathisKcr (small blind) (button) won 245


Winamax Poker - Tournament "Expresso Nitro" buyIn: 0.93€ + 0.07€ level: 3 - HandId: #4617594205504536577-17-1773045128 - Holdem no limit (20/40) - 2026/03/09 08:32:08 UTC
Table: 'Expresso Nitro(1075117431)#0' 3-max (real money) Seat #3 is the button
Seat 1: MathisKcr (245)
Seat 3: Rabu25 (655)
*** ANTE/BLINDS ***
Rabu25 posts small blind 20
MathisKcr posts big blind 40
Dealt to MathisKcr [Jc 3c]
*** PRE-FLOP *** 
Rabu25 raises 615 to 655 and is all-in
MathisKcr folds
Rabu25 collected 695 from pot
*** SUMMARY ***
Total pot 695 | No rake
Seat 3: Rabu25 (small blind) (button) won 695


Winamax Poker - Tournament "Expresso Nitro" buyIn: 0.93€ + 0.07€ level: 3 - HandId: #4617594205504536577-18-1773045135 - Holdem no limit (20/40) - 2026/03/09 08:32:15 UTC
Table: 'Expresso Nitro(1075117431)#0' 3-max (real money) Seat #1 is the button
Seat 1: MathisKcr (205)
Seat 3: Rabu25 (695)
*** ANTE/BLINDS ***
MathisKcr posts small blind 20
Rabu25 posts big blind 40
Dealt to MathisKcr [7s 5c]
*** PRE-FLOP *** 
MathisKcr raises 165 to 205 and is all-in
Rabu25 calls 165
*** FLOP *** [8c 9s Ts]
*** TURN *** [8c 9s Ts][7h]
*** RIVER *** [8c 9s Ts 7h][5s]
*** SHOW DOWN ***
MathisKcr shows [7s 5c] (Two pairs : 7 and 5)
Rabu25 shows [6h Kd] (Straight Ten high)
Rabu25 collected 410 from pot
*** SUMMARY ***
Total pot 410 | No rake
Board: [8c 9s Ts 7h 5s]
Seat 1: MathisKcr (small blind) (button) showed [7s 5c] and lost with Two pairs : 7 and 5
Seat 3: Rabu25 (big blind) showed [6h Kd] and won 410 with Straight Ten high


