Winamax Poker - Tournament "Expresso Nitro" buyIn: 0.93€ + 0.07€ level: 1 - HandId: #4698378863850291201-1-1775912302 - Holdem no limit (10/20) - 2026/04/11 12:58:22 UTC
Table: 'Expresso Nitro(1093926575)#0' 3-max (real money) Seat #2 is the button
Seat 1: MathisKcr (300)
Seat 2: squale2.0-06 (300)
Seat 3: LuckyPlayer0 (300)
*** ANTE/BLINDS ***
LuckyPlayer0 posts small blind 10
MathisKcr posts big blind 20
Dealt to MathisKcr [2c 7h]
*** PRE-FLOP *** 
squale2.0-06 calls 20
LuckyPlayer0 calls 10
MathisKcr checks
*** FLOP *** [Kh 5d 9h]
LuckyPlayer0 checks
MathisKcr checks
squale2.0-06 checks
*** TURN *** [Kh 5d 9h][6s]
LuckyPlayer0 bets 39
MathisKcr folds
squale2.0-06 calls 39
*** RIVER *** [Kh 5d 9h 6s][4s]
LuckyPlayer0 bets 241 and is all-in
squale2.0-06 folds
LuckyPlayer0 collected 379 from pot
*** SUMMARY ***
Total pot 379 | No rake
Board: [Kh 5d 9h 6s 4s]
Seat 3: LuckyPlayer0 (small blind) won 379


Winamax Poker - Tournament "Expresso Nitro" buyIn: 0.93€ + 0.07€ level: 1 - HandId: #4698378863850291201-2-1775912350 - Holdem no limit (10/20) - 2026/04/11 12:59:10 UTC
Table: 'Expresso Nitro(1093926575)#0' 3-max (real money) Seat #3 is the button
Seat 1: MathisKcr (280)
Seat 2: squale2.0-06 (241)
Seat 3: LuckyPlayer0 (379)
*** ANTE/BLINDS ***
MathisKcr posts small blind 10
squale2.0-06 posts big blind 20
Dealt to MathisKcr [Kd 9h]
*** PRE-FLOP *** 
LuckyPlayer0 raises 20 to 40
MathisKcr calls 30
squale2.0-06 calls 20
*** FLOP *** [Kh 8d 2d]
MathisKcr bets 42
squale2.0-06 calls 42
LuckyPlayer0 folds
*** TURN *** [Kh 8d 2d][As]
MathisKcr checks
squale2.0-06 checks
*** RIVER *** [Kh 8d 2d As][5h]
MathisKcr bets 102
squale2.0-06 calls 102
*** SHOW DOWN ***
squale2.0-06 shows [8h 6h] (One pair : 8)
MathisKcr shows [Kd 9h] (One pair : Kings)
MathisKcr collected 408 from pot
*** SUMMARY ***
Total pot 408 | No rake
Board: [Kh 8d 2d As 5h]
Seat 1: MathisKcr (small blind) showed [Kd 9h] and won 408 with One pair : Kings
Seat 2: squale2.0-06 (big blind) showed [8h 6h] and lost with One pair : 8


Winamax Poker - Tournament "Expresso Nitro" buyIn: 0.93€ + 0.07€ level: 2 - HandId: #4698378863850291201-3-1775912387 - Holdem no limit (15/30) - 2026/04/11 12:59:47 UTC
Table: 'Expresso Nitro(1093926575)#0' 3-max (real money) Seat #1 is the button
Seat 1: MathisKcr (504)
Seat 2: squale2.0-06 (57)
Seat 3: LuckyPlayer0 (339)
*** ANTE/BLINDS ***
squale2.0-06 posts small blind 15
LuckyPlayer0 posts big blind 30
Dealt to MathisKcr [8s Qh]
*** PRE-FLOP *** 
MathisKcr raises 30 to 60
squale2.0-06 calls 42 and is all-in
LuckyPlayer0 raises 30 to 90
MathisKcr calls 30
*** FLOP *** [4c Js Kh]
LuckyPlayer0 bets 83
MathisKcr folds
*** TURN *** [4c Js Kh][2h]
*** RIVER *** [4c Js Kh 2h][Kc]
*** SHOW DOWN ***
squale2.0-06 shows [Kd 7c] (Trips of Kings)
LuckyPlayer0 shows [3h As] (One pair : Kings)
LuckyPlayer0 collected 149 from side pot 1
squale2.0-06 collected 171 from main pot
*** SUMMARY ***
Total pot 320 | No rake
Board: [4c Js Kh 2h Kc]
Seat 2: squale2.0-06 (small blind) showed [Kd 7c] and won 171 with Trips of Kings
Seat 3: LuckyPlayer0 (big blind) showed [3h As] and won 149 with One pair : Kings


Winamax Poker - Tournament "Expresso Nitro" buyIn: 0.93€ + 0.07€ level: 3 - HandId: #4698378863850291201-4-1775912421 - Holdem no limit (20/40) - 2026/04/11 13:00:21 UTC
Table: 'Expresso Nitro(1093926575)#0' 3-max (real money) Seat #2 is the button
Seat 1: MathisKcr (414)
Seat 2: squale2.0-06 (171)
Seat 3: LuckyPlayer0 (315)
*** ANTE/BLINDS ***
LuckyPlayer0 posts small blind 20
MathisKcr posts big blind 40
Dealt to MathisKcr [9c Qs]
*** PRE-FLOP *** 
squale2.0-06 raises 40 to 80
LuckyPlayer0 raises 40 to 120
MathisKcr folds
squale2.0-06 calls 40
*** FLOP *** [Qc Qd 3c]
LuckyPlayer0 bets 195 and is all-in
squale2.0-06 calls 51 and is all-in
*** TURN *** [Qc Qd 3c][4h]
*** RIVER *** [Qc Qd 3c 4h][5h]
*** SHOW DOWN ***
squale2.0-06 shows [Kd Td] (One pair : Queens)
LuckyPlayer0 shows [Jh 3h] (Two pairs : Queens and 3)
LuckyPlayer0 collected 526 from pot
*** SUMMARY ***
Total pot 526 | No rake
Board: [Qc Qd 3c 4h 5h]
Seat 2: squale2.0-06 (button) showed [Kd Td] and lost with One pair : Queens
Seat 3: LuckyPlayer0 (small blind) showed [Jh 3h] and won 526 with Two pairs : Queens and 3


Winamax Poker - Tournament "Expresso Nitro" buyIn: 0.93€ + 0.07€ level: 3 - HandId: #4698378863850291201-5-1775912448 - Holdem no limit (20/40) - 2026/04/11 13:00:48 UTC
Table: 'Expresso Nitro(1093926575)#0' 3-max (real money) Seat #1 is the button
Seat 1: MathisKcr (374)
Seat 3: LuckyPlayer0 (526)
*** ANTE/BLINDS ***
MathisKcr posts small blind 20
LuckyPlayer0 posts big blind 40
Dealt to MathisKcr [Tc Qc]
*** PRE-FLOP *** 
MathisKcr raises 334 to 374 and is all-in
LuckyPlayer0 calls 334
*** FLOP *** [5s 2h Js]
*** TURN *** [5s 2h Js][3d]
*** RIVER *** [5s 2h Js 3d][4c]
*** SHOW DOWN ***
MathisKcr shows [Tc Qc] (High card : Queen)
LuckyPlayer0 shows [3h As] (Straight 5 high)
LuckyPlayer0 collected 748 from pot
*** SUMMARY ***
Total pot 748 | No rake
Board: [5s 2h Js 3d 4c]
Seat 1: MathisKcr (small blind) (button) showed [Tc Qc] and lost with High card : Queen
Seat 3: LuckyPlayer0 (big blind) showed [3h As] and won 748 with Straight 5 high


