Winamax Poker - Tournament "Expresso Nitro" buyIn: 0.93€ + 0.07€ level: 1 - HandId: #4666719719313637377-1-1774719739 - Holdem no limit (10/20) - 2026/03/28 17:42:19 UTC
Table: 'Expresso Nitro(1086555356)#0' 3-max (real money) Seat #2 is the button
Seat 1: MathisKcr (300)
Seat 2: Pimientoloco (300)
Seat 3: Men87 (300)
*** ANTE/BLINDS ***
Men87 posts small blind 10
MathisKcr posts big blind 20
Dealt to MathisKcr [Tc 5c]
*** PRE-FLOP *** 
Pimientoloco calls 20
Men87 calls 10
MathisKcr checks
*** FLOP *** [3h 8d 5h]
Men87 checks
MathisKcr bets 39
Pimientoloco folds
Men87 calls 39
*** TURN *** [3h 8d 5h][Jh]
Men87 checks
MathisKcr checks
*** RIVER *** [3h 8d 5h Jh][Jc]
Men87 checks
MathisKcr checks
*** SHOW DOWN ***
Men87 shows [2d 3d] (Two pairs : Jacks and 3)
MathisKcr shows [Tc 5c] (Two pairs : Jacks and 5)
MathisKcr collected 138 from pot
*** SUMMARY ***
Total pot 138 | No rake
Board: [3h 8d 5h Jh Jc]
Seat 1: MathisKcr (big blind) showed [Tc 5c] and won 138 with Two pairs : Jacks and 5
Seat 3: Men87 (small blind) showed [2d 3d] and lost with Two pairs : Jacks and 3


Winamax Poker - Tournament "Expresso Nitro" buyIn: 0.93€ + 0.07€ level: 1 - HandId: #4666719719313637377-2-1774719768 - Holdem no limit (10/20) - 2026/03/28 17:42:48 UTC
Table: 'Expresso Nitro(1086555356)#0' 3-max (real money) Seat #3 is the button
Seat 1: MathisKcr (379)
Seat 2: Pimientoloco (280)
Seat 3: Men87 (241)
*** ANTE/BLINDS ***
MathisKcr posts small blind 10
Pimientoloco posts big blind 20
Dealt to MathisKcr [2s 2d]
*** PRE-FLOP *** 
Men87 calls 20
MathisKcr raises 359 to 379 and is all-in
Pimientoloco calls 260 and is all-in
Men87 calls 221 and is all-in
*** FLOP *** [6h As Jh]
*** TURN *** [6h As Jh][Jc]
*** RIVER *** [6h As Jh Jc][Ah]
*** SHOW DOWN ***
MathisKcr shows [2s 2d] (Two pairs : Aces and Jacks)
Pimientoloco shows [Ks 9c] (Two pairs : Aces and Jacks)
Men87 shows [Qh 5h] (Flush Ace high)
Men87 collected 723 from main pot
Pimientoloco collected 78 from side pot 1
MathisKcr collected 99 from side pot 2
*** SUMMARY ***
Total pot 900 | No rake
Board: [6h As Jh Jc Ah]
Seat 1: MathisKcr (small blind) showed [2s 2d] and won 99 with Two pairs : Aces and Jacks
Seat 2: Pimientoloco (big blind) showed [Ks 9c] and won 78 with Two pairs : Aces and Jacks
Seat 3: Men87 (button) showed [Qh 5h] and won 723 with Flush Ace high


Winamax Poker - Tournament "Expresso Nitro" buyIn: 0.93€ + 0.07€ level: 1 - HandId: #4666719719313637377-3-1774719782 - Holdem no limit (10/20) - 2026/03/28 17:43:02 UTC
Table: 'Expresso Nitro(1086555356)#0' 3-max (real money) Seat #1 is the button
Seat 1: MathisKcr (99)
Seat 2: Pimientoloco (78)
Seat 3: Men87 (723)
*** ANTE/BLINDS ***
Pimientoloco posts small blind 10
Men87 posts big blind 20
Dealt to MathisKcr [Kd 6d]
*** PRE-FLOP *** 
MathisKcr raises 79 to 99 and is all-in
Pimientoloco calls 68 and is all-in
Men87 calls 79
*** FLOP *** [4c 8h 4h]
*** TURN *** [4c 8h 4h][6s]
*** RIVER *** [4c 8h 4h 6s][8d]
*** SHOW DOWN ***
Men87 shows [2h Ad] (Two pairs : 8 and 4)
MathisKcr shows [Kd 6d] (Two pairs : 8 and 6)
Pimientoloco shows [Ks 8s] (Full of 8 and 4)
Pimientoloco collected 234 from main pot
MathisKcr collected 42 from side pot 1
*** SUMMARY ***
Total pot 276 | No rake
Board: [4c 8h 4h 6s 8d]
Seat 1: MathisKcr (button) showed [Kd 6d] and won 42 with Two pairs : 8 and 6
Seat 2: Pimientoloco (small blind) showed [Ks 8s] and won 234 with Full of 8 and 4
Seat 3: Men87 (big blind) showed [2h Ad] and lost with Two pairs : 8 and 4


Winamax Poker - Tournament "Expresso Nitro" buyIn: 0.93€ + 0.07€ level: 2 - HandId: #4666719719313637377-4-1774719797 - Holdem no limit (15/30) - 2026/03/28 17:43:17 UTC
Table: 'Expresso Nitro(1086555356)#0' 3-max (real money) Seat #2 is the button
Seat 1: MathisKcr (42)
Seat 2: Pimientoloco (234)
Seat 3: Men87 (624)
*** ANTE/BLINDS ***
Men87 posts small blind 15
MathisKcr posts big blind 30
Dealt to MathisKcr [2h 4s]
*** PRE-FLOP *** 
Pimientoloco folds
Men87 calls 15
MathisKcr checks
*** FLOP *** [2d Tc Ks]
Men87 checks
MathisKcr checks
*** TURN *** [2d Tc Ks][3c]
Men87 bets 30
MathisKcr folds
Men87 shows [2s 3s] (Two pairs : 3 and 2)
Men87 collected 90 from pot
*** SUMMARY ***
Total pot 90 | No rake
Board: [2d Tc Ks 3c]
Seat 3: Men87 (small blind) showed [2s 3s] and won 90 with Two pairs : 3 and 2


Winamax Poker - Tournament "Expresso Nitro" buyIn: 0.93€ + 0.07€ level: 2 - HandId: #4666719719313637377-5-1774719814 - Holdem no limit (15/30) - 2026/03/28 17:43:34 UTC
Table: 'Expresso Nitro(1086555356)#0' 3-max (real money) Seat #3 is the button
Seat 1: MathisKcr (12)
Seat 2: Pimientoloco (234)
Seat 3: Men87 (654)
*** ANTE/BLINDS ***
MathisKcr posts small blind 12 and is all-in
Pimientoloco posts big blind 30
Dealt to MathisKcr [Qh 8c]
*** PRE-FLOP *** 
Men87 folds
*** FLOP *** [8d 6h Js]
*** TURN *** [8d 6h Js][3d]
*** RIVER *** [8d 6h Js 3d][Tc]
*** SHOW DOWN ***
MathisKcr shows [Qh 8c] (One pair : 8)
Pimientoloco shows [Kh Th] (One pair : Tens)
Pimientoloco collected 42 from pot
*** SUMMARY ***
Total pot 42 | No rake
Board: [8d 6h Js 3d Tc]
Seat 1: MathisKcr (small blind) showed [Qh 8c] and lost with One pair : 8
Seat 2: Pimientoloco (big blind) showed [Kh Th] and won 42 with One pair : Tens


