Winamax Poker - Tournament "Expresso Nitro" buyIn: 0.93€ + 0.07€ level: 1 - HandId: #4666101544670724097-1-1774698326 - Holdem no limit (10/20) - 2026/03/28 11:45:26 UTC
Table: 'Expresso Nitro(1086411426)#0' 3-max (real money) Seat #3 is the button
Seat 1: LeDebutant (300)
Seat 2: alphonse07 (300)
Seat 3: MathisKcr (300)
*** ANTE/BLINDS ***
LeDebutant posts small blind 10
alphonse07 posts big blind 20
Dealt to MathisKcr [5s Ac]
*** PRE-FLOP *** 
MathisKcr raises 20 to 40
LeDebutant folds
alphonse07 calls 20
*** FLOP *** [2h 4s 5c]
alphonse07 bets 59
MathisKcr raises 201 to 260 and is all-in
alphonse07 folds
MathisKcr collected 409 from pot
*** SUMMARY ***
Total pot 409 | No rake
Board: [2h 4s 5c]
Seat 3: MathisKcr (button) won 409


Winamax Poker - Tournament "Expresso Nitro" buyIn: 0.93€ + 0.07€ level: 1 - HandId: #4666101544670724097-2-1774698339 - Holdem no limit (10/20) - 2026/03/28 11:45:39 UTC
Table: 'Expresso Nitro(1086411426)#0' 3-max (real money) Seat #1 is the button
Seat 1: LeDebutant (290)
Seat 2: alphonse07 (201)
Seat 3: MathisKcr (409)
*** ANTE/BLINDS ***
alphonse07 posts small blind 10
MathisKcr posts big blind 20
Dealt to MathisKcr [Qd 4h]
*** PRE-FLOP *** 
LeDebutant folds
alphonse07 raises 40 to 60
MathisKcr calls 40
*** FLOP *** [6s 2c Js]
alphonse07 bets 141 and is all-in
MathisKcr folds
alphonse07 collected 261 from pot
*** SUMMARY ***
Total pot 261 | No rake
Board: [6s 2c Js]
Seat 2: alphonse07 (small blind) won 261


Winamax Poker - Tournament "Expresso Nitro" buyIn: 0.93€ + 0.07€ level: 1 - HandId: #4666101544670724097-3-1774698361 - Holdem no limit (10/20) - 2026/03/28 11:46:01 UTC
Table: 'Expresso Nitro(1086411426)#0' 3-max (real money) Seat #2 is the button
Seat 1: LeDebutant (290)
Seat 2: alphonse07 (261)
Seat 3: MathisKcr (349)
*** ANTE/BLINDS ***
MathisKcr posts small blind 10
LeDebutant posts big blind 20
Dealt to MathisKcr [4c 6s]
*** PRE-FLOP *** 
alphonse07 raises 50 to 70
MathisKcr folds
LeDebutant raises 220 to 290 and is all-in
alphonse07 calls 191 and is all-in
*** FLOP *** [5h Kc Ac]
*** TURN *** [5h Kc Ac][Kd]
*** RIVER *** [5h Kc Ac Kd][6c]
*** SHOW DOWN ***
LeDebutant shows [Jc Ad] (Two pairs : Aces and Kings)
alphonse07 shows [8d Kh] (Trips of Kings)
alphonse07 collected 532 from main pot
LeDebutant collected 29 from side pot 1
*** SUMMARY ***
Total pot 561 | No rake
Board: [5h Kc Ac Kd 6c]
Seat 1: LeDebutant (big blind) showed [Jc Ad] and won 29 with Two pairs : Aces and Kings
Seat 2: alphonse07 (button) showed [8d Kh] and won 532 with Trips of Kings


Winamax Poker - Tournament "Expresso Nitro" buyIn: 0.93€ + 0.07€ level: 1 - HandId: #4666101544670724097-4-1774698379 - Holdem no limit (10/20) - 2026/03/28 11:46:19 UTC
Table: 'Expresso Nitro(1086411426)#0' 3-max (real money) Seat #3 is the button
Seat 1: LeDebutant (29)
Seat 2: alphonse07 (532)
Seat 3: MathisKcr (339)
*** ANTE/BLINDS ***
LeDebutant posts small blind 10
alphonse07 posts big blind 20
Dealt to MathisKcr [Ac 3h]
*** PRE-FLOP *** 
MathisKcr raises 20 to 40
LeDebutant folds
alphonse07 raises 492 to 532 and is all-in
MathisKcr folds
alphonse07 collected 582 from pot
*** SUMMARY ***
Total pot 582 | No rake
Seat 2: alphonse07 (big blind) won 582


Winamax Poker - Tournament "Expresso Nitro" buyIn: 0.93€ + 0.07€ level: 2 - HandId: #4666101544670724097-5-1774698397 - Holdem no limit (15/30) - 2026/03/28 11:46:37 UTC
Table: 'Expresso Nitro(1086411426)#0' 3-max (real money) Seat #1 is the button
Seat 1: LeDebutant (19)
Seat 2: alphonse07 (582)
Seat 3: MathisKcr (299)
*** ANTE/BLINDS ***
alphonse07 posts small blind 15
MathisKcr posts big blind 30
Dealt to MathisKcr [7c 2d]
*** PRE-FLOP *** 
LeDebutant calls 19 and is all-in
alphonse07 raises 552 to 582 and is all-in
MathisKcr folds
*** FLOP *** [3s Jh Ac]
*** TURN *** [3s Jh Ac][Td]
*** RIVER *** [3s Jh Ac Td][9d]
*** SHOW DOWN ***
LeDebutant shows [2s Jc] (One pair : Jacks)
alphonse07 shows [Js Th] (Two pairs : Jacks and Tens)
alphonse07 collected 631 from pot
*** SUMMARY ***
Total pot 631 | No rake
Board: [3s Jh Ac Td 9d]
Seat 1: LeDebutant (button) showed [2s Jc] and lost with One pair : Jacks
Seat 2: alphonse07 (small blind) showed [Js Th] and won 631 with Two pairs : Jacks and Tens


Winamax Poker - Tournament "Expresso Nitro" buyIn: 0.93€ + 0.07€ level: 2 - HandId: #4666101544670724097-6-1774698413 - Holdem no limit (15/30) - 2026/03/28 11:46:53 UTC
Table: 'Expresso Nitro(1086411426)#0' 3-max (real money) Seat #3 is the button
Seat 2: alphonse07 (631)
Seat 3: MathisKcr (269)
*** ANTE/BLINDS ***
MathisKcr posts small blind 15
alphonse07 posts big blind 30
Dealt to MathisKcr [Th 6h]
*** PRE-FLOP *** 
MathisKcr raises 239 to 269 and is all-in
alphonse07 calls 239
*** FLOP *** [5d Jd 3c]
*** TURN *** [5d Jd 3c][4d]
*** RIVER *** [5d Jd 3c 4d][8h]
*** SHOW DOWN ***
MathisKcr shows [Th 6h] (High card : Jack)
alphonse07 shows [5s 7d] (One pair : 5)
alphonse07 collected 538 from pot
*** SUMMARY ***
Total pot 538 | No rake
Board: [5d Jd 3c 4d 8h]
Seat 2: alphonse07 (big blind) showed [5s 7d] and won 538 with One pair : 5
Seat 3: MathisKcr (small blind) (button) showed [Th 6h] and lost with High card : Jack


