Winamax Poker - Tournament "Expresso Nitro" buyIn: 0.93€ + 0.07€ level: 1 - HandId: #4693426916881858561-1-1775730745 - Holdem no limit (10/20) - 2026/04/09 10:32:25 UTC
Table: 'Expresso Nitro(1092773610)#0' 3-max (real money) Seat #2 is the button
Seat 1: URAMESHI777 (300)
Seat 2: MathisKcr (300)
Seat 3: -YTC- (300)
*** ANTE/BLINDS ***
-YTC- posts small blind 10
URAMESHI777 posts big blind 20
Dealt to MathisKcr [Ts Kd]
*** PRE-FLOP *** 
MathisKcr raises 20 to 40
-YTC- folds
URAMESHI777 calls 20
*** FLOP *** [6d 8h Jd]
URAMESHI777 checks
MathisKcr bets 32
URAMESHI777 calls 32
*** TURN *** [6d 8h Jd][5s]
URAMESHI777 checks
MathisKcr bets 77
URAMESHI777 calls 77
*** RIVER *** [6d 8h Jd 5s][8s]
URAMESHI777 checks
MathisKcr bets 151 and is all-in
URAMESHI777 calls 151 and is all-in
*** SHOW DOWN ***
MathisKcr shows [Ts Kd] (One pair : 8)
URAMESHI777 shows [Ac 9s] (One pair : 8)
URAMESHI777 collected 610 from pot
*** SUMMARY ***
Total pot 610 | No rake
Board: [6d 8h Jd 5s 8s]
Seat 1: URAMESHI777 (big blind) showed [Ac 9s] and won 610 with One pair : 8
Seat 2: MathisKcr (button) showed [Ts Kd] and lost with One pair : 8


