Winamax Poker - Tournament "TRIDENT SPACE KO" buyIn: 0.90€ + 0.10€ level: 1 - HandId: #4427562097592762400-1-1768144510 - Holdem no limit (3/10/20) - 2026/01/11 15:15:10 UTC
Table: 'TRIDENT SPACE KO(1030872133)#0031' 3-max (real money) Seat #2 is the button
Seat 1: damnare (500, 0.50€ bounty)
Seat 2: AdjDz (500, 0.50€ bounty)
Seat 3: MathisKcr (500, 0.50€ bounty)
*** ANTE/BLINDS ***
MathisKcr posts ante 3
damnare posts ante 3
AdjDz posts ante 3
MathisKcr posts small blind 10
damnare posts big blind 20
Dealt to MathisKcr [3c 6s]
*** PRE-FLOP *** 
AdjDz calls 20
MathisKcr calls 10
damnare checks
*** FLOP *** [7h 8s 9h]
MathisKcr bets 60
damnare folds
AdjDz raises 122 to 182
MathisKcr calls 122
*** TURN *** [7h 8s 9h][2d]
MathisKcr checks
AdjDz bets 295 and is all-in
MathisKcr folds
AdjDz collected 728 from pot
*** SUMMARY ***
Total pot 728 | No rake
Board: [7h 8s 9h 2d]
Seat 2: AdjDz (button) won 728


Winamax Poker - Tournament "TRIDENT SPACE KO" buyIn: 0.90€ + 0.10€ level: 1 - HandId: #4427562097592762400-2-1768144581 - Holdem no limit (3/10/20) - 2026/01/11 15:16:21 UTC
Table: 'TRIDENT SPACE KO(1030872133)#0031' 3-max (real money) Seat #3 is the button
Seat 1: damnare (477, 0.50€ bounty)
Seat 2: AdjDz (728, 0.50€ bounty)
Seat 3: MathisKcr (295, 0.50€ bounty)
*** ANTE/BLINDS ***
damnare posts ante 3
AdjDz posts ante 3
MathisKcr posts ante 3
damnare posts small blind 10
AdjDz posts big blind 20
Dealt to MathisKcr [4d 2s]
*** PRE-FLOP *** 
MathisKcr folds
damnare raises 20 to 40
AdjDz calls 20
*** FLOP *** [7s 9s Jc]
damnare checks
AdjDz bets 68
damnare calls 68
*** TURN *** [7s 9s Jc][5s]
damnare checks
AdjDz checks
*** RIVER *** [7s 9s Jc 5s][8h]
damnare checks
AdjDz checks
*** SHOW DOWN ***
damnare shows [7h Kh] (One pair : 7)
AdjDz shows [Jh Qd] (One pair : Jacks)
AdjDz collected 225 from pot
*** SUMMARY ***
Total pot 225 | No rake
Board: [7s 9s Jc 5s 8h]
Seat 1: damnare (small blind) showed [7h Kh] and lost with One pair : 7
Seat 2: AdjDz (big blind) showed [Jh Qd] and won 225 with One pair : Jacks


Winamax Poker - Tournament "TRIDENT SPACE KO" buyIn: 0.90€ + 0.10€ level: 1 - HandId: #4427562097592762400-3-1768144619 - Holdem no limit (3/10/20) - 2026/01/11 15:16:59 UTC
Table: 'TRIDENT SPACE KO(1030872133)#0031' 3-max (real money) Seat #1 is the button
Seat 1: damnare (366, 0.50€ bounty)
Seat 2: AdjDz (842, 0.50€ bounty)
Seat 3: MathisKcr (292, 0.50€ bounty)
*** ANTE/BLINDS ***
AdjDz posts ante 3
MathisKcr posts ante 3
damnare posts ante 3
AdjDz posts small blind 10
MathisKcr posts big blind 20
Dealt to MathisKcr [8d Ac]
*** PRE-FLOP *** 
damnare raises 20 to 40
AdjDz folds
MathisKcr raises 249 to 289 and is all-in
damnare raises 74 to 363 and is all-in
*** FLOP *** [Qc 7s 3d]
*** TURN *** [Qc 7s 3d][9s]
*** RIVER *** [Qc 7s 3d 9s][2s]
*** SHOW DOWN ***
MathisKcr shows [8d Ac] (High card : Ace)
damnare shows [Ts Ad] (High card : Ace)
damnare collected 671 from pot
*** SUMMARY ***
Total pot 671 | No rake
Board: [Qc 7s 3d 9s 2s]
Seat 1: damnare (button) showed [Ts Ad] and won 671 with High card : Ace
Seat 3: MathisKcr (big blind) showed [8d Ac] and lost with High card : Ace


