Winamax Poker - Tournament "Expresso Nitro" buyIn: 0.93€ + 0.07€ level: 1 - HandId: #4592503925684305921-1-1772018329 - Holdem no limit (10/20) - 2026/02/25 11:18:49 UTC
Table: 'Expresso Nitro(1069275645)#0' 3-max (real money) Seat #2 is the button
Seat 1: Capos_CV19 (300)
Seat 2: solopizza (300)
Seat 3: MathisKcr (300)
*** ANTE/BLINDS ***
MathisKcr posts small blind 10
Capos_CV19 posts big blind 20
Dealt to MathisKcr [4s 7c]
*** PRE-FLOP *** 
solopizza folds
MathisKcr folds
Capos_CV19 collected 30 from pot
*** SUMMARY ***
Total pot 30 | No rake
Seat 1: Capos_CV19 (big blind) won 30


Winamax Poker - Tournament "Expresso Nitro" buyIn: 0.93€ + 0.07€ level: 1 - HandId: #4592503925684305921-2-1772018341 - Holdem no limit (10/20) - 2026/02/25 11:19:01 UTC
Table: 'Expresso Nitro(1069275645)#0' 3-max (real money) Seat #3 is the button
Seat 1: Capos_CV19 (310)
Seat 2: solopizza (300)
Seat 3: MathisKcr (290)
*** ANTE/BLINDS ***
Capos_CV19 posts small blind 10
solopizza posts big blind 20
Dealt to MathisKcr [Qh 3h]
*** PRE-FLOP *** 
MathisKcr raises 20 to 40
Capos_CV19 calls 30
solopizza calls 20
*** FLOP *** [8c Th 7s]
Capos_CV19 bets 20
solopizza folds
MathisKcr folds
Capos_CV19 collected 140 from pot
*** SUMMARY ***
Total pot 140 | No rake
Board: [8c Th 7s]
Seat 1: Capos_CV19 (small blind) won 140


Winamax Poker - Tournament "Expresso Nitro" buyIn: 0.93€ + 0.07€ level: 1 - HandId: #4592503925684305921-3-1772018374 - Holdem no limit (10/20) - 2026/02/25 11:19:34 UTC
Table: 'Expresso Nitro(1069275645)#0' 3-max (real money) Seat #1 is the button
Seat 1: Capos_CV19 (390)
Seat 2: solopizza (260)
Seat 3: MathisKcr (250)
*** ANTE/BLINDS ***
solopizza posts small blind 10
MathisKcr posts big blind 20
Dealt to MathisKcr [Qc 8d]
*** PRE-FLOP *** 
Capos_CV19 calls 20
solopizza calls 10
MathisKcr raises 20 to 40
Capos_CV19 calls 20
solopizza calls 20
*** FLOP *** [2c Ks Qs]
solopizza checks
MathisKcr bets 30
Capos_CV19 raises 30 to 60
solopizza folds
MathisKcr raises 150 to 210 and is all-in
Capos_CV19 raises 140 to 350 and is all-in
*** TURN *** [2c Ks Qs][7d]
*** RIVER *** [2c Ks Qs 7d][2d]
*** SHOW DOWN ***
MathisKcr shows [Qc 8d] (Two pairs : Queens and 2)
Capos_CV19 shows [Jd 2s] (Trips of 2)
Capos_CV19 collected 680 from pot
*** SUMMARY ***
Total pot 680 | No rake
Board: [2c Ks Qs 7d 2d]
Seat 1: Capos_CV19 (button) showed [Jd 2s] and won 680 with Trips of 2
Seat 3: MathisKcr (big blind) showed [Qc 8d] and lost with Two pairs : Queens and 2


