Winamax Poker - Tournament "Expresso Nitro" buyIn: 0.93€ + 0.07€ level: 1 - HandId: #4666819203641114625-1-1774723016 - Holdem no limit (10/20) - 2026/03/28 18:36:56 UTC
Table: 'Expresso Nitro(1086578519)#0' 3-max (real money) Seat #3 is the button
Seat 1: Zdedex25. (300)
Seat 2: MathisKcr (300)
Seat 3: aliasvidda6z (300)
*** ANTE/BLINDS ***
Zdedex25. posts small blind 10
MathisKcr posts big blind 20
Dealt to MathisKcr [2s Ah]
*** PRE-FLOP *** 
aliasvidda6z calls 20
Zdedex25. calls 10
MathisKcr raises 280 to 300 and is all-in
aliasvidda6z folds
Zdedex25. folds
MathisKcr collected 340 from pot
*** SUMMARY ***
Total pot 340 | No rake
Seat 2: MathisKcr (big blind) won 340


Winamax Poker - Tournament "Expresso Nitro" buyIn: 0.93€ + 0.07€ level: 1 - HandId: #4666819203641114625-2-1774723031 - Holdem no limit (10/20) - 2026/03/28 18:37:11 UTC
Table: 'Expresso Nitro(1086578519)#0' 3-max (real money) Seat #1 is the button
Seat 1: Zdedex25. (280)
Seat 2: MathisKcr (340)
Seat 3: aliasvidda6z (280)
*** ANTE/BLINDS ***
MathisKcr posts small blind 10
aliasvidda6z posts big blind 20
Dealt to MathisKcr [2d 4h]
*** PRE-FLOP *** 
Zdedex25. raises 40 to 60
MathisKcr folds
aliasvidda6z folds
Zdedex25. collected 90 from pot
*** SUMMARY ***
Total pot 90 | No rake
Seat 1: Zdedex25. (button) won 90


Winamax Poker - Tournament "Expresso Nitro" buyIn: 0.93€ + 0.07€ level: 1 - HandId: #4666819203641114625-3-1774723041 - Holdem no limit (10/20) - 2026/03/28 18:37:21 UTC
Table: 'Expresso Nitro(1086578519)#0' 3-max (real money) Seat #2 is the button
Seat 1: Zdedex25. (310)
Seat 2: MathisKcr (330)
Seat 3: aliasvidda6z (260)
*** ANTE/BLINDS ***
aliasvidda6z posts small blind 10
Zdedex25. posts big blind 20
Dealt to MathisKcr [6c 2h]
*** PRE-FLOP *** 
MathisKcr folds
aliasvidda6z raises 240 to 260 and is all-in
Zdedex25. raises 50 to 310 and is all-in
*** FLOP *** [4s 7c Td]
*** TURN *** [4s 7c Td][9d]
*** RIVER *** [4s 7c Td 9d][7d]
*** SHOW DOWN ***
aliasvidda6z shows [7h 5h] (Trips of 7)
Zdedex25. shows [Th Ts] (Full of Tens and 7)
Zdedex25. collected 570 from pot
*** SUMMARY ***
Total pot 570 | No rake
Board: [4s 7c Td 9d 7d]
Seat 1: Zdedex25. (big blind) showed [Th Ts] and won 570 with Full of Tens and 7
Seat 3: aliasvidda6z (small blind) showed [7h 5h] and lost with Trips of 7


Winamax Poker - Tournament "Expresso Nitro" buyIn: 0.93€ + 0.07€ level: 1 - HandId: #4666819203641114625-4-1774723055 - Holdem no limit (10/20) - 2026/03/28 18:37:35 UTC
Table: 'Expresso Nitro(1086578519)#0' 3-max (real money) Seat #1 is the button
Seat 1: Zdedex25. (570)
Seat 2: MathisKcr (330)
*** ANTE/BLINDS ***
Zdedex25. posts small blind 10
MathisKcr posts big blind 20
Dealt to MathisKcr [4s Tc]
*** PRE-FLOP *** 
Zdedex25. calls 10
MathisKcr checks
*** FLOP *** [2c Jd 3h]
MathisKcr checks
Zdedex25. checks
*** TURN *** [2c Jd 3h][5c]
MathisKcr bets 40
Zdedex25. folds
MathisKcr collected 80 from pot
*** SUMMARY ***
Total pot 80 | No rake
Board: [2c Jd 3h 5c]
Seat 2: MathisKcr (big blind) won 80


Winamax Poker - Tournament "Expresso Nitro" buyIn: 0.93€ + 0.07€ level: 1 - HandId: #4666819203641114625-5-1774723069 - Holdem no limit (10/20) - 2026/03/28 18:37:49 UTC
Table: 'Expresso Nitro(1086578519)#0' 3-max (real money) Seat #2 is the button
Seat 1: Zdedex25. (550)
Seat 2: MathisKcr (350)
*** ANTE/BLINDS ***
MathisKcr posts small blind 10
Zdedex25. posts big blind 20
Dealt to MathisKcr [Jd 7s]
*** PRE-FLOP *** 
MathisKcr raises 330 to 350 and is all-in
Zdedex25. folds
MathisKcr collected 370 from pot
*** SUMMARY ***
Total pot 370 | No rake
Seat 2: MathisKcr (small blind) (button) won 370


Winamax Poker - Tournament "Expresso Nitro" buyIn: 0.93€ + 0.07€ level: 2 - HandId: #4666819203641114625-6-1774723076 - Holdem no limit (15/30) - 2026/03/28 18:37:56 UTC
Table: 'Expresso Nitro(1086578519)#0' 3-max (real money) Seat #1 is the button
Seat 1: Zdedex25. (530)
Seat 2: MathisKcr (370)
*** ANTE/BLINDS ***
Zdedex25. posts small blind 15
MathisKcr posts big blind 30
Dealt to MathisKcr [5c Jh]
*** PRE-FLOP *** 
Zdedex25. folds
MathisKcr collected 45 from pot
*** SUMMARY ***
Total pot 45 | No rake
Seat 2: MathisKcr (big blind) won 45


Winamax Poker - Tournament "Expresso Nitro" buyIn: 0.93€ + 0.07€ level: 2 - HandId: #4666819203641114625-7-1774723080 - Holdem no limit (15/30) - 2026/03/28 18:38:00 UTC
Table: 'Expresso Nitro(1086578519)#0' 3-max (real money) Seat #2 is the button
Seat 1: Zdedex25. (515)
Seat 2: MathisKcr (385)
*** ANTE/BLINDS ***
MathisKcr posts small blind 15
Zdedex25. posts big blind 30
Dealt to MathisKcr [9c 4d]
*** PRE-FLOP *** 
MathisKcr folds
Zdedex25. collected 45 from pot
*** SUMMARY ***
Total pot 45 | No rake
Seat 1: Zdedex25. (big blind) won 45


Winamax Poker - Tournament "Expresso Nitro" buyIn: 0.93€ + 0.07€ level: 2 - HandId: #4666819203641114625-8-1774723085 - Holdem no limit (15/30) - 2026/03/28 18:38:05 UTC
Table: 'Expresso Nitro(1086578519)#0' 3-max (real money) Seat #1 is the button
Seat 1: Zdedex25. (530)
Seat 2: MathisKcr (370)
*** ANTE/BLINDS ***
Zdedex25. posts small blind 15
MathisKcr posts big blind 30
Dealt to MathisKcr [Ks 3d]
*** PRE-FLOP *** 
Zdedex25. folds
MathisKcr collected 45 from pot
*** SUMMARY ***
Total pot 45 | No rake
Seat 2: MathisKcr (big blind) won 45


Winamax Poker - Tournament "Expresso Nitro" buyIn: 0.93€ + 0.07€ level: 2 - HandId: #4666819203641114625-9-1774723088 - Holdem no limit (15/30) - 2026/03/28 18:38:08 UTC
Table: 'Expresso Nitro(1086578519)#0' 3-max (real money) Seat #2 is the button
Seat 1: Zdedex25. (515)
Seat 2: MathisKcr (385)
*** ANTE/BLINDS ***
MathisKcr posts small blind 15
Zdedex25. posts big blind 30
Dealt to MathisKcr [Kc 7h]
*** PRE-FLOP *** 
MathisKcr raises 355 to 385 and is all-in
Zdedex25. folds
MathisKcr collected 415 from pot
*** SUMMARY ***
Total pot 415 | No rake
Seat 2: MathisKcr (small blind) (button) won 415


Winamax Poker - Tournament "Expresso Nitro" buyIn: 0.93€ + 0.07€ level: 2 - HandId: #4666819203641114625-10-1774723095 - Holdem no limit (15/30) - 2026/03/28 18:38:15 UTC
Table: 'Expresso Nitro(1086578519)#0' 3-max (real money) Seat #1 is the button
Seat 1: Zdedex25. (485)
Seat 2: MathisKcr (415)
*** ANTE/BLINDS ***
Zdedex25. posts small blind 15
MathisKcr posts big blind 30
Dealt to MathisKcr [2s 9s]
*** PRE-FLOP *** 
Zdedex25. folds
MathisKcr collected 45 from pot
*** SUMMARY ***
Total pot 45 | No rake
Seat 2: MathisKcr (big blind) won 45


Winamax Poker - Tournament "Expresso Nitro" buyIn: 0.93€ + 0.07€ level: 2 - HandId: #4666819203641114625-11-1774723099 - Holdem no limit (15/30) - 2026/03/28 18:38:19 UTC
Table: 'Expresso Nitro(1086578519)#0' 3-max (real money) Seat #2 is the button
Seat 1: Zdedex25. (470)
Seat 2: MathisKcr (430)
*** ANTE/BLINDS ***
MathisKcr posts small blind 15
Zdedex25. posts big blind 30
Dealt to MathisKcr [Ts 5s]
*** PRE-FLOP *** 
MathisKcr folds
Zdedex25. collected 45 from pot
*** SUMMARY ***
Total pot 45 | No rake
Seat 1: Zdedex25. (big blind) won 45


Winamax Poker - Tournament "Expresso Nitro" buyIn: 0.93€ + 0.07€ level: 2 - HandId: #4666819203641114625-12-1774723105 - Holdem no limit (15/30) - 2026/03/28 18:38:25 UTC
Table: 'Expresso Nitro(1086578519)#0' 3-max (real money) Seat #1 is the button
Seat 1: Zdedex25. (485)
Seat 2: MathisKcr (415)
*** ANTE/BLINDS ***
Zdedex25. posts small blind 15
MathisKcr posts big blind 30
Dealt to MathisKcr [Kd 4c]
*** PRE-FLOP *** 
Zdedex25. folds
MathisKcr collected 45 from pot
*** SUMMARY ***
Total pot 45 | No rake
Seat 2: MathisKcr (big blind) won 45


Winamax Poker - Tournament "Expresso Nitro" buyIn: 0.93€ + 0.07€ level: 2 - HandId: #4666819203641114625-13-1774723109 - Holdem no limit (15/30) - 2026/03/28 18:38:29 UTC
Table: 'Expresso Nitro(1086578519)#0' 3-max (real money) Seat #2 is the button
Seat 1: Zdedex25. (470)
Seat 2: MathisKcr (430)
*** ANTE/BLINDS ***
MathisKcr posts small blind 15
Zdedex25. posts big blind 30
Dealt to MathisKcr [Ts 5s]
*** PRE-FLOP *** 
MathisKcr raises 400 to 430 and is all-in
Zdedex25. folds
MathisKcr collected 460 from pot
*** SUMMARY ***
Total pot 460 | No rake
Seat 2: MathisKcr (small blind) (button) won 460


Winamax Poker - Tournament "Expresso Nitro" buyIn: 0.93€ + 0.07€ level: 2 - HandId: #4666819203641114625-14-1774723115 - Holdem no limit (15/30) - 2026/03/28 18:38:35 UTC
Table: 'Expresso Nitro(1086578519)#0' 3-max (real money) Seat #1 is the button
Seat 1: Zdedex25. (440)
Seat 2: MathisKcr (460)
*** ANTE/BLINDS ***
Zdedex25. posts small blind 15
MathisKcr posts big blind 30
Dealt to MathisKcr [Ts Kh]
*** PRE-FLOP *** 
Zdedex25. calls 15
MathisKcr raises 430 to 460 and is all-in
Zdedex25. folds
MathisKcr collected 490 from pot
*** SUMMARY ***
Total pot 490 | No rake
Seat 2: MathisKcr (big blind) won 490


Winamax Poker - Tournament "Expresso Nitro" buyIn: 0.93€ + 0.07€ level: 2 - HandId: #4666819203641114625-15-1774723124 - Holdem no limit (15/30) - 2026/03/28 18:38:44 UTC
Table: 'Expresso Nitro(1086578519)#0' 3-max (real money) Seat #2 is the button
Seat 1: Zdedex25. (410)
Seat 2: MathisKcr (490)
*** ANTE/BLINDS ***
MathisKcr posts small blind 15
Zdedex25. posts big blind 30
Dealt to MathisKcr [Ks 9d]
*** PRE-FLOP *** 
MathisKcr raises 460 to 490 and is all-in
Zdedex25. folds
MathisKcr collected 520 from pot
*** SUMMARY ***
Total pot 520 | No rake
Seat 2: MathisKcr (small blind) (button) won 520


Winamax Poker - Tournament "Expresso Nitro" buyIn: 0.93€ + 0.07€ level: 2 - HandId: #4666819203641114625-16-1774723130 - Holdem no limit (15/30) - 2026/03/28 18:38:50 UTC
Table: 'Expresso Nitro(1086578519)#0' 3-max (real money) Seat #1 is the button
Seat 1: Zdedex25. (380)
Seat 2: MathisKcr (520)
*** ANTE/BLINDS ***
Zdedex25. posts small blind 15
MathisKcr posts big blind 30
Dealt to MathisKcr [Jd 3h]
*** PRE-FLOP *** 
Zdedex25. raises 350 to 380 and is all-in
MathisKcr folds
Zdedex25. collected 410 from pot
*** SUMMARY ***
Total pot 410 | No rake
Seat 1: Zdedex25. (small blind) (button) won 410


Winamax Poker - Tournament "Expresso Nitro" buyIn: 0.93€ + 0.07€ level: 3 - HandId: #4666819203641114625-17-1774723135 - Holdem no limit (20/40) - 2026/03/28 18:38:55 UTC
Table: 'Expresso Nitro(1086578519)#0' 3-max (real money) Seat #2 is the button
Seat 1: Zdedex25. (410)
Seat 2: MathisKcr (490)
*** ANTE/BLINDS ***
MathisKcr posts small blind 20
Zdedex25. posts big blind 40
Dealt to MathisKcr [9d 9c]
*** PRE-FLOP *** 
MathisKcr raises 450 to 490 and is all-in
Zdedex25. folds
MathisKcr collected 530 from pot
*** SUMMARY ***
Total pot 530 | No rake
Seat 2: MathisKcr (small blind) (button) won 530


Winamax Poker - Tournament "Expresso Nitro" buyIn: 0.93€ + 0.07€ level: 3 - HandId: #4666819203641114625-18-1774723148 - Holdem no limit (20/40) - 2026/03/28 18:39:08 UTC
Table: 'Expresso Nitro(1086578519)#0' 3-max (real money) Seat #1 is the button
Seat 1: Zdedex25. (370)
Seat 2: MathisKcr (530)
*** ANTE/BLINDS ***
Zdedex25. posts small blind 20
MathisKcr posts big blind 40
Dealt to MathisKcr [7h Qc]
*** PRE-FLOP *** 
Zdedex25. raises 330 to 370 and is all-in
MathisKcr folds
Zdedex25. collected 410 from pot
*** SUMMARY ***
Total pot 410 | No rake
Seat 1: Zdedex25. (small blind) (button) won 410


Winamax Poker - Tournament "Expresso Nitro" buyIn: 0.93€ + 0.07€ level: 3 - HandId: #4666819203641114625-19-1774723155 - Holdem no limit (20/40) - 2026/03/28 18:39:15 UTC
Table: 'Expresso Nitro(1086578519)#0' 3-max (real money) Seat #2 is the button
Seat 1: Zdedex25. (410)
Seat 2: MathisKcr (490)
*** ANTE/BLINDS ***
MathisKcr posts small blind 20
Zdedex25. posts big blind 40
Dealt to MathisKcr [Th 9d]
*** PRE-FLOP *** 
MathisKcr raises 450 to 490 and is all-in
Zdedex25. folds
MathisKcr collected 530 from pot
*** SUMMARY ***
Total pot 530 | No rake
Seat 2: MathisKcr (small blind) (button) won 530


Winamax Poker - Tournament "Expresso Nitro" buyIn: 0.93€ + 0.07€ level: 3 - HandId: #4666819203641114625-20-1774723160 - Holdem no limit (20/40) - 2026/03/28 18:39:20 UTC
Table: 'Expresso Nitro(1086578519)#0' 3-max (real money) Seat #1 is the button
Seat 1: Zdedex25. (370)
Seat 2: MathisKcr (530)
*** ANTE/BLINDS ***
Zdedex25. posts small blind 20
MathisKcr posts big blind 40
Dealt to MathisKcr [4d 4s]
*** PRE-FLOP *** 
Zdedex25. raises 330 to 370 and is all-in
MathisKcr calls 330
*** FLOP *** [5d 7h 8c]
*** TURN *** [5d 7h 8c][6s]
*** RIVER *** [5d 7h 8c 6s][Ad]
*** SHOW DOWN ***
Zdedex25. shows [2h 2s] (One pair : 2)
MathisKcr shows [4d 4s] (Straight 8 high)
MathisKcr collected 740 from pot
*** SUMMARY ***
Total pot 740 | No rake
Board: [5d 7h 8c 6s Ad]
Seat 1: Zdedex25. (small blind) (button) showed [2h 2s] and lost with One pair : 2
Seat 2: MathisKcr (big blind) showed [4d 4s] and won 740 with Straight 8 high


