Winamax Poker - Tournament "Expresso Nitro" buyIn: 0.93€ + 0.07€ level: 1 - HandId: #4679525752717180929-1-1775210666 - Holdem no limit (10/20) - 2026/04/03 10:04:26 UTC
Table: 'Expresso Nitro(1089536993)#0' 3-max (real money) Seat #3 is the button
Seat 1: 4irva Ye-Bi (300)
Seat 2: MathisKcr (300)
Seat 3: Jarodinio02 (300)
*** ANTE/BLINDS ***
4irva Ye-Bi posts small blind 10
MathisKcr posts big blind 20
Dealt to MathisKcr [4d Ac]
*** PRE-FLOP *** 
Jarodinio02 folds
4irva Ye-Bi raises 280 to 300 and is all-in
MathisKcr calls 280 and is all-in
*** FLOP *** [Ts As 3s]
*** TURN *** [Ts As 3s][4h]
*** RIVER *** [Ts As 3s 4h][Qd]
*** SHOW DOWN ***
4irva Ye-Bi shows [Ad 7h] (One pair : Aces)
MathisKcr shows [4d Ac] (Two pairs : Aces and 4)
MathisKcr collected 600 from pot
*** SUMMARY ***
Total pot 600 | No rake
Board: [Ts As 3s 4h Qd]
Seat 1: 4irva Ye-Bi (small blind) showed [Ad 7h] and lost with One pair : Aces
Seat 2: MathisKcr (big blind) showed [4d Ac] and won 600 with Two pairs : Aces and 4


Winamax Poker - Tournament "Expresso Nitro" buyIn: 0.93€ + 0.07€ level: 1 - HandId: #4679525752717180929-2-1775210681 - Holdem no limit (10/20) - 2026/04/03 10:04:41 UTC
Table: 'Expresso Nitro(1089536993)#0' 3-max (real money) Seat #2 is the button
Seat 2: MathisKcr (600)
Seat 3: Jarodinio02 (300)
*** ANTE/BLINDS ***
MathisKcr posts small blind 10
Jarodinio02 posts big blind 20
Dealt to MathisKcr [Td Tc]
*** PRE-FLOP *** 
MathisKcr raises 580 to 600 and is all-in
Jarodinio02 folds
MathisKcr collected 620 from pot
*** SUMMARY ***
Total pot 620 | No rake
Seat 2: MathisKcr (small blind) (button) won 620


Winamax Poker - Tournament "Expresso Nitro" buyIn: 0.93€ + 0.07€ level: 1 - HandId: #4679525752717180929-3-1775210691 - Holdem no limit (10/20) - 2026/04/03 10:04:51 UTC
Table: 'Expresso Nitro(1089536993)#0' 3-max (real money) Seat #3 is the button
Seat 2: MathisKcr (620)
Seat 3: Jarodinio02 (280)
*** ANTE/BLINDS ***
Jarodinio02 posts small blind 10
MathisKcr posts big blind 20
Dealt to MathisKcr [Jc 7s]
*** PRE-FLOP *** 
Jarodinio02 calls 10
MathisKcr checks
*** FLOP *** [4s Tc 3c]
MathisKcr checks
Jarodinio02 bets 26
MathisKcr folds
Jarodinio02 collected 66 from pot
*** SUMMARY ***
Total pot 66 | No rake
Board: [4s Tc 3c]
Seat 3: Jarodinio02 (small blind) (button) won 66


Winamax Poker - Tournament "Expresso Nitro" buyIn: 0.93€ + 0.07€ level: 1 - HandId: #4679525752717180929-4-1775210703 - Holdem no limit (10/20) - 2026/04/03 10:05:03 UTC
Table: 'Expresso Nitro(1089536993)#0' 3-max (real money) Seat #2 is the button
Seat 2: MathisKcr (600)
Seat 3: Jarodinio02 (300)
*** ANTE/BLINDS ***
MathisKcr posts small blind 10
Jarodinio02 posts big blind 20
Dealt to MathisKcr [5h Js]
*** PRE-FLOP *** 
MathisKcr raises 580 to 600 and is all-in
Jarodinio02 calls 280 and is all-in
*** FLOP *** [Ah 9d Jd]
*** TURN *** [Ah 9d Jd][Kc]
*** RIVER *** [Ah 9d Jd Kc][Qc]
*** SHOW DOWN ***
MathisKcr shows [5h Js] (One pair : Jacks)
Jarodinio02 shows [8d Ac] (One pair : Aces)
Jarodinio02 collected 600 from main pot
MathisKcr collected 300 from side pot 1
*** SUMMARY ***
Total pot 900 | No rake
Board: [Ah 9d Jd Kc Qc]
Seat 2: MathisKcr (small blind) (button) showed [5h Js] and won 300 with One pair : Jacks
Seat 3: Jarodinio02 (big blind) showed [8d Ac] and won 600 with One pair : Aces


Winamax Poker - Tournament "Expresso Nitro" buyIn: 0.93€ + 0.07€ level: 1 - HandId: #4679525752717180929-5-1775210718 - Holdem no limit (10/20) - 2026/04/03 10:05:18 UTC
Table: 'Expresso Nitro(1089536993)#0' 3-max (real money) Seat #3 is the button
Seat 2: MathisKcr (300)
Seat 3: Jarodinio02 (600)
*** ANTE/BLINDS ***
Jarodinio02 posts small blind 10
MathisKcr posts big blind 20
Dealt to MathisKcr [2s Kc]
*** PRE-FLOP *** 
Jarodinio02 folds
MathisKcr collected 30 from pot
*** SUMMARY ***
Total pot 30 | No rake
Seat 2: MathisKcr (big blind) won 30


Winamax Poker - Tournament "Expresso Nitro" buyIn: 0.93€ + 0.07€ level: 1 - HandId: #4679525752717180929-6-1775210722 - Holdem no limit (10/20) - 2026/04/03 10:05:22 UTC
Table: 'Expresso Nitro(1089536993)#0' 3-max (real money) Seat #2 is the button
Seat 2: MathisKcr (310)
Seat 3: Jarodinio02 (590)
*** ANTE/BLINDS ***
MathisKcr posts small blind 10
Jarodinio02 posts big blind 20
Dealt to MathisKcr [6s 3h]
*** PRE-FLOP *** 
MathisKcr folds
Jarodinio02 collected 30 from pot
*** SUMMARY ***
Total pot 30 | No rake
Seat 3: Jarodinio02 (big blind) won 30


Winamax Poker - Tournament "Expresso Nitro" buyIn: 0.93€ + 0.07€ level: 2 - HandId: #4679525752717180929-7-1775210730 - Holdem no limit (15/30) - 2026/04/03 10:05:30 UTC
Table: 'Expresso Nitro(1089536993)#0' 3-max (real money) Seat #3 is the button
Seat 2: MathisKcr (300)
Seat 3: Jarodinio02 (600)
*** ANTE/BLINDS ***
Jarodinio02 posts small blind 15
MathisKcr posts big blind 30
Dealt to MathisKcr [3s Kc]
*** PRE-FLOP *** 
Jarodinio02 calls 15
MathisKcr raises 270 to 300 and is all-in
Jarodinio02 calls 270
*** FLOP *** [7c Kh 8h]
*** TURN *** [7c Kh 8h][8d]
*** RIVER *** [7c Kh 8h 8d][9h]
*** SHOW DOWN ***
Jarodinio02 shows [4s As] (One pair : 8)
MathisKcr shows [3s Kc] (Two pairs : Kings and 8)
MathisKcr collected 600 from pot
*** SUMMARY ***
Total pot 600 | No rake
Board: [7c Kh 8h 8d 9h]
Seat 2: MathisKcr (big blind) showed [3s Kc] and won 600 with Two pairs : Kings and 8
Seat 3: Jarodinio02 (small blind) (button) showed [4s As] and lost with One pair : 8


Winamax Poker - Tournament "Expresso Nitro" buyIn: 0.93€ + 0.07€ level: 2 - HandId: #4679525752717180929-8-1775210744 - Holdem no limit (15/30) - 2026/04/03 10:05:44 UTC
Table: 'Expresso Nitro(1089536993)#0' 3-max (real money) Seat #2 is the button
Seat 2: MathisKcr (600)
Seat 3: Jarodinio02 (300)
*** ANTE/BLINDS ***
MathisKcr posts small blind 15
Jarodinio02 posts big blind 30
Dealt to MathisKcr [2h 5h]
*** PRE-FLOP *** 
MathisKcr folds
Jarodinio02 collected 45 from pot
*** SUMMARY ***
Total pot 45 | No rake
Seat 3: Jarodinio02 (big blind) won 45


Winamax Poker - Tournament "Expresso Nitro" buyIn: 0.93€ + 0.07€ level: 2 - HandId: #4679525752717180929-9-1775210751 - Holdem no limit (15/30) - 2026/04/03 10:05:51 UTC
Table: 'Expresso Nitro(1089536993)#0' 3-max (real money) Seat #3 is the button
Seat 2: MathisKcr (585)
Seat 3: Jarodinio02 (315)
*** ANTE/BLINDS ***
Jarodinio02 posts small blind 15
MathisKcr posts big blind 30
Dealt to MathisKcr [5c Tc]
*** PRE-FLOP *** 
Jarodinio02 calls 15
MathisKcr checks
*** FLOP *** [2h Js 9s]
MathisKcr checks
Jarodinio02 bets 39
MathisKcr folds
Jarodinio02 collected 99 from pot
*** SUMMARY ***
Total pot 99 | No rake
Board: [2h Js 9s]
Seat 3: Jarodinio02 (small blind) (button) won 99


Winamax Poker - Tournament "Expresso Nitro" buyIn: 0.93€ + 0.07€ level: 2 - HandId: #4679525752717180929-10-1775210765 - Holdem no limit (15/30) - 2026/04/03 10:06:05 UTC
Table: 'Expresso Nitro(1089536993)#0' 3-max (real money) Seat #2 is the button
Seat 2: MathisKcr (555)
Seat 3: Jarodinio02 (345)
*** ANTE/BLINDS ***
MathisKcr posts small blind 15
Jarodinio02 posts big blind 30
Dealt to MathisKcr [8d 3d]
*** PRE-FLOP *** 
MathisKcr folds
Jarodinio02 collected 45 from pot
*** SUMMARY ***
Total pot 45 | No rake
Seat 3: Jarodinio02 (big blind) won 45


Winamax Poker - Tournament "Expresso Nitro" buyIn: 0.93€ + 0.07€ level: 2 - HandId: #4679525752717180929-11-1775210774 - Holdem no limit (15/30) - 2026/04/03 10:06:14 UTC
Table: 'Expresso Nitro(1089536993)#0' 3-max (real money) Seat #3 is the button
Seat 2: MathisKcr (540)
Seat 3: Jarodinio02 (360)
*** ANTE/BLINDS ***
Jarodinio02 posts small blind 15
MathisKcr posts big blind 30
Dealt to MathisKcr [7s Ad]
*** PRE-FLOP *** 
Jarodinio02 calls 15
MathisKcr raises 510 to 540 and is all-in
Jarodinio02 calls 330 and is all-in
*** FLOP *** [5c Jd 6h]
*** TURN *** [5c Jd 6h][3s]
*** RIVER *** [5c Jd 6h 3s][2h]
*** SHOW DOWN ***
MathisKcr shows [7s Ad] (High card : Ace)
Jarodinio02 shows [7h 7c] (One pair : 7)
Jarodinio02 collected 720 from main pot
MathisKcr collected 180 from side pot 1
*** SUMMARY ***
Total pot 900 | No rake
Board: [5c Jd 6h 3s 2h]
Seat 2: MathisKcr (big blind) showed [7s Ad] and won 180 with High card : Ace
Seat 3: Jarodinio02 (small blind) (button) showed [7h 7c] and won 720 with One pair : 7


Winamax Poker - Tournament "Expresso Nitro" buyIn: 0.93€ + 0.07€ level: 3 - HandId: #4679525752717180929-12-1775210787 - Holdem no limit (20/40) - 2026/04/03 10:06:27 UTC
Table: 'Expresso Nitro(1089536993)#0' 3-max (real money) Seat #2 is the button
Seat 2: MathisKcr (180)
Seat 3: Jarodinio02 (720)
*** ANTE/BLINDS ***
MathisKcr posts small blind 20
Jarodinio02 posts big blind 40
Dealt to MathisKcr [5c Ah]
*** PRE-FLOP *** 
MathisKcr raises 140 to 180 and is all-in
Jarodinio02 calls 140
*** FLOP *** [4c 8h Ad]
*** TURN *** [4c 8h Ad][Qh]
*** RIVER *** [4c 8h Ad Qh][6h]
*** SHOW DOWN ***
MathisKcr shows [5c Ah] (One pair : Aces)
Jarodinio02 shows [Td Ac] (One pair : Aces)
Jarodinio02 collected 360 from pot
*** SUMMARY ***
Total pot 360 | No rake
Board: [4c 8h Ad Qh 6h]
Seat 2: MathisKcr (small blind) (button) showed [5c Ah] and lost with One pair : Aces
Seat 3: Jarodinio02 (big blind) showed [Td Ac] and won 360 with One pair : Aces


