Winamax Poker - Tournament "Expresso Nitro" buyIn: 0.93€ + 0.07€ level: 1 - HandId: #4607417035683528705-1-1772618697 - Holdem no limit (10/20) - 2026/03/04 10:04:57 UTC
Table: 'Expresso Nitro(1072747874)#0' 3-max (real money) Seat #3 is the button
Seat 1: MathisKcr (300)
Seat 2: Zelandia (300)
Seat 3: Gwen-27 (300)
*** ANTE/BLINDS ***
MathisKcr posts small blind 10
Zelandia posts big blind 20
Dealt to MathisKcr [2c Kh]
*** PRE-FLOP *** 
Gwen-27 raises 280 to 300 and is all-in
MathisKcr folds
Zelandia calls 280 and is all-in
*** FLOP *** [3h Qd 9c]
*** TURN *** [3h Qd 9c][7s]
*** RIVER *** [3h Qd 9c 7s][3c]
*** SHOW DOWN ***
Gwen-27 shows [Jh Ad] (One pair : 3)
Zelandia shows [Tc Th] (Two pairs : Tens and 3)
Zelandia collected 610 from pot
*** SUMMARY ***
Total pot 610 | No rake
Board: [3h Qd 9c 7s 3c]
Seat 2: Zelandia (big blind) showed [Tc Th] and won 610 with Two pairs : Tens and 3
Seat 3: Gwen-27 (button) showed [Jh Ad] and lost with One pair : 3


Winamax Poker - Tournament "Expresso Nitro" buyIn: 0.93€ + 0.07€ level: 1 - HandId: #4607417035683528705-2-1772618755 - Holdem no limit (10/20) - 2026/03/04 10:05:55 UTC
Table: 'Expresso Nitro(1072747874)#0' 3-max (real money) Seat #2 is the button
Seat 1: MathisKcr (290)
Seat 2: Zelandia (610)
*** ANTE/BLINDS ***
Zelandia posts small blind 10
MathisKcr posts big blind 20
Dealt to MathisKcr [6c 5h]
*** PRE-FLOP *** 
Zelandia folds
MathisKcr collected 30 from pot
*** SUMMARY ***
Total pot 30 | No rake
Seat 1: MathisKcr (big blind) won 30


Winamax Poker - Tournament "Expresso Nitro" buyIn: 0.93€ + 0.07€ level: 2 - HandId: #4607417035683528705-3-1772618766 - Holdem no limit (15/30) - 2026/03/04 10:06:06 UTC
Table: 'Expresso Nitro(1072747874)#0' 3-max (real money) Seat #1 is the button
Seat 1: MathisKcr (300)
Seat 2: Zelandia (600)
*** ANTE/BLINDS ***
MathisKcr posts small blind 15
Zelandia posts big blind 30
Dealt to MathisKcr [4d 8c]
*** PRE-FLOP *** 
MathisKcr folds
Zelandia collected 45 from pot
*** SUMMARY ***
Total pot 45 | No rake
Seat 2: Zelandia (big blind) won 45


Winamax Poker - Tournament "Expresso Nitro" buyIn: 0.93€ + 0.07€ level: 2 - HandId: #4607417035683528705-4-1772618770 - Holdem no limit (15/30) - 2026/03/04 10:06:10 UTC
Table: 'Expresso Nitro(1072747874)#0' 3-max (real money) Seat #2 is the button
Seat 1: MathisKcr (285)
Seat 2: Zelandia (615)
*** ANTE/BLINDS ***
Zelandia posts small blind 15
MathisKcr posts big blind 30
Dealt to MathisKcr [As 8h]
*** PRE-FLOP *** 
Zelandia folds
MathisKcr collected 45 from pot
*** SUMMARY ***
Total pot 45 | No rake
Seat 1: MathisKcr (big blind) won 45


Winamax Poker - Tournament "Expresso Nitro" buyIn: 0.93€ + 0.07€ level: 2 - HandId: #4607417035683528705-5-1772618782 - Holdem no limit (15/30) - 2026/03/04 10:06:22 UTC
Table: 'Expresso Nitro(1072747874)#0' 3-max (real money) Seat #1 is the button
Seat 1: MathisKcr (300)
Seat 2: Zelandia (600)
*** ANTE/BLINDS ***
MathisKcr posts small blind 15
Zelandia posts big blind 30
Dealt to MathisKcr [Qs 9d]
*** PRE-FLOP *** 
MathisKcr raises 270 to 300 and is all-in
Zelandia folds
MathisKcr collected 330 from pot
*** SUMMARY ***
Total pot 330 | No rake
Seat 1: MathisKcr (small blind) (button) won 330


Winamax Poker - Tournament "Expresso Nitro" buyIn: 0.93€ + 0.07€ level: 2 - HandId: #4607417035683528705-6-1772618798 - Holdem no limit (15/30) - 2026/03/04 10:06:38 UTC
Table: 'Expresso Nitro(1072747874)#0' 3-max (real money) Seat #2 is the button
Seat 1: MathisKcr (330)
Seat 2: Zelandia (570)
*** ANTE/BLINDS ***
Zelandia posts small blind 15
MathisKcr posts big blind 30
Dealt to MathisKcr [Jd 4s]
*** PRE-FLOP *** 
Zelandia folds
MathisKcr collected 45 from pot
*** SUMMARY ***
Total pot 45 | No rake
Seat 1: MathisKcr (big blind) won 45


Winamax Poker - Tournament "Expresso Nitro" buyIn: 0.93€ + 0.07€ level: 2 - HandId: #4607417035683528705-7-1772618809 - Holdem no limit (15/30) - 2026/03/04 10:06:49 UTC
Table: 'Expresso Nitro(1072747874)#0' 3-max (real money) Seat #1 is the button
Seat 1: MathisKcr (345)
Seat 2: Zelandia (555)
*** ANTE/BLINDS ***
MathisKcr posts small blind 15
Zelandia posts big blind 30
Dealt to MathisKcr [3c 8s]
*** PRE-FLOP *** 
MathisKcr calls 15
Zelandia checks
*** FLOP *** [4c 8d 3d]
Zelandia checks
MathisKcr bets 30
Zelandia folds
MathisKcr collected 90 from pot
*** SUMMARY ***
Total pot 90 | No rake
Board: [4c 8d 3d]
Seat 1: MathisKcr (small blind) (button) won 90


Winamax Poker - Tournament "Expresso Nitro" buyIn: 0.93€ + 0.07€ level: 3 - HandId: #4607417035683528705-8-1772618832 - Holdem no limit (20/40) - 2026/03/04 10:07:12 UTC
Table: 'Expresso Nitro(1072747874)#0' 3-max (real money) Seat #2 is the button
Seat 1: MathisKcr (375)
Seat 2: Zelandia (525)
*** ANTE/BLINDS ***
Zelandia posts small blind 20
MathisKcr posts big blind 40
Dealt to MathisKcr [5h 9h]
*** PRE-FLOP *** 
Zelandia folds
MathisKcr collected 60 from pot
*** SUMMARY ***
Total pot 60 | No rake
Seat 1: MathisKcr (big blind) won 60


Winamax Poker - Tournament "Expresso Nitro" buyIn: 0.93€ + 0.07€ level: 3 - HandId: #4607417035683528705-9-1772618839 - Holdem no limit (20/40) - 2026/03/04 10:07:19 UTC
Table: 'Expresso Nitro(1072747874)#0' 3-max (real money) Seat #1 is the button
Seat 1: MathisKcr (395)
Seat 2: Zelandia (505)
*** ANTE/BLINDS ***
MathisKcr posts small blind 20
Zelandia posts big blind 40
Dealt to MathisKcr [3s 3h]
*** PRE-FLOP *** 
MathisKcr raises 355 to 395 and is all-in
Zelandia folds
MathisKcr collected 435 from pot
*** SUMMARY ***
Total pot 435 | No rake
Seat 1: MathisKcr (small blind) (button) won 435


Winamax Poker - Tournament "Expresso Nitro" buyIn: 0.93€ + 0.07€ level: 3 - HandId: #4607417035683528705-10-1772618847 - Holdem no limit (20/40) - 2026/03/04 10:07:27 UTC
Table: 'Expresso Nitro(1072747874)#0' 3-max (real money) Seat #2 is the button
Seat 1: MathisKcr (435)
Seat 2: Zelandia (465)
*** ANTE/BLINDS ***
Zelandia posts small blind 20
MathisKcr posts big blind 40
Dealt to MathisKcr [As Tc]
*** PRE-FLOP *** 
Zelandia raises 40 to 80
MathisKcr raises 355 to 435 and is all-in
Zelandia folds
MathisKcr collected 515 from pot
*** SUMMARY ***
Total pot 515 | No rake
Seat 1: MathisKcr (big blind) won 515


Winamax Poker - Tournament "Expresso Nitro" buyIn: 0.93€ + 0.07€ level: 3 - HandId: #4607417035683528705-11-1772618865 - Holdem no limit (20/40) - 2026/03/04 10:07:45 UTC
Table: 'Expresso Nitro(1072747874)#0' 3-max (real money) Seat #1 is the button
Seat 1: MathisKcr (515)
Seat 2: Zelandia (385)
*** ANTE/BLINDS ***
MathisKcr posts small blind 20
Zelandia posts big blind 40
Dealt to MathisKcr [Ac 2d]
*** PRE-FLOP *** 
MathisKcr raises 475 to 515 and is all-in
Zelandia calls 345 and is all-in
*** FLOP *** [Jd 4d 9h]
*** TURN *** [Jd 4d 9h][2h]
*** RIVER *** [Jd 4d 9h 2h][8c]
*** SHOW DOWN ***
Zelandia shows [Kc Qc] (High card : King)
MathisKcr shows [Ac 2d] (One pair : 2)
MathisKcr collected 900 from pot
*** SUMMARY ***
Total pot 900 | No rake
Board: [Jd 4d 9h 2h 8c]
Seat 1: MathisKcr (small blind) (button) showed [Ac 2d] and won 900 with One pair : 2
Seat 2: Zelandia (big blind) showed [Kc Qc] and lost with High card : King


