Winamax Poker - Tournament "Expresso Nitro" buyIn: 0.93€ + 0.07€ level: 1 - HandId: #4590844711098384385-1-1771946874 - Holdem no limit (10/20) - 2026/02/24 15:27:54 UTC
Table: 'Expresso Nitro(1068889329)#0' 3-max (real money) Seat #2 is the button
Seat 1: Sayok (300)
Seat 2: Leniakeur (300)
Seat 3: MathisKcr (300)
*** ANTE/BLINDS ***
MathisKcr posts small blind 10
Sayok posts big blind 20
Dealt to MathisKcr [3s Ts]
*** PRE-FLOP *** 
Leniakeur raises 280 to 300 and is all-in
MathisKcr folds
Sayok calls 280 and is all-in
*** FLOP *** [8h Tc 7d]
*** TURN *** [8h Tc 7d][9h]
*** RIVER *** [8h Tc 7d 9h][6h]
*** SHOW DOWN ***
Sayok shows [Ad Jc] (Straight Jack high)
Leniakeur shows [Jh Qc] (Straight Queen high)
Leniakeur collected 610 from pot
*** SUMMARY ***
Total pot 610 | No rake
Board: [8h Tc 7d 9h 6h]
Seat 1: Sayok (big blind) showed [Ad Jc] and lost with Straight Jack high
Seat 2: Leniakeur (button) showed [Jh Qc] and won 610 with Straight Queen high


Winamax Poker - Tournament "Expresso Nitro" buyIn: 0.93€ + 0.07€ level: 1 - HandId: #4590844711098384385-2-1771946901 - Holdem no limit (10/20) - 2026/02/24 15:28:21 UTC
Table: 'Expresso Nitro(1068889329)#0' 3-max (real money) Seat #2 is the button
Seat 2: Leniakeur (610)
Seat 3: MathisKcr (290)
*** ANTE/BLINDS ***
Leniakeur posts small blind 10
MathisKcr posts big blind 20
Dealt to MathisKcr [Tc 2s]
*** PRE-FLOP *** 
Leniakeur raises 20 to 40
MathisKcr calls 20
*** FLOP *** [Jh 6h 2h]
MathisKcr bets 52
Leniakeur raises 52 to 104
MathisKcr raises 146 to 250 and is all-in
Leniakeur calls 146
*** TURN *** [Jh 6h 2h][8s]
*** RIVER *** [Jh 6h 2h 8s][6c]
*** SHOW DOWN ***
MathisKcr shows [Tc 2s] (Two pairs : 6 and 2)
Leniakeur shows [Jc 9s] (Two pairs : Jacks and 6)
Leniakeur collected 580 from pot
*** SUMMARY ***
Total pot 580 | No rake
Board: [Jh 6h 2h 8s 6c]
Seat 2: Leniakeur (small blind) (button) showed [Jc 9s] and won 580 with Two pairs : Jacks and 6
Seat 3: MathisKcr (big blind) showed [Tc 2s] and lost with Two pairs : 6 and 2


