Winamax Poker - Tournament "Expresso Nitro" buyIn: 0.93€ + 0.07€ level: 1 - HandId: #4672410164433780737-1-1774949938 - Holdem no limit (10/20) - 2026/03/31 09:38:58 UTC
Table: 'Expresso Nitro(1087880266)#0' 3-max (real money) Seat #1 is the button
Seat 1: MathisKcr (300)
Seat 2: MimiMite4501 (300)
Seat 3: Stevef07 (300)
*** ANTE/BLINDS ***
MimiMite4501 posts small blind 10
Stevef07 posts big blind 20
Dealt to MathisKcr [7s 7h]
*** PRE-FLOP *** 
MathisKcr raises 280 to 300 and is all-in
MimiMite4501 calls 290 and is all-in
Stevef07 calls 280 and is all-in
*** FLOP *** [2s 3h 5d]
*** TURN *** [2s 3h 5d][Kh]
*** RIVER *** [2s 3h 5d Kh][4d]
*** SHOW DOWN ***
MathisKcr shows [7s 7h] (One pair : 7)
MimiMite4501 shows [Ks 9c] (One pair : Kings)
Stevef07 shows [Ah Tc] (Straight 5 high)
Stevef07 collected 900 from pot
*** SUMMARY ***
Total pot 900 | No rake
Board: [2s 3h 5d Kh 4d]
Seat 1: MathisKcr (button) showed [7s 7h] and lost with One pair : 7
Seat 2: MimiMite4501 (small blind) showed [Ks 9c] and lost with One pair : Kings
Seat 3: Stevef07 (big blind) showed [Ah Tc] and won 900 with Straight 5 high


