Winamax Poker - Tournament "Expresso Nitro" buyIn: 0.93€ + 0.07€ level: 1 - HandId: #4693212456279867393-1-1775722184 - Holdem no limit (10/20) - 2026/04/09 08:09:44 UTC
Table: 'Expresso Nitro(1092723677)#0' 3-max (real money) Seat #1 is the button
Seat 1: OPgoat (300)
Seat 2: MathisKcr (300)
Seat 3: Samsous (300)
*** ANTE/BLINDS ***
MathisKcr posts small blind 10
Samsous posts big blind 20
Dealt to MathisKcr [Th As]
*** PRE-FLOP *** 
OPgoat folds
MathisKcr raises 280 to 300 and is all-in
Samsous folds
MathisKcr collected 320 from pot
*** SUMMARY ***
Total pot 320 | No rake
Seat 2: MathisKcr (small blind) won 320


Winamax Poker - Tournament "Expresso Nitro" buyIn: 0.93€ + 0.07€ level: 1 - HandId: #4693212456279867393-2-1775722193 - Holdem no limit (10/20) - 2026/04/09 08:09:53 UTC
Table: 'Expresso Nitro(1092723677)#0' 3-max (real money) Seat #2 is the button
Seat 1: OPgoat (300)
Seat 2: MathisKcr (320)
Seat 3: Samsous (280)
*** ANTE/BLINDS ***
Samsous posts small blind 10
OPgoat posts big blind 20
Dealt to MathisKcr [8h 4h]
*** PRE-FLOP *** 
MathisKcr folds
Samsous calls 10
OPgoat checks
*** FLOP *** [2c Jd 7h]
Samsous checks
OPgoat checks
*** TURN *** [2c Jd 7h][2d]
Samsous checks
OPgoat checks
*** RIVER *** [2c Jd 7h 2d][Jc]
Samsous checks
OPgoat checks
*** SHOW DOWN ***
Samsous shows [6d 9c] (Two pairs : Jacks and 2)
OPgoat shows [5c Th] (Two pairs : Jacks and 2)
OPgoat collected 40 from pot
*** SUMMARY ***
Total pot 40 | No rake
Board: [2c Jd 7h 2d Jc]
Seat 1: OPgoat (big blind) showed [5c Th] and won 40 with Two pairs : Jacks and 2
Seat 3: Samsous (small blind) showed [6d 9c] and lost with Two pairs : Jacks and 2


Winamax Poker - Tournament "Expresso Nitro" buyIn: 0.93€ + 0.07€ level: 1 - HandId: #4693212456279867393-3-1775722209 - Holdem no limit (10/20) - 2026/04/09 08:10:09 UTC
Table: 'Expresso Nitro(1092723677)#0' 3-max (real money) Seat #3 is the button
Seat 1: OPgoat (320)
Seat 2: MathisKcr (320)
Seat 3: Samsous (260)
*** ANTE/BLINDS ***
OPgoat posts small blind 10
MathisKcr posts big blind 20
Dealt to MathisKcr [Jd 9s]
*** PRE-FLOP *** 
Samsous raises 50 to 70
OPgoat folds
MathisKcr calls 50
*** FLOP *** [3c 9d Jh]
MathisKcr checks
Samsous bets 150
MathisKcr raises 100 to 250 and is all-in
Samsous calls 40 and is all-in
*** TURN *** [3c 9d Jh][7s]
*** RIVER *** [3c 9d Jh 7s][2s]
*** SHOW DOWN ***
Samsous shows [9h As] (One pair : 9)
MathisKcr shows [Jd 9s] (Two pairs : Jacks and 9)
MathisKcr collected 590 from pot
*** SUMMARY ***
Total pot 590 | No rake
Board: [3c 9d Jh 7s 2s]
Seat 2: MathisKcr (big blind) showed [Jd 9s] and won 590 with Two pairs : Jacks and 9
Seat 3: Samsous (button) showed [9h As] and lost with One pair : 9


Winamax Poker - Tournament "Expresso Nitro" buyIn: 0.93€ + 0.07€ level: 1 - HandId: #4693212456279867393-4-1775722230 - Holdem no limit (10/20) - 2026/04/09 08:10:30 UTC
Table: 'Expresso Nitro(1092723677)#0' 3-max (real money) Seat #2 is the button
Seat 1: OPgoat (310)
Seat 2: MathisKcr (590)
*** ANTE/BLINDS ***
MathisKcr posts small blind 10
OPgoat posts big blind 20
Dealt to MathisKcr [Kh Ts]
*** PRE-FLOP *** 
MathisKcr raises 570 to 590 and is all-in
OPgoat folds
MathisKcr collected 610 from pot
*** SUMMARY ***
Total pot 610 | No rake
Seat 2: MathisKcr (small blind) (button) won 610


Winamax Poker - Tournament "Expresso Nitro" buyIn: 0.93€ + 0.07€ level: 1 - HandId: #4693212456279867393-5-1775722237 - Holdem no limit (10/20) - 2026/04/09 08:10:37 UTC
Table: 'Expresso Nitro(1092723677)#0' 3-max (real money) Seat #1 is the button
Seat 1: OPgoat (290)
Seat 2: MathisKcr (610)
*** ANTE/BLINDS ***
OPgoat posts small blind 10
MathisKcr posts big blind 20
Dealt to MathisKcr [6s Ad]
*** PRE-FLOP *** 
OPgoat calls 10
MathisKcr raises 590 to 610 and is all-in
OPgoat calls 270 and is all-in
*** FLOP *** [8h 4s Qs]
*** TURN *** [8h 4s Qs][3h]
*** RIVER *** [8h 4s Qs 3h][Th]
*** SHOW DOWN ***
OPgoat shows [Ts Qc] (Two pairs : Queens and Tens)
MathisKcr shows [6s Ad] (High card : Ace)
MathisKcr collected 320 from side pot 1
OPgoat collected 580 from main pot
*** SUMMARY ***
Total pot 900 | No rake
Board: [8h 4s Qs 3h Th]
Seat 1: OPgoat (small blind) (button) showed [Ts Qc] and won 580 with Two pairs : Queens and Tens
Seat 2: MathisKcr (big blind) showed [6s Ad] and won 320 with High card : Ace


Winamax Poker - Tournament "Expresso Nitro" buyIn: 0.93€ + 0.07€ level: 2 - HandId: #4693212456279867393-6-1775722250 - Holdem no limit (15/30) - 2026/04/09 08:10:50 UTC
Table: 'Expresso Nitro(1092723677)#0' 3-max (real money) Seat #2 is the button
Seat 1: OPgoat (580)
Seat 2: MathisKcr (320)
*** ANTE/BLINDS ***
MathisKcr posts small blind 15
OPgoat posts big blind 30
Dealt to MathisKcr [4s 4h]
*** PRE-FLOP *** 
MathisKcr raises 290 to 320 and is all-in
OPgoat calls 290
*** FLOP *** [8h 2c 2s]
*** TURN *** [8h 2c 2s][6s]
*** RIVER *** [8h 2c 2s 6s][2h]
*** SHOW DOWN ***
OPgoat shows [9d Kc] (Trips of 2)
MathisKcr shows [4s 4h] (Full of 2 and 4)
MathisKcr collected 640 from pot
*** SUMMARY ***
Total pot 640 | No rake
Board: [8h 2c 2s 6s 2h]
Seat 1: OPgoat (big blind) showed [9d Kc] and lost with Trips of 2
Seat 2: MathisKcr (small blind) (button) showed [4s 4h] and won 640 with Full of 2 and 4


Winamax Poker - Tournament "Expresso Nitro" buyIn: 0.93€ + 0.07€ level: 2 - HandId: #4693212456279867393-7-1775722264 - Holdem no limit (15/30) - 2026/04/09 08:11:04 UTC
Table: 'Expresso Nitro(1092723677)#0' 3-max (real money) Seat #1 is the button
Seat 1: OPgoat (260)
Seat 2: MathisKcr (640)
*** ANTE/BLINDS ***
OPgoat posts small blind 15
MathisKcr posts big blind 30
Dealt to MathisKcr [Td Jd]
*** PRE-FLOP *** 
OPgoat calls 15
MathisKcr raises 610 to 640 and is all-in
OPgoat calls 230 and is all-in
*** FLOP *** [2s 7s 3c]
*** TURN *** [2s 7s 3c][9h]
*** RIVER *** [2s 7s 3c 9h][9d]
*** SHOW DOWN ***
OPgoat shows [Js 4s] (One pair : 9)
MathisKcr shows [Td Jd] (One pair : 9)
MathisKcr collected 900 from pot
*** SUMMARY ***
Total pot 900 | No rake
Board: [2s 7s 3c 9h 9d]
Seat 1: OPgoat (small blind) (button) showed [Js 4s] and lost with One pair : 9
Seat 2: MathisKcr (big blind) showed [Td Jd] and won 900 with One pair : 9


