Winamax Poker - Tournament "Expresso Nitro" buyIn: 0.93€ + 0.07€ level: 1 - HandId: #4607726273328840705-1-1772631640 - Holdem no limit (10/20) - 2026/03/04 13:40:40 UTC
Table: 'Expresso Nitro(1072819874)#0' 3-max (real money) Seat #1 is the button
Seat 1: Lejuif13700 (300)
Seat 2: Zelandia (300)
Seat 3: MathisKcr (300)
*** ANTE/BLINDS ***
Zelandia posts small blind 10
MathisKcr posts big blind 20
Dealt to MathisKcr [9c 8s]
*** PRE-FLOP *** 
Lejuif13700 folds
Zelandia folds
MathisKcr collected 30 from pot
*** SUMMARY ***
Total pot 30 | No rake
Seat 3: MathisKcr (big blind) won 30


Winamax Poker - Tournament "Expresso Nitro" buyIn: 0.93€ + 0.07€ level: 1 - HandId: #4607726273328840705-2-1772631648 - Holdem no limit (10/20) - 2026/03/04 13:40:48 UTC
Table: 'Expresso Nitro(1072819874)#0' 3-max (real money) Seat #2 is the button
Seat 1: Lejuif13700 (300)
Seat 2: Zelandia (290)
Seat 3: MathisKcr (310)
*** ANTE/BLINDS ***
MathisKcr posts small blind 10
Lejuif13700 posts big blind 20
Dealt to MathisKcr [2s 7h]
*** PRE-FLOP *** 
Zelandia folds
MathisKcr folds
Lejuif13700 collected 30 from pot
*** SUMMARY ***
Total pot 30 | No rake
Seat 1: Lejuif13700 (big blind) won 30


Winamax Poker - Tournament "Expresso Nitro" buyIn: 0.93€ + 0.07€ level: 1 - HandId: #4607726273328840705-3-1772631655 - Holdem no limit (10/20) - 2026/03/04 13:40:55 UTC
Table: 'Expresso Nitro(1072819874)#0' 3-max (real money) Seat #3 is the button
Seat 1: Lejuif13700 (310)
Seat 2: Zelandia (290)
Seat 3: MathisKcr (300)
*** ANTE/BLINDS ***
Lejuif13700 posts small blind 10
Zelandia posts big blind 20
Dealt to MathisKcr [3d 7d]
*** PRE-FLOP *** 
MathisKcr calls 20
Lejuif13700 calls 10
Zelandia checks
*** FLOP *** [5h Ts 2s]
Lejuif13700 bets 60
Zelandia folds
MathisKcr folds
Lejuif13700 collected 120 from pot
*** SUMMARY ***
Total pot 120 | No rake
Board: [5h Ts 2s]
Seat 1: Lejuif13700 (small blind) won 120


Winamax Poker - Tournament "Expresso Nitro" buyIn: 0.93€ + 0.07€ level: 1 - HandId: #4607726273328840705-4-1772631679 - Holdem no limit (10/20) - 2026/03/04 13:41:19 UTC
Table: 'Expresso Nitro(1072819874)#0' 3-max (real money) Seat #1 is the button
Seat 1: Lejuif13700 (350)
Seat 2: Zelandia (270)
Seat 3: MathisKcr (280)
*** ANTE/BLINDS ***
Zelandia posts small blind 10
MathisKcr posts big blind 20
Dealt to MathisKcr [6d 7c]
*** PRE-FLOP *** 
Lejuif13700 folds
Zelandia folds
MathisKcr collected 30 from pot
*** SUMMARY ***
Total pot 30 | No rake
Seat 3: MathisKcr (big blind) won 30


Winamax Poker - Tournament "Expresso Nitro" buyIn: 0.93€ + 0.07€ level: 1 - HandId: #4607726273328840705-5-1772631692 - Holdem no limit (10/20) - 2026/03/04 13:41:32 UTC
Table: 'Expresso Nitro(1072819874)#0' 3-max (real money) Seat #2 is the button
Seat 1: Lejuif13700 (350)
Seat 2: Zelandia (260)
Seat 3: MathisKcr (290)
*** ANTE/BLINDS ***
MathisKcr posts small blind 10
Lejuif13700 posts big blind 20
Dealt to MathisKcr [8c 7s]
*** PRE-FLOP *** 
Zelandia raises 240 to 260 and is all-in
MathisKcr folds
Lejuif13700 calls 240
*** FLOP *** [Ah Ts Ks]
*** TURN *** [Ah Ts Ks][Kh]
*** RIVER *** [Ah Ts Ks Kh][2d]
*** SHOW DOWN ***
Lejuif13700 shows [Qc As] (Two pairs : Aces and Kings)
Zelandia shows [Tc Kc] (Full of Kings and Tens)
Zelandia collected 530 from pot
*** SUMMARY ***
Total pot 530 | No rake
Board: [Ah Ts Ks Kh 2d]
Seat 1: Lejuif13700 (big blind) showed [Qc As] and lost with Two pairs : Aces and Kings
Seat 2: Zelandia (button) showed [Tc Kc] and won 530 with Full of Kings and Tens


Winamax Poker - Tournament "Expresso Nitro" buyIn: 0.93€ + 0.07€ level: 2 - HandId: #4607726273328840705-6-1772631709 - Holdem no limit (15/30) - 2026/03/04 13:41:49 UTC
Table: 'Expresso Nitro(1072819874)#0' 3-max (real money) Seat #3 is the button
Seat 1: Lejuif13700 (90)
Seat 2: Zelandia (530)
Seat 3: MathisKcr (280)
*** ANTE/BLINDS ***
Lejuif13700 posts small blind 15
Zelandia posts big blind 30
Dealt to MathisKcr [7d 5c]
*** PRE-FLOP *** 
MathisKcr folds
Lejuif13700 calls 15
Zelandia raises 500 to 530 and is all-in
Lejuif13700 folds
Zelandia collected 560 from pot
*** SUMMARY ***
Total pot 560 | No rake
Seat 2: Zelandia (big blind) won 560


Winamax Poker - Tournament "Expresso Nitro" buyIn: 0.93€ + 0.07€ level: 2 - HandId: #4607726273328840705-7-1772631730 - Holdem no limit (15/30) - 2026/03/04 13:42:10 UTC
Table: 'Expresso Nitro(1072819874)#0' 3-max (real money) Seat #1 is the button
Seat 1: Lejuif13700 (60)
Seat 2: Zelandia (560)
Seat 3: MathisKcr (280)
*** ANTE/BLINDS ***
Zelandia posts small blind 15
MathisKcr posts big blind 30
Dealt to MathisKcr [8h 2h]
*** PRE-FLOP *** 
Lejuif13700 raises 30 to 60 and is all-in
Zelandia folds
MathisKcr folds
Lejuif13700 collected 105 from pot
*** SUMMARY ***
Total pot 105 | No rake
Seat 1: Lejuif13700 (button) won 105


Winamax Poker - Tournament "Expresso Nitro" buyIn: 0.93€ + 0.07€ level: 2 - HandId: #4607726273328840705-8-1772631741 - Holdem no limit (15/30) - 2026/03/04 13:42:21 UTC
Table: 'Expresso Nitro(1072819874)#0' 3-max (real money) Seat #2 is the button
Seat 1: Lejuif13700 (105)
Seat 2: Zelandia (545)
Seat 3: MathisKcr (250)
*** ANTE/BLINDS ***
MathisKcr posts small blind 15
Lejuif13700 posts big blind 30
Dealt to MathisKcr [8s Ad]
*** PRE-FLOP *** 
Zelandia raises 515 to 545 and is all-in
MathisKcr calls 235 and is all-in
Lejuif13700 calls 75 and is all-in
*** FLOP *** [4d 6h 8c]
*** TURN *** [4d 6h 8c][3d]
*** RIVER *** [4d 6h 8c 3d][3s]
*** SHOW DOWN ***
Lejuif13700 shows [Kd 3c] (Trips of 3)
Zelandia shows [Qh Tc] (One pair : 3)
MathisKcr shows [8s Ad] (Two pairs : 8 and 3)
MathisKcr collected 290 from side pot 1
Zelandia collected 295 from side pot 2
Lejuif13700 collected 315 from main pot
*** SUMMARY ***
Total pot 900 | No rake
Board: [4d 6h 8c 3d 3s]
Seat 1: Lejuif13700 (big blind) showed [Kd 3c] and won 315 with Trips of 3
Seat 2: Zelandia (button) showed [Qh Tc] and won 295 with One pair : 3
Seat 3: MathisKcr (small blind) showed [8s Ad] and won 290 with Two pairs : 8 and 3


Winamax Poker - Tournament "Expresso Nitro" buyIn: 0.93€ + 0.07€ level: 2 - HandId: #4607726273328840705-9-1772631755 - Holdem no limit (15/30) - 2026/03/04 13:42:35 UTC
Table: 'Expresso Nitro(1072819874)#0' 3-max (real money) Seat #3 is the button
Seat 1: Lejuif13700 (315)
Seat 2: Zelandia (295)
Seat 3: MathisKcr (290)
*** ANTE/BLINDS ***
Lejuif13700 posts small blind 15
Zelandia posts big blind 30
Dealt to MathisKcr [8c 4c]
*** PRE-FLOP *** 
MathisKcr folds
Lejuif13700 calls 15
Zelandia raises 265 to 295 and is all-in
Lejuif13700 calls 265
*** FLOP *** [Jh 5h 2c]
*** TURN *** [Jh 5h 2c][Qs]
*** RIVER *** [Jh 5h 2c Qs][Qh]
*** SHOW DOWN ***
Lejuif13700 shows [9d Kd] (One pair : Queens)
Zelandia shows [Ac 7s] (One pair : Queens)
Zelandia collected 590 from pot
*** SUMMARY ***
Total pot 590 | No rake
Board: [Jh 5h 2c Qs Qh]
Seat 1: Lejuif13700 (small blind) showed [9d Kd] and lost with One pair : Queens
Seat 2: Zelandia (big blind) showed [Ac 7s] and won 590 with One pair : Queens


Winamax Poker - Tournament "Expresso Nitro" buyIn: 0.93€ + 0.07€ level: 3 - HandId: #4607726273328840705-10-1772631782 - Holdem no limit (20/40) - 2026/03/04 13:43:02 UTC
Table: 'Expresso Nitro(1072819874)#0' 3-max (real money) Seat #1 is the button
Seat 1: Lejuif13700 (20)
Seat 2: Zelandia (590)
Seat 3: MathisKcr (290)
*** ANTE/BLINDS ***
Zelandia posts small blind 20
MathisKcr posts big blind 40
Dealt to MathisKcr [2c 7h]
*** PRE-FLOP *** 
Lejuif13700 folds
Zelandia raises 550 to 590 and is all-in
MathisKcr folds
Zelandia collected 630 from pot
*** SUMMARY ***
Total pot 630 | No rake
Seat 2: Zelandia (small blind) won 630


Winamax Poker - Tournament "Expresso Nitro" buyIn: 0.93€ + 0.07€ level: 3 - HandId: #4607726273328840705-11-1772631798 - Holdem no limit (20/40) - 2026/03/04 13:43:18 UTC
Table: 'Expresso Nitro(1072819874)#0' 3-max (real money) Seat #2 is the button
Seat 1: Lejuif13700 (20)
Seat 2: Zelandia (630)
Seat 3: MathisKcr (250)
*** ANTE/BLINDS ***
MathisKcr posts small blind 20
Lejuif13700 posts big blind 20 and is all-in
Dealt to MathisKcr [5h 6h]
*** PRE-FLOP *** 
Zelandia folds
*** FLOP *** [Js 8d As]
*** TURN *** [Js 8d As][Th]
*** RIVER *** [Js 8d As Th][Ac]
*** SHOW DOWN ***
MathisKcr shows [5h 6h] (One pair : Aces)
Lejuif13700 shows [6s Qc] (One pair : Aces)
Lejuif13700 collected 40 from pot
*** SUMMARY ***
Total pot 40 | No rake
Board: [Js 8d As Th Ac]
Seat 1: Lejuif13700 (big blind) showed [6s Qc] and won 40 with One pair : Aces
Seat 3: MathisKcr (small blind) showed [5h 6h] and lost with One pair : Aces


Winamax Poker - Tournament "Expresso Nitro" buyIn: 0.93€ + 0.07€ level: 3 - HandId: #4607726273328840705-12-1772631810 - Holdem no limit (20/40) - 2026/03/04 13:43:30 UTC
Table: 'Expresso Nitro(1072819874)#0' 3-max (real money) Seat #3 is the button
Seat 1: Lejuif13700 (40)
Seat 2: Zelandia (630)
Seat 3: MathisKcr (230)
*** ANTE/BLINDS ***
Lejuif13700 posts small blind 20
Zelandia posts big blind 40
Dealt to MathisKcr [5h Qc]
*** PRE-FLOP *** 
MathisKcr raises 190 to 230 and is all-in
Lejuif13700 folds
Zelandia folds
MathisKcr collected 290 from pot
*** SUMMARY ***
Total pot 290 | No rake
Seat 3: MathisKcr (button) won 290


Winamax Poker - Tournament "Expresso Nitro" buyIn: 0.93€ + 0.07€ level: 4 - HandId: #4607726273328840705-13-1772631827 - Holdem no limit (30/60) - 2026/03/04 13:43:47 UTC
Table: 'Expresso Nitro(1072819874)#0' 3-max (real money) Seat #1 is the button
Seat 1: Lejuif13700 (20)
Seat 2: Zelandia (590)
Seat 3: MathisKcr (290)
*** ANTE/BLINDS ***
Zelandia posts small blind 30
MathisKcr posts big blind 60
Dealt to MathisKcr [4c Tc]
*** PRE-FLOP *** 
Lejuif13700 calls 20 and is all-in
Zelandia raises 530 to 590 and is all-in
MathisKcr folds
*** FLOP *** [9d Kd 9h]
*** TURN *** [9d Kd 9h][Qd]
*** RIVER *** [9d Kd 9h Qd][Th]
*** SHOW DOWN ***
Lejuif13700 shows [3c Kc] (Two pairs : Kings and 9)
Zelandia shows [7s 8s] (One pair : 9)
Zelandia collected 610 from side pot 1
Lejuif13700 collected 60 from main pot
*** SUMMARY ***
Total pot 670 | No rake
Board: [9d Kd 9h Qd Th]
Seat 1: Lejuif13700 (button) showed [3c Kc] and won 60 with Two pairs : Kings and 9
Seat 2: Zelandia (small blind) showed [7s 8s] and won 610 with One pair : 9


Winamax Poker - Tournament "Expresso Nitro" buyIn: 0.93€ + 0.07€ level: 4 - HandId: #4607726273328840705-14-1772631842 - Holdem no limit (30/60) - 2026/03/04 13:44:02 UTC
Table: 'Expresso Nitro(1072819874)#0' 3-max (real money) Seat #2 is the button
Seat 1: Lejuif13700 (60)
Seat 2: Zelandia (610)
Seat 3: MathisKcr (230)
*** ANTE/BLINDS ***
MathisKcr posts small blind 30
Lejuif13700 posts big blind 60 and is all-in
Dealt to MathisKcr [Ks 2h]
*** PRE-FLOP *** 
Zelandia raises 550 to 610 and is all-in
MathisKcr folds
*** FLOP *** [8s 6d 7c]
*** TURN *** [8s 6d 7c][5h]
*** RIVER *** [8s 6d 7c 5h][3s]
*** SHOW DOWN ***
Lejuif13700 shows [7d 5c] (Two pairs : 7 and 5)
Zelandia shows [8c 9c] (Straight 9 high)
Zelandia collected 700 from pot
*** SUMMARY ***
Total pot 700 | No rake
Board: [8s 6d 7c 5h 3s]
Seat 1: Lejuif13700 (big blind) showed [7d 5c] and lost with Two pairs : 7 and 5
Seat 2: Zelandia (button) showed [8c 9c] and won 700 with Straight 9 high


Winamax Poker - Tournament "Expresso Nitro" buyIn: 0.93€ + 0.07€ level: 4 - HandId: #4607726273328840705-15-1772631857 - Holdem no limit (30/60) - 2026/03/04 13:44:17 UTC
Table: 'Expresso Nitro(1072819874)#0' 3-max (real money) Seat #2 is the button
Seat 2: Zelandia (700)
Seat 3: MathisKcr (200)
*** ANTE/BLINDS ***
Zelandia posts small blind 30
MathisKcr posts big blind 60
Dealt to MathisKcr [7s 5d]
*** PRE-FLOP *** 
Zelandia folds
MathisKcr collected 90 from pot
*** SUMMARY ***
Total pot 90 | No rake
Seat 3: MathisKcr (big blind) won 90


Winamax Poker - Tournament "Expresso Nitro" buyIn: 0.93€ + 0.07€ level: 4 - HandId: #4607726273328840705-16-1772631864 - Holdem no limit (30/60) - 2026/03/04 13:44:24 UTC
Table: 'Expresso Nitro(1072819874)#0' 3-max (real money) Seat #3 is the button
Seat 2: Zelandia (670)
Seat 3: MathisKcr (230)
*** ANTE/BLINDS ***
MathisKcr posts small blind 30
Zelandia posts big blind 60
Dealt to MathisKcr [7c Jc]
*** PRE-FLOP *** 
MathisKcr raises 170 to 230 and is all-in
Zelandia calls 170
*** FLOP *** [Qc 2c Tc]
*** TURN *** [Qc 2c Tc][2h]
*** RIVER *** [Qc 2c Tc 2h][Qh]
*** SHOW DOWN ***
Zelandia shows [3h Ad] (Two pairs : Queens and 2)
MathisKcr shows [7c Jc] (Flush Queen high)
MathisKcr collected 460 from pot
*** SUMMARY ***
Total pot 460 | No rake
Board: [Qc 2c Tc 2h Qh]
Seat 2: Zelandia (big blind) showed [3h Ad] and lost with Two pairs : Queens and 2
Seat 3: MathisKcr (small blind) (button) showed [7c Jc] and won 460 with Flush Queen high


Winamax Poker - Tournament "Expresso Nitro" buyIn: 0.93€ + 0.07€ level: 4 - HandId: #4607726273328840705-17-1772631877 - Holdem no limit (30/60) - 2026/03/04 13:44:37 UTC
Table: 'Expresso Nitro(1072819874)#0' 3-max (real money) Seat #2 is the button
Seat 2: Zelandia (440)
Seat 3: MathisKcr (460)
*** ANTE/BLINDS ***
Zelandia posts small blind 30
MathisKcr posts big blind 60
Dealt to MathisKcr [7c Kh]
*** PRE-FLOP *** 
Zelandia folds
MathisKcr collected 90 from pot
*** SUMMARY ***
Total pot 90 | No rake
Seat 3: MathisKcr (big blind) won 90


Winamax Poker - Tournament "Expresso Nitro" buyIn: 0.93€ + 0.07€ level: 5 - HandId: #4607726273328840705-18-1772631889 - Holdem no limit (40/80) - 2026/03/04 13:44:49 UTC
Table: 'Expresso Nitro(1072819874)#0' 3-max (real money) Seat #3 is the button
Seat 2: Zelandia (410)
Seat 3: MathisKcr (490)
*** ANTE/BLINDS ***
MathisKcr posts small blind 40
Zelandia posts big blind 80
Dealt to MathisKcr [Tc 9c]
*** PRE-FLOP *** 
MathisKcr raises 410 to 490 and is all-in
Zelandia calls 330 and is all-in
*** FLOP *** [Jd 3s 9h]
*** TURN *** [Jd 3s 9h][7c]
*** RIVER *** [Jd 3s 9h 7c][8s]
*** SHOW DOWN ***
Zelandia shows [6h Kc] (High card : King)
MathisKcr shows [Tc 9c] (Straight Jack high)
MathisKcr collected 900 from pot
*** SUMMARY ***
Total pot 900 | No rake
Board: [Jd 3s 9h 7c 8s]
Seat 2: Zelandia (big blind) showed [6h Kc] and lost with High card : King
Seat 3: MathisKcr (small blind) (button) showed [Tc 9c] and won 900 with Straight Jack high


