Winamax Poker - Tournament "Expresso Nitro" buyIn: 0.93€ + 0.07€ level: 1 - HandId: #4612321815321116673-1-1772815671 - Holdem no limit (10/20) - 2026/03/06 16:47:51 UTC
Table: 'Expresso Nitro(1073889857)#0' 3-max (real money) Seat #3 is the button
Seat 1: L3 ZiT.. (300)
Seat 2: MathisKcr (300)
Seat 3: _19_07_ (300)
*** ANTE/BLINDS ***
L3 ZiT.. posts small blind 10
MathisKcr posts big blind 20
Dealt to MathisKcr [7h 8c]
*** PRE-FLOP *** 
_19_07_ calls 20
L3 ZiT.. folds
MathisKcr checks
*** FLOP *** [4d 6h 7s]
MathisKcr bets 20
_19_07_ calls 20
*** TURN *** [4d 6h 7s][9h]
MathisKcr bets 45
_19_07_ calls 45
*** RIVER *** [4d 6h 7s 9h][8h]
MathisKcr bets 117
_19_07_ raises 98 to 215 and is all-in
MathisKcr calls 98 and is all-in
*** SHOW DOWN ***
MathisKcr shows [7h 8c] (Two pairs : 8 and 7)
_19_07_ shows [Qh Td] (Straight Ten high)
_19_07_ collected 610 from pot
*** SUMMARY ***
Total pot 610 | No rake
Board: [4d 6h 7s 9h 8h]
Seat 2: MathisKcr (big blind) showed [7h 8c] and lost with Two pairs : 8 and 7
Seat 3: _19_07_ (button) showed [Qh Td] and won 610 with Straight Ten high


