Winamax Poker - Tournament "Expresso Nitro" buyIn: 0.93€ + 0.07€ level: 1 - HandId: #4668046344517058561-1-1774778197 - Holdem no limit (10/20) - 2026/03/29 09:56:37 UTC
Table: 'Expresso Nitro(1086864235)#0' 3-max (real money) Seat #1 is the button
Seat 1: Opmas (300)
Seat 2: Dangerbet (300)
Seat 3: MathisKcr (300)
*** ANTE/BLINDS ***
Dangerbet posts small blind 10
MathisKcr posts big blind 20
Dealt to MathisKcr [7s Qd]
*** PRE-FLOP *** 
Opmas folds
Dangerbet raises 280 to 300 and is all-in
MathisKcr folds
Dangerbet collected 320 from pot
*** SUMMARY ***
Total pot 320 | No rake
Seat 2: Dangerbet (small blind) won 320


Winamax Poker - Tournament "Expresso Nitro" buyIn: 0.93€ + 0.07€ level: 1 - HandId: #4668046344517058561-2-1774778210 - Holdem no limit (10/20) - 2026/03/29 09:56:50 UTC
Table: 'Expresso Nitro(1086864235)#0' 3-max (real money) Seat #2 is the button
Seat 1: Opmas (300)
Seat 2: Dangerbet (320)
Seat 3: MathisKcr (280)
*** ANTE/BLINDS ***
MathisKcr posts small blind 10
Opmas posts big blind 20
Dealt to MathisKcr [Qc 6h]
*** PRE-FLOP *** 
Dangerbet raises 300 to 320 and is all-in
MathisKcr folds
Opmas folds
Dangerbet collected 350 from pot
*** SUMMARY ***
Total pot 350 | No rake
Seat 2: Dangerbet (button) won 350


Winamax Poker - Tournament "Expresso Nitro" buyIn: 0.93€ + 0.07€ level: 1 - HandId: #4668046344517058561-3-1774778218 - Holdem no limit (10/20) - 2026/03/29 09:56:58 UTC
Table: 'Expresso Nitro(1086864235)#0' 3-max (real money) Seat #3 is the button
Seat 1: Opmas (280)
Seat 2: Dangerbet (350)
Seat 3: MathisKcr (270)
*** ANTE/BLINDS ***
Opmas posts small blind 10
Dangerbet posts big blind 20
Dealt to MathisKcr [9d 5s]
*** PRE-FLOP *** 
MathisKcr folds
Opmas folds
Dangerbet collected 30 from pot
*** SUMMARY ***
Total pot 30 | No rake
Seat 2: Dangerbet (big blind) won 30


Winamax Poker - Tournament "Expresso Nitro" buyIn: 0.93€ + 0.07€ level: 1 - HandId: #4668046344517058561-4-1774778223 - Holdem no limit (10/20) - 2026/03/29 09:57:03 UTC
Table: 'Expresso Nitro(1086864235)#0' 3-max (real money) Seat #1 is the button
Seat 1: Opmas (270)
Seat 2: Dangerbet (360)
Seat 3: MathisKcr (270)
*** ANTE/BLINDS ***
Dangerbet posts small blind 10
MathisKcr posts big blind 20
Dealt to MathisKcr [4d 7c]
*** PRE-FLOP *** 
Opmas folds
Dangerbet raises 340 to 360 and is all-in
MathisKcr folds
Dangerbet collected 380 from pot
*** SUMMARY ***
Total pot 380 | No rake
Seat 2: Dangerbet (small blind) won 380


Winamax Poker - Tournament "Expresso Nitro" buyIn: 0.93€ + 0.07€ level: 1 - HandId: #4668046344517058561-5-1774778232 - Holdem no limit (10/20) - 2026/03/29 09:57:12 UTC
Table: 'Expresso Nitro(1086864235)#0' 3-max (real money) Seat #2 is the button
Seat 1: Opmas (270)
Seat 2: Dangerbet (380)
Seat 3: MathisKcr (250)
*** ANTE/BLINDS ***
MathisKcr posts small blind 10
Opmas posts big blind 20
Dealt to MathisKcr [6d 3d]
*** PRE-FLOP *** 
Dangerbet raises 360 to 380 and is all-in
MathisKcr folds
Opmas folds
Dangerbet collected 410 from pot
*** SUMMARY ***
Total pot 410 | No rake
Seat 2: Dangerbet (button) won 410


Winamax Poker - Tournament "Expresso Nitro" buyIn: 0.93€ + 0.07€ level: 1 - HandId: #4668046344517058561-6-1774778243 - Holdem no limit (10/20) - 2026/03/29 09:57:23 UTC
Table: 'Expresso Nitro(1086864235)#0' 3-max (real money) Seat #3 is the button
Seat 1: Opmas (250)
Seat 2: Dangerbet (410)
Seat 3: MathisKcr (240)
*** ANTE/BLINDS ***
Opmas posts small blind 10
Dangerbet posts big blind 20
Dealt to MathisKcr [4s Ts]
*** PRE-FLOP *** 
MathisKcr folds
Opmas folds
Dangerbet collected 30 from pot
*** SUMMARY ***
Total pot 30 | No rake
Seat 2: Dangerbet (big blind) won 30


Winamax Poker - Tournament "Expresso Nitro" buyIn: 0.93€ + 0.07€ level: 1 - HandId: #4668046344517058561-7-1774778247 - Holdem no limit (10/20) - 2026/03/29 09:57:27 UTC
Table: 'Expresso Nitro(1086864235)#0' 3-max (real money) Seat #1 is the button
Seat 1: Opmas (240)
Seat 2: Dangerbet (420)
Seat 3: MathisKcr (240)
*** ANTE/BLINDS ***
Dangerbet posts small blind 10
MathisKcr posts big blind 20
Dealt to MathisKcr [4s Ad]
*** PRE-FLOP *** 
Opmas calls 20
Dangerbet folds
MathisKcr raises 220 to 240 and is all-in
Opmas calls 220 and is all-in
*** FLOP *** [Jd 8c 3s]
*** TURN *** [Jd 8c 3s][Kd]
*** RIVER *** [Jd 8c 3s Kd][2h]
*** SHOW DOWN ***
MathisKcr shows [4s Ad] (High card : Ace)
Opmas shows [Js Qs] (One pair : Jacks)
Opmas collected 490 from pot
*** SUMMARY ***
Total pot 490 | No rake
Board: [Jd 8c 3s Kd 2h]
Seat 1: Opmas (button) showed [Js Qs] and won 490 with One pair : Jacks
Seat 3: MathisKcr (big blind) showed [4s Ad] and lost with High card : Ace


