Winamax Poker - Tournament "Expresso Nitro" buyIn: 0.93€ + 0.07€ level: 1 - HandId: #4711466565504073729-1-1776415339 - Holdem no limit (10/20) - 2026/04/17 08:42:19 UTC
Table: 'Expresso Nitro(1096973793)#0' 3-max (real money) Seat #1 is the button
Seat 1: Cest PasFaux (300)
Seat 2: gojoASgojo (300)
Seat 3: MathisKcr (300)
*** ANTE/BLINDS ***
gojoASgojo posts small blind 10
MathisKcr posts big blind 20
Dealt to MathisKcr [Td Jh]
*** PRE-FLOP *** 
Cest PasFaux raises 280 to 300 and is all-in
gojoASgojo folds
MathisKcr folds
Cest PasFaux collected 330 from pot
*** SUMMARY ***
Total pot 330 | No rake
Seat 1: Cest PasFaux (button) won 330


Winamax Poker - Tournament "Expresso Nitro" buyIn: 0.93€ + 0.07€ level: 1 - HandId: #4711466565504073729-2-1776415346 - Holdem no limit (10/20) - 2026/04/17 08:42:26 UTC
Table: 'Expresso Nitro(1096973793)#0' 3-max (real money) Seat #2 is the button
Seat 1: Cest PasFaux (330)
Seat 2: gojoASgojo (290)
Seat 3: MathisKcr (280)
*** ANTE/BLINDS ***
MathisKcr posts small blind 10
Cest PasFaux posts big blind 20
Dealt to MathisKcr [Kh Ah]
*** PRE-FLOP *** 
gojoASgojo folds
MathisKcr raises 260 to 280 and is all-in
Cest PasFaux folds
MathisKcr collected 300 from pot
*** SUMMARY ***
Total pot 300 | No rake
Seat 3: MathisKcr (small blind) won 300


Winamax Poker - Tournament "Expresso Nitro" buyIn: 0.93€ + 0.07€ level: 1 - HandId: #4711466565504073729-3-1776415353 - Holdem no limit (10/20) - 2026/04/17 08:42:33 UTC
Table: 'Expresso Nitro(1096973793)#0' 3-max (real money) Seat #3 is the button
Seat 1: Cest PasFaux (310)
Seat 2: gojoASgojo (290)
Seat 3: MathisKcr (300)
*** ANTE/BLINDS ***
Cest PasFaux posts small blind 10
gojoASgojo posts big blind 20
Dealt to MathisKcr [5d Qd]
*** PRE-FLOP *** 
MathisKcr folds
Cest PasFaux folds
gojoASgojo collected 30 from pot
*** SUMMARY ***
Total pot 30 | No rake
Seat 2: gojoASgojo (big blind) won 30


Winamax Poker - Tournament "Expresso Nitro" buyIn: 0.93€ + 0.07€ level: 1 - HandId: #4711466565504073729-4-1776415361 - Holdem no limit (10/20) - 2026/04/17 08:42:41 UTC
Table: 'Expresso Nitro(1096973793)#0' 3-max (real money) Seat #1 is the button
Seat 1: Cest PasFaux (300)
Seat 2: gojoASgojo (300)
Seat 3: MathisKcr (300)
*** ANTE/BLINDS ***
gojoASgojo posts small blind 10
MathisKcr posts big blind 20
Dealt to MathisKcr [Ad Kd]
*** PRE-FLOP *** 
Cest PasFaux calls 20
gojoASgojo folds
MathisKcr raises 280 to 300 and is all-in
Cest PasFaux folds
MathisKcr collected 330 from pot
*** SUMMARY ***
Total pot 330 | No rake
Seat 3: MathisKcr (big blind) won 330


Winamax Poker - Tournament "Expresso Nitro" buyIn: 0.93€ + 0.07€ level: 1 - HandId: #4711466565504073729-5-1776415372 - Holdem no limit (10/20) - 2026/04/17 08:42:52 UTC
Table: 'Expresso Nitro(1096973793)#0' 3-max (real money) Seat #2 is the button
Seat 1: Cest PasFaux (280)
Seat 2: gojoASgojo (290)
Seat 3: MathisKcr (330)
*** ANTE/BLINDS ***
MathisKcr posts small blind 10
Cest PasFaux posts big blind 20
Dealt to MathisKcr [3d 6d]
*** PRE-FLOP *** 
gojoASgojo folds
MathisKcr folds
Cest PasFaux collected 30 from pot
*** SUMMARY ***
Total pot 30 | No rake
Seat 1: Cest PasFaux (big blind) won 30


Winamax Poker - Tournament "Expresso Nitro" buyIn: 0.93€ + 0.07€ level: 1 - HandId: #4711466565504073729-6-1776415379 - Holdem no limit (10/20) - 2026/04/17 08:42:59 UTC
Table: 'Expresso Nitro(1096973793)#0' 3-max (real money) Seat #3 is the button
Seat 1: Cest PasFaux (290)
Seat 2: gojoASgojo (290)
Seat 3: MathisKcr (320)
*** ANTE/BLINDS ***
Cest PasFaux posts small blind 10
gojoASgojo posts big blind 20
Dealt to MathisKcr [4s Tc]
*** PRE-FLOP *** 
MathisKcr folds
Cest PasFaux folds
gojoASgojo collected 30 from pot
*** SUMMARY ***
Total pot 30 | No rake
Seat 2: gojoASgojo (big blind) won 30


Winamax Poker - Tournament "Expresso Nitro" buyIn: 0.93€ + 0.07€ level: 1 - HandId: #4711466565504073729-7-1776415385 - Holdem no limit (10/20) - 2026/04/17 08:43:05 UTC
Table: 'Expresso Nitro(1096973793)#0' 3-max (real money) Seat #1 is the button
Seat 1: Cest PasFaux (280)
Seat 2: gojoASgojo (300)
Seat 3: MathisKcr (320)
*** ANTE/BLINDS ***
gojoASgojo posts small blind 10
MathisKcr posts big blind 20
Dealt to MathisKcr [Ts 4s]
*** PRE-FLOP *** 
Cest PasFaux folds
gojoASgojo calls 10
MathisKcr checks
*** FLOP *** [3h 8s 9c]
gojoASgojo checks
MathisKcr bets 32
gojoASgojo folds
MathisKcr collected 72 from pot
*** SUMMARY ***
Total pot 72 | No rake
Board: [3h 8s 9c]
Seat 3: MathisKcr (big blind) won 72


Winamax Poker - Tournament "Expresso Nitro" buyIn: 0.93€ + 0.07€ level: 2 - HandId: #4711466565504073729-8-1776415401 - Holdem no limit (15/30) - 2026/04/17 08:43:21 UTC
Table: 'Expresso Nitro(1096973793)#0' 3-max (real money) Seat #2 is the button
Seat 1: Cest PasFaux (280)
Seat 2: gojoASgojo (280)
Seat 3: MathisKcr (340)
*** ANTE/BLINDS ***
MathisKcr posts small blind 15
Cest PasFaux posts big blind 30
Dealt to MathisKcr [3d Qd]
*** PRE-FLOP *** 
gojoASgojo calls 30
MathisKcr folds
Cest PasFaux checks
*** FLOP *** [8h 4h 7h]
Cest PasFaux checks
gojoASgojo checks
*** TURN *** [8h 4h 7h][6d]
Cest PasFaux checks
gojoASgojo checks
*** RIVER *** [8h 4h 7h 6d][Qc]
Cest PasFaux bets 30
gojoASgojo folds
Cest PasFaux collected 105 from pot
*** SUMMARY ***
Total pot 105 | No rake
Board: [8h 4h 7h 6d Qc]
Seat 1: Cest PasFaux (big blind) won 105


Winamax Poker - Tournament "Expresso Nitro" buyIn: 0.93€ + 0.07€ level: 2 - HandId: #4711466565504073729-9-1776415420 - Holdem no limit (15/30) - 2026/04/17 08:43:40 UTC
Table: 'Expresso Nitro(1096973793)#0' 3-max (real money) Seat #3 is the button
Seat 1: Cest PasFaux (325)
Seat 2: gojoASgojo (250)
Seat 3: MathisKcr (325)
*** ANTE/BLINDS ***
Cest PasFaux posts small blind 15
gojoASgojo posts big blind 30
Dealt to MathisKcr [7d 3c]
*** PRE-FLOP *** 
MathisKcr folds
Cest PasFaux folds
gojoASgojo collected 45 from pot
*** SUMMARY ***
Total pot 45 | No rake
Seat 2: gojoASgojo (big blind) won 45


Winamax Poker - Tournament "Expresso Nitro" buyIn: 0.93€ + 0.07€ level: 2 - HandId: #4711466565504073729-10-1776415426 - Holdem no limit (15/30) - 2026/04/17 08:43:46 UTC
Table: 'Expresso Nitro(1096973793)#0' 3-max (real money) Seat #1 is the button
Seat 1: Cest PasFaux (310)
Seat 2: gojoASgojo (265)
Seat 3: MathisKcr (325)
*** ANTE/BLINDS ***
gojoASgojo posts small blind 15
MathisKcr posts big blind 30
Dealt to MathisKcr [6s Th]
*** PRE-FLOP *** 
Cest PasFaux folds
gojoASgojo calls 15
MathisKcr checks
*** FLOP *** [Ts 2d 4c]
gojoASgojo bets 30
MathisKcr calls 30
*** TURN *** [Ts 2d 4c][5d]
gojoASgojo bets 30
MathisKcr calls 30
*** RIVER *** [Ts 2d 4c 5d][Qs]
gojoASgojo bets 30
MathisKcr calls 30
*** SHOW DOWN ***
gojoASgojo shows [3c Jc] (High card : Queen)
MathisKcr shows [6s Th] (One pair : Tens)
MathisKcr collected 240 from pot
*** SUMMARY ***
Total pot 240 | No rake
Board: [Ts 2d 4c 5d Qs]
Seat 2: gojoASgojo (small blind) showed [3c Jc] and lost with High card : Queen
Seat 3: MathisKcr (big blind) showed [6s Th] and won 240 with One pair : Tens


Winamax Poker - Tournament "Expresso Nitro" buyIn: 0.93€ + 0.07€ level: 2 - HandId: #4711466565504073729-11-1776415445 - Holdem no limit (15/30) - 2026/04/17 08:44:05 UTC
Table: 'Expresso Nitro(1096973793)#0' 3-max (real money) Seat #2 is the button
Seat 1: Cest PasFaux (310)
Seat 2: gojoASgojo (145)
Seat 3: MathisKcr (445)
*** ANTE/BLINDS ***
MathisKcr posts small blind 15
Cest PasFaux posts big blind 30
Dealt to MathisKcr [Jd 6c]
*** PRE-FLOP *** 
gojoASgojo raises 115 to 145 and is all-in
MathisKcr folds
Cest PasFaux folds
gojoASgojo collected 190 from pot
*** SUMMARY ***
Total pot 190 | No rake
Seat 2: gojoASgojo (button) won 190


Winamax Poker - Tournament "Expresso Nitro" buyIn: 0.93€ + 0.07€ level: 2 - HandId: #4711466565504073729-12-1776415453 - Holdem no limit (15/30) - 2026/04/17 08:44:13 UTC
Table: 'Expresso Nitro(1096973793)#0' 3-max (real money) Seat #3 is the button
Seat 1: Cest PasFaux (280)
Seat 2: gojoASgojo (190)
Seat 3: MathisKcr (430)
*** ANTE/BLINDS ***
Cest PasFaux posts small blind 15
gojoASgojo posts big blind 30
Dealt to MathisKcr [Th 6h]
*** PRE-FLOP *** 
MathisKcr folds
Cest PasFaux folds
gojoASgojo collected 45 from pot
*** SUMMARY ***
Total pot 45 | No rake
Seat 2: gojoASgojo (big blind) won 45


Winamax Poker - Tournament "Expresso Nitro" buyIn: 0.93€ + 0.07€ level: 3 - HandId: #4711466565504073729-13-1776415460 - Holdem no limit (20/40) - 2026/04/17 08:44:20 UTC
Table: 'Expresso Nitro(1096973793)#0' 3-max (real money) Seat #1 is the button
Seat 1: Cest PasFaux (265)
Seat 2: gojoASgojo (205)
Seat 3: MathisKcr (430)
*** ANTE/BLINDS ***
gojoASgojo posts small blind 20
MathisKcr posts big blind 40
Dealt to MathisKcr [4s Jc]
*** PRE-FLOP *** 
Cest PasFaux folds
gojoASgojo raises 165 to 205 and is all-in
MathisKcr folds
gojoASgojo collected 245 from pot
*** SUMMARY ***
Total pot 245 | No rake
Seat 2: gojoASgojo (small blind) won 245


Winamax Poker - Tournament "Expresso Nitro" buyIn: 0.93€ + 0.07€ level: 3 - HandId: #4711466565504073729-14-1776415468 - Holdem no limit (20/40) - 2026/04/17 08:44:28 UTC
Table: 'Expresso Nitro(1096973793)#0' 3-max (real money) Seat #2 is the button
Seat 1: Cest PasFaux (265)
Seat 2: gojoASgojo (245)
Seat 3: MathisKcr (390)
*** ANTE/BLINDS ***
MathisKcr posts small blind 20
Cest PasFaux posts big blind 40
Dealt to MathisKcr [Qh 2d]
*** PRE-FLOP *** 
gojoASgojo calls 40
MathisKcr folds
Cest PasFaux checks
*** FLOP *** [6h Kh Qc]
Cest PasFaux checks
gojoASgojo checks
*** TURN *** [6h Kh Qc][Js]
Cest PasFaux checks
gojoASgojo checks
*** RIVER *** [6h Kh Qc Js][5h]
Cest PasFaux checks
gojoASgojo bets 65
Cest PasFaux folds
gojoASgojo collected 165 from pot
*** SUMMARY ***
Total pot 165 | No rake
Board: [6h Kh Qc Js 5h]
Seat 2: gojoASgojo (button) won 165


Winamax Poker - Tournament "Expresso Nitro" buyIn: 0.93€ + 0.07€ level: 3 - HandId: #4711466565504073729-15-1776415488 - Holdem no limit (20/40) - 2026/04/17 08:44:48 UTC
Table: 'Expresso Nitro(1096973793)#0' 3-max (real money) Seat #3 is the button
Seat 1: Cest PasFaux (225)
Seat 2: gojoASgojo (305)
Seat 3: MathisKcr (370)
*** ANTE/BLINDS ***
Cest PasFaux posts small blind 20
gojoASgojo posts big blind 40
Dealt to MathisKcr [Js 5d]
*** PRE-FLOP *** 
MathisKcr folds
Cest PasFaux raises 185 to 225 and is all-in
gojoASgojo folds
Cest PasFaux collected 265 from pot
*** SUMMARY ***
Total pot 265 | No rake
Seat 1: Cest PasFaux (small blind) won 265


Winamax Poker - Tournament "Expresso Nitro" buyIn: 0.93€ + 0.07€ level: 3 - HandId: #4711466565504073729-16-1776415496 - Holdem no limit (20/40) - 2026/04/17 08:44:56 UTC
Table: 'Expresso Nitro(1096973793)#0' 3-max (real money) Seat #1 is the button
Seat 1: Cest PasFaux (265)
Seat 2: gojoASgojo (265)
Seat 3: MathisKcr (370)
*** ANTE/BLINDS ***
gojoASgojo posts small blind 20
MathisKcr posts big blind 40
Dealt to MathisKcr [9c 6d]
*** PRE-FLOP *** 
Cest PasFaux folds
gojoASgojo raises 225 to 265 and is all-in
MathisKcr folds
gojoASgojo collected 305 from pot
*** SUMMARY ***
Total pot 305 | No rake
Seat 2: gojoASgojo (small blind) won 305


Winamax Poker - Tournament "Expresso Nitro" buyIn: 0.93€ + 0.07€ level: 3 - HandId: #4711466565504073729-17-1776415507 - Holdem no limit (20/40) - 2026/04/17 08:45:07 UTC
Table: 'Expresso Nitro(1096973793)#0' 3-max (real money) Seat #2 is the button
Seat 1: Cest PasFaux (265)
Seat 2: gojoASgojo (305)
Seat 3: MathisKcr (330)
*** ANTE/BLINDS ***
MathisKcr posts small blind 20
Cest PasFaux posts big blind 40
Dealt to MathisKcr [Qc Ad]
*** PRE-FLOP *** 
gojoASgojo calls 40
MathisKcr raises 290 to 330 and is all-in
Cest PasFaux folds
gojoASgojo calls 265 and is all-in
*** FLOP *** [5s 2c As]
*** TURN *** [5s 2c As][5d]
*** RIVER *** [5s 2c As 5d][5h]
*** SHOW DOWN ***
gojoASgojo shows [9c 8s] (Trips of 5)
MathisKcr shows [Qc Ad] (Full of 5 and Aces)
MathisKcr collected 675 from pot
*** SUMMARY ***
Total pot 675 | No rake
Board: [5s 2c As 5d 5h]
Seat 2: gojoASgojo (button) showed [9c 8s] and lost with Trips of 5
Seat 3: MathisKcr (small blind) showed [Qc Ad] and won 675 with Full of 5 and Aces


Winamax Poker - Tournament "Expresso Nitro" buyIn: 0.93€ + 0.07€ level: 4 - HandId: #4711466565504073729-18-1776415523 - Holdem no limit (30/60) - 2026/04/17 08:45:23 UTC
Table: 'Expresso Nitro(1096973793)#0' 3-max (real money) Seat #1 is the button
Seat 1: Cest PasFaux (225)
Seat 3: MathisKcr (675)
*** ANTE/BLINDS ***
Cest PasFaux posts small blind 30
MathisKcr posts big blind 60
Dealt to MathisKcr [2c 3d]
*** PRE-FLOP *** 
Cest PasFaux folds
MathisKcr collected 90 from pot
*** SUMMARY ***
Total pot 90 | No rake
Seat 3: MathisKcr (big blind) won 90


Winamax Poker - Tournament "Expresso Nitro" buyIn: 0.93€ + 0.07€ level: 4 - HandId: #4711466565504073729-19-1776415527 - Holdem no limit (30/60) - 2026/04/17 08:45:27 UTC
Table: 'Expresso Nitro(1096973793)#0' 3-max (real money) Seat #3 is the button
Seat 1: Cest PasFaux (195)
Seat 3: MathisKcr (705)
*** ANTE/BLINDS ***
MathisKcr posts small blind 30
Cest PasFaux posts big blind 60
Dealt to MathisKcr [Ks 6s]
*** PRE-FLOP *** 
MathisKcr raises 645 to 705 and is all-in
Cest PasFaux calls 135 and is all-in
*** FLOP *** [8h 2d 4h]
*** TURN *** [8h 2d 4h][3h]
*** RIVER *** [8h 2d 4h 3h][5d]
*** SHOW DOWN ***
Cest PasFaux shows [Kc 7h] (High card : King)
MathisKcr shows [Ks 6s] (Straight 6 high)
MathisKcr collected 900 from pot
*** SUMMARY ***
Total pot 900 | No rake
Board: [8h 2d 4h 3h 5d]
Seat 1: Cest PasFaux (big blind) showed [Kc 7h] and lost with High card : King
Seat 3: MathisKcr (small blind) (button) showed [Ks 6s] and won 900 with Straight 6 high


